3226 5308
566 385 674 428 onlrlo
690 385 728 429 lV.
745 385 861 428 conans
875 385 1009 430 nunus.
1326 376 1388 440 607

117 545 124 556 “
157 539 239 602 liena
268 537 440 600 benedictos
468 535 501 596 in
525 533 663 605 aureolo,
692 553 788 597 emen.
833 534 909 608 Quin
930 553 1023 614 porro
1047 553 1082 596 ex
1103 535 1166 598 lieo
1188 537 1268 600 lleus
1291 550 1337 601 est
1358 549 1475 603 elnon.

155 637 210 700 liei
238 635 386 708 Verbum,
414 633 580 714 Sapienlia,
612 633 704 696 Filius
735 643 765 695 ει
786 635 885 696 Virtus
914 644 962 696 est
983 636 1136 709 Christus,
1152 639 1281 732 ‘ideireo
1310 659 1387 702 unus

155 736 235 800 Deus
258 735 289 798 in
311 733 419 796 divinis
442 734 604 813 Scripturis
626 734 830 796 annunciatur.
876 735 949 797 Cum
972 736 1052 798 enim
1074 737 1202 818 Verbum
1224 740 1313 801 unius
1334 739 1389 802 Dei

156 838 196 900 sil
218 837 308 910 lilius,
331 837 369 897 ed
390 836 471 898 illum
495 835 580 896 euius
604 845 650 896 est
672 837 809 910 refertur,
832 836 871 897 ita
895 844 928 897 ut
949 836 1008 897 duo
1032 838 1152 916 quidem
1174 840 1337 918 sianater
1358 849 1388 904 ει

156 937 261 1011 Filius,
285 938 383 1000 unitas
407 956 477 998 vero
500 935 662 999 divinitatis
684 935 833 998 individua
856 937 896 999 sit
917 937 1059 1018 nulloque
1081 939 1171 1000 modo
1194 941 1388 1021 separabilis3

158 1056 192 1098 ao
212 1038 339 1117 proinde
361 1038 518 1100 dicendum
541 1045 602 1112 est,
633 1056 724 1100 iurum
747 1057 815 1100 esse
837 1037 998 1100 divinitatis
1019 1040 1215 1119 principium,
1245 1061 1306 1103 non
1329 1043 1388 1104 duo

158 1138 320 1217 principia,
349 1139 427 1202 uude
454 1139 576 1218 proprie
605 1147 636 1201 et
664 1139 833 1202 monarchia
861 1147 917 1202 est.
960 1140 1004 1202 Ex
1032 1140 1099 1220 ipso
1122 1149 1217 1204 auum
1241 1144 1388 1224 principio

159 1237 290 1300 Verbum
311 1240 389 1302 filius
412 1243 518 1306 natura
540 1240 650 1315 existit,
672 1258 733 1301 non
756 1249 789 1302 ul
810 1241 886 1302 aliud
900 1239 1080 1322 principium
1094 1261 1151 1322 per
1165 1246 1298 1325 seipsum
1314 1247 1388 1308 sub·
1426 1301 1433 1313 .

161 1339 290 1414 sistens,
320 1360 417 1422 neque
445 1340 562 1404 aliunde
590 1361 678 1421 quam
708 1361 743 1404 ex
765 1343 831 1420 ipso
854 1361 913 1404 uno
935 1343 1080 1423 principio
1104 1353 1209 1418 natus,
1238 1366 1276 1408 ne
1299 1347 1388 1426 dper-

160 1441 254 1502 olriam
278 1451 307 1503 et
327 1443 525 1522 polyarchiam
548 1441 578 1504 id
602 1451 649 1504 est
668 1443 727 1504 duo
749 1443 795 1504 vel
817 1443 901 1521 plura
921 1442 1066 1524 principia
1088 1445 1244 1510 diversitas
1257 1448 1388 1523 inducat,

158 1545 213 1606 sed
235 1546 323 1608 unius
345 1544 483 1624 principii
504 1543 645 1623 proprius
667 1553 713 1606 εει
726 1543 831 1618 Filius,
853 1544 975 1624 propria
996 1545 1151 1626 sapientia,
1173 1550 1389 1629 propriumque

158 1645 287 1707 Verbum
310 1664 346 1707 ex
368 1663 405 1706 eo
429 1643 570 1706 existens.
615 1645 698 1719 lVam,
722 1653 754 1706 ul
776 1645 864 1706 docet
879 1645 1015 1720 loannes,
1038 1645 1069 1706 in
1085 1647 1144 1709 isto
1159 1651 1306 1731 principio
1323 1659 1390 1714 erat

157 1745 305 1818 Verbum,
338 1753 367 1806 et
395 1743 525 1806 Verbum
558 1754 622 1806 erat
654 1746 730 1824 apud
759 1746 862 1808 Deum.
907 1745 986 1807 lleus
1015 1747 1094 1810 enim
1122 1750 1302 1832 principium
1329 1761 1387 1814 est.

158 1845 243 1908 Unde
276 1845 345 1924 quia
380 1864 416 1906 ex
445 1845 502 1906 boo
529 1844 675 1924 principio
705 1854 768 1920 est,
801 1845 911 1910 ideireo
942 1835 1029 1910 eliam
1050 1848 1135 1912 Deus
1158 1862 1225 1914 erut
1250 1853 1386 1916 Verbum.

63 1965 65 1970 ·
157 1945 254 2006 Porro
278 1945 525 2025 quemadmodum
549 1965 640 2009 uuum
664 1955 710 2010 est
730 1947 910 2027 principium
933 1957 962 2010 et
983 1950 1110 2029 proinde
1133 1957 1209 2014 unbs
1232 1953 1323 2028 Deus,
1346 1955 1387 2016 ita

158 2065 234 2127 quae
255 2047 412 2116 verissime
435 2056 482 2110 est
502 2047 634 2112 essentia
656 2056 686 2110 et
706 2048 882 2122 substantia,
906 2067 964 2112 una
979 2059 1027 2112 εει
1040 2069 1116 2130 quae
1131 2052 1217 2116 dicit:
1240 2056 1303 2138 llpo
1319 2073 1388 2118 sum

157 2155 212 2232 qui
237 2168 319 2224 runs,
348 2167 410 2210 nou
438 2157 536 2211 autem
565 2149 657 2224 duae,
685 2168 723 2211 ne
754 2149 868 2212 scilieet
895 2150 954 2211 duo
983 2151 1043 2213 sint
1064 2153 1217 2234 principia.
1261 2157 1305 2220 Er
1327 2167 1473 2218 unae-131⁸·

157 2239 256 2317 autem
287 2251 334 2312 illa
364 2250 531 2315 substantia
555 2249 654 2314 existit
675 2254 781 2312 natura
803 2257 834 2312 et
855 2269 924 2312 rere
945 2251 1035 2328 filius,
1057 2253 1200 2331 Verbum,
1230 2257 1387 2337 sapientia,

157 2352 338 2434 propriaque
366 2351 431 2414 eius
459 2351 569 2426 virtus,
598 2369 655 2414 neo
683 2351 719 2412 ab
743 2369 777 2412 ea
800 2351 982 2431 separabilis.
1025 2353 1064 2416 Ut
1085 2374 1156 2418 vero
1179 2375 1240 2418 non
1262 2359 1319 2420 alia
1341 2367 1390 2420 est

157 2455 367 2517 esseutia0seu
390 2453 572 2527 substantia,
596 2471 634 2514 ne
656 2452 714 2524 duo
738 2453 800 2514 sint
820 2453 982 2534 principia,
1006 2455 1050 2518 sic
1071 2456 1216 2529 Verbum,
1247 2458 1328 2536 quod
1351 2477 1388 2520 ex

159 2571 216 2616 una
238 2554 349 2629 existit,
371 2553 445 2616 nibil
467 2555 578 2616 lluxum
600 2572 656 2616 nee
677 2573 734 2614 vox
756 2561 868 2616 tantum
891 2555 1063 2634 significans
1079 2566 1135 2630 est,
1159 2557 1214 2618 sed
1229 2559 1388 2621 essentiale

159 2650 288 2713 Verbum
317 2661 348 2712 et
376 2655 540 2720 essentialis
569 2663 617 2716 est
638 2655 799 2734 sapientia,
829 2674 903 2735 quae
925 2675 994 2718 rere
1017 2656 1110 2717 Filius
1133 2665 1189 2718 εει
1233 2657 1306 2720 Nam
1329 2659 1389 2720 nisi

160 2751 321 2814 essentiale
334 2752 462 2815 Verbum
484 2764 574 2828 esset,
597 2765 772 2834 sequeretur
793 2755 888 2818 Deum
910 2756 1000 2818 verba
1022 2774 1077 2817 sua
1098 2775 1152 2834 per
1172 2762 1271 2819 adrem
1287 2759 1390 2820 oliuu·

160 2853 250 2927 dere,
279 2851 448 2932 eorpirsque
475 2863 508 2915 ut
534 2856 672 2918 homines
700 2855 820 2919 babere.
866 2857 1016 2929 Quoniam
1038 2874 1110 2916 vero
1132 2857 1223 2928 bomo
1246 2877 1308 2920 non
1330 2866 1388 2932 est,

160 2972 216 3015 neo
249 2954 319 3016 item
353 2954 418 3016 eius
441 2953 568 3016 Verbum
601 2957 756 3035 quicquam
785 2955 940 3018 bominum
973 2955 1135 3018 infirmitati
1164 2958 1261 3020 simile
1288 2959 1388 3021 babel.

160 3055 199 3116 Ut
221 3054 299 3116 euim
321 3054 499 3134 principium
522 3074 580 3118 una
602 3065 649 3117 est
670 3057 812 3128 essentia,
836 3057 876 3116 ita
898 3073 990 3118 unum
1013 3065 1060 3117 est
1081 3059 1238 3120 essentiale
1262 3069 1291 3121 ει
1312 3059 1387 3124 sub-

159 3157 271 3218 sistens
301 3155 366 3218 eius
389 3155 519 3217 Verbum
549 3163 578 3217 et
598 3156 752 3235 sapientia.
797 3155 869 3216 Nam
892 3164 925 3216 ul
945 3175 980 3218 ex
1001 3155 1063 3218 lieo
1088 3155 1165 3220 Deus
1189 3169 1248 3235 εει,
1278 3181 1312 3222 ex
1336 3181 1386 3224 sa-

158 3255 260 3336 piente
291 3257 453 3337 sapientia,
487 3275 524 3318 ex
552 3256 686 3318 rationali
709 3264 807 3318 mente
829 3256 915 3318 Ratio
938 3275 992 3320 seu
1015 3256 1158 3333 Verbum,
1193 3269 1222 3323 et
1244 3281 1278 3324 ex
1298 3261 1387 3324 Patre

140 3357 267 3440 Vilius,
295 3359 335 3420 ita
363 3377 399 3419 ex
421 3358 586 3420 substantia
610 3357 811 3420 substantialis
834 3367 894 3431 est,
925 3377 960 3420 ex
983 3360 1114 3422 essentia
1136 3363 1317 3438 essentialis,
1353 3383 1388 3426 ao

158 3459 287 3539 denique
309 3478 379 3522 vere
402 3467 459 3533 εει,
481 3467 515 3521 ut
536 3459 587 3538 qui
610 3459 651 3520 sit
672 3457 708 3520 ab
731 3477 777 3532 eo,
801 3459 850 3538 qui
867 3467 928 3522 est.

243 3562 274 3623 2.
318 3559 457 3640 Alioquin
479 3559 537 3622 nisi
560 3559 728 3622 essentialis
752 3567 833 3621 esset
853 3559 997 3640 sapientia
1017 3561 1205 3644 Verbumque
1227 3565 1387 3627 essentiale

161 3669 191 3722 ει
211 3661 304 3747 Filius
327 3662 376 3740 qui
399 3681 470 3724 vere
493 3661 549 3736 sit,
577 3661 645 3726 sed.
655 3661 831 3740 simpliciter
852 3662 1016 3742 sapientia,
1039 3663 1166 3726 Verbum
1190 3673 1220 3726 et
1240 3665 1333 3728 Filius
1354 3667 1386 3727 in

160 3760 259 3836 Patre,
282 3781 354 3823 saue
376 3761 442 3840 ipse
462 3761 551 3824 Pater
573 3781 609 3822 ex
631 3761 777 3840 sapientia
800 3769 831 3822 et
845 3761 942 3824 Verbo
966 3774 1049 3844 esset
1063 3764 1259 3843 compositus.
1297 3766 1386 3838 Quod

161 3862 281 3941 quidem
302 3863 330 3924 sl
350 3880 454 3936 rerum
477 3871 533 3935 est,
558 3880 648 3942 supra
672 3863 757 3924 allata
780 3862 908 3924 absurda
930 3875 1095 3943 sequentur
1117 3866 1298 3940 necessario,
1321 3867 1387 3946 ipse

160 3971 258 4024 autern
282 3963 393 4024 suimet
419 3969 503 4041 pater
526 3970 556 4024 et
576 3965 654 4029 lilius
676 3965 794 4025 iuturus
817 3971 882 4037 est,
909 3963 975 4042 ipse
997 3964 1130 4044 seipsum
1153 3973 1200 4027 est
1221 3967 1387 4045 geniturus,

162 4073 229 4130 eta
252 4063 354 4142 seipso
376 4063 527 4142 gignetur,
551 4064 597 4126 rel
619 4073 699 4127 eerle
721 4083 835 4126 merum
859 4081 971 4126 nornen
994 4066 1051 4126 erit
1072 4064 1216 4140 Verbum,
1238 4067 1389 4148 Sapientia

162 4174 192 4225 et
211 4163 316 4237 Filius,
339 4162 387 4224 ille
409 4173 518 4238 auum,
542 4165 579 4225 de
602 4185 660 4245 quo
684 4165 758 4250 baec
779 4165 917 4226 dicuntur
939 4167 984 4227 rel
1006 4167 1106 4246 potius
1129 4167 1180 4268 qui
1202 4169 1389 4231 haecomnia

160 4273 223 4340 est,
252 4264 325 4328 nibil
348 4265 406 4326 erit
426 4265 605 4330 subsistens.
650 4267 683 4328 Si
704 4268 804 4346 itaque
827 4266 901 4328 nibil
923 4275 968 4329 est
990 4268 1176 4345 subsistens,
1204 4287 1277 4332 vana
1299 4269 1389 4348 igitur

191 4451 215 4502 d.
234 4453 274 4501 Sic
292 4453 391 4514 Seguer.
410 4451 633 4517 unsilalnpic.
668 4453 746 4503 ltalil
834 4453 850 4502 l.
875 4455 932 4516 lleg.
958 4455 1097 4518 etSegner.
1126 4446 1280 4510 ὑποστατὸς
1303 4455 1389 4506 ultima

158 4527 183 4568 ει
200 4519 256 4568 edili
276 4512 477 4585 dmleioplrerr.
799 4519 871 4582 gravi.

192 4599 215 4636 e.
230 4587 321 4649 anglic.
339 4578 421 4654 εἴπερ.
504 4605 507 4612 ·
