3236 5286
599 340 708 386 omno
723 342 745 386 r.
762 341 879 386 oottrso
892 341 1028 386 serenos.
1360 324 1420 390 185

188 513 291 560 ortttet
314 497 367 575 pei
386 491 616 574 dereliquerunt
637 501 674 564 te,
698 493 945 572 confundentem
969 496 1022 574 pai
1034 495 1252 564 'recessisses
1274 497 1309 556 ire
1331 503 1504 556 terrenos

188 595 384 670 rutilantem
408 597 549 675 puostioot
571 593 799 676 dereliquerunt
818 576 934 673 [ostem
956 597 1036 656 or'toe
1050 593 1228 668 Dostisutou
1252 593 1322 658 item
1336 593 1419 674 apud

188 697 304 760 ossum
326 695 553 775 scriptumest:
587 693 799 776 Dereliquistis
827 695 946 774 forstero
973 697 1157 774 rapinulam
1187 704 1418 758 consentaneum

189 798 275 862 relde
296 796 406 870 luerit,
425 795 516 858 tilam
537 802 567 858 el
588 796 763 876 sapientiam
784 813 847 856 nou
868 794 940 874 quid
963 793 1093 856 alienum
1114 794 1167 856 sed
1189 795 1341 873 proprium
1361 815 1416 858 na·

190 909 274 962 turae
295 897 387 960 sontis
409 915 494 972 esse,
522 915 619 976 neque
641 896 799 976 aliquando
821 913 883 958 non
906 893 1076 969 exstitisse,
1099 895 1152 956 sed
1176 911 1295 974 semper
1316 895 1418 965 luisse.

190 1001 278 1082 Atqui
298 998 492 1062 haecomnia
513 997 580 1078 ipse
602 1005 649 1060 est
668 997 773 1070 Filius,
796 996 848 1076 qui
868 995 954 1058 dieit:
975 995 1037 1076 Bpo
1060 1015 1128 1058 raas
1148 999 1276 1068 oito‚‘et
1289 995 1353 1077 llpo
1367 1017 1419 1061 so-

187 1105 305 1184 pientio
327 1101 427 1164 lolito
449 1103 483 1162 is
505 1097 643 1162 oonsilio.
686 1097 732 1160 An
760 1115 821 1159 nou
849 1096 939 1177 igitur
965 1096 1077 1176 impius
1102 1095 1340 1186 habendus‘ille
1362 1105 1418 1172 est,

191 1203 242 1285 qui
263 1203 320 1264 ait:
347 1201 417 1264 Fuit
443 1199 601 1280 aliquando
630 1217 695 1260 oum
718 1215 780 1260 non
803 1206 885 1260 esset
905 1196 1020 1261 Filius?
1063 1197 1195 1276 Namque
1216 1197 1296 1260 idem
1318 1207 1367 1261 est
1386 1217 1420 1262 ao

192 1305 218 1366 si
239 1303 402 1366 diceretur:
424 1301 492 1363 Fuit
513 1299 681 1380 aliquando,
704 1317 772 1362 oum
793 1299 861 1362 loos
883 1306 966 1361 esset
986 1298 1087 1361 aridus
1109 1300 1223 1379 absque
1242 1299 1300 1362 rita
1322 1308 1352 1361 et
1367 1318 1419 1360 ss·

190 1404 312 1486 pientia.
354 1403 443 1482 Atqui
464 1401 492 1464 si
513 1383 685 1464 huiusmodi
708 1407 805 1476 esset,
832 1401 901 1462 lons
929 1407 1010 1462 certe
1037 1417 1098 1460 non
1120 1408 1214 1490 essen
1242 1419 1310 1464 nam
1337 1401 1421 1480 quod

190 1524 252 1570 non
274 1523 309 1568 ex
331 1503 434 1584 seipso
456 1501 558 1582 gignit,
581 1503 649 1563 lons
671 1502 774 1581 utique
795 1519 857 1564 non
879 1510 934 1563 est.
977 1499 1015 1562 ot
1040 1519 1127 1579 quam
1153 1499 1234 1564 istud
1255 1501 1418 1564 absurdum

191 1605 252 1670 est!
295 1605 414 1668 Etenim
435 1604 515 1666 Deus
537 1621 603 1678 eos,
625 1602 675 1682 qui
697 1620 770 1664 suae
791 1601 886 1682 ipsius
908 1601 1050 1664 voluntati
1071 1611 1188 1682 parent,
1208 1602 1355 1681 promittit
1368 1602 1416 1665 in·

191 1715 254 1770 star
275 1705 367 1768 fontis
389 1705 515 1778 tuturos,
538 1710 555 1766 a
576 1721 635 1782 quo
657 1720 808 1782 nunquam
830 1701 946 1768 deficies
966 1721 1051 1782 aqua.
1096 1701 1146 1762 sic
1167 1701 1245 1764 euim
1278 1704 1419 1783 ipseper

191 1805 300 1868 lssiam
325 1804 506 1883 Prophetam
531 1802 678 1882 loquitur:
710 1803 749 1866 llt
776 1803 936 1866 satiaberis
963 1803 1211 1886 quenadmodum
1239 1806 1419 1884 concupiscit

195 1909 298 1970 neimo
320 1916 383 1976 too,
406 1913 434 1966 et
458 1921 528 1966 osto
551 1914 604 1966 tuo
621 1907 749 1984 pinpoio
769 1904 855 1984 fient,
877 1913 908 1966 et
928 1917 1020 1968 erent
1042 1903 1124 1966 uelat
1146 1904 1256 1968 ltortsts
1272 1908 1419 1985 irripuos,

194 2015 225 2070 st
246 2018 390 2088 torpetem
409 2005 492 2085 soros,
516 2023 534 2068 ο
556 2023 613 2086 ptto
635 2024 712 2088 spuo
734 2024 798 2069 sors
813 2005 939 2085 defin'et.
982 2004 1027 2066 llli
1044 2013 1142 2068 autem
1156 2005 1261 2080 Deum,
1284 2005 1334 2086 qui
1349 2007 1419 2086 qui-

191 2107 261 2172 dem
283 2089 391 2169 dieitur
411 2114 441 2168 et
461 2115 509 2170 est
529 2107 597 2170 lons
619 2105 791 2186 sapientiae,
814 2105 949 2168 sterilem
970 2113 1057 2186 atque
1074 2105 1140 2168 eine
1153 2107 1274 2187 propria
1289 2107 1418 2188 Sapien-

188 2209 230 2272 tia
253 2208 409 2288 aliquando
429 2207 522 2270 lesisse
543 2207 765 2288 improbissime
788 2207 900 2270 audent
921 2207 1075 2268 affirmare.
1120 2207 1228 2270 lerum
1248 2209 1322 2272 lalsa
1335 2217 1417 2284 sunt,

189 2328 266 2390 qttae
287 2309 325 2372 ab
346 2309 403 2372 illis
424 2310 571 2372 dicuntur.
614 2311 652 2370 dt
672 2317 809 2370 testatur·
821 2308 953 2380 Veritas,
980 2307 1073 2372 Deum
1095 2310 1234 2390 propriae
1249 2310 1417 2390 Sapientiae

188 2419 342 2476 ueternum
363 2413 474 2474 iontem
497 2429 583 2485 essm
605 2428 640 2470 ae
661 2409 790 2488 proinde
811 2427 878 2470 cum
891 2405 1111 2488 lons'aetemns
1127 2410 1175 2484 sit,
1197 2429 1322 2474 neeesse
1337 2429 1504 2492 quo-rus,

186 2531 245 2592 que
267 2520 315 2576 est
336 2513 519 2593 Sapientiam
541 2517 692 2572 aeternam
714 2527 793 2570 esse.
835 2509 869 2572 ln
890 2511 955 2591 ipsa
969 2511 1118 2592 siquidem
1132 2511 1231 2574 omnia
1245 2512 1320 2574 laeta
1335 2517 1418 2582 sunt,

186 2621 221 2674 ut
241 2611 342 2692 psallit
362 2612 477 2674 Doride
497 2611 607 2672 Omnia
621 2613 654 2670 io
669 2608 823 2690 Sopieotio
841 2613 952 2692 feristi.
998 2609 1142 2674 Salomon
1163 2613 1235 2676 item
1258 2611 1313 2673 uit:
1336 2611 1419 2672 Deus

192 2711 351 2791 Sapientia
371 2712 514 2790 lundouit
539 2721 662 2784 terrosa,
682 2717 882 2792 proeporooit
904 2713 1004 2778 eoelos
1016 2715 1194 2793 prudentio.
1231 2711 1312 2772 Haeo
1326 2726 1420 2790 porro

195 2811 347 2891 Sapientia
360 2809 489 2872 Verbum
513 2817 569 2884 est,
591 2817 621 2870 et
637 2829 694 2890 per
716 2816 823 2892 ipsum,
846 2820 880 2873 ut
900 2813 941 2874 ait
955 2813 1094 2884 loannes,
1115 2797 1202 2891 [orto
1215 2822 1289 2875 sunt
1312 2813 1422 2880 omnio,

196 2921 226 2976 et
247 2914 313 2974 risse
335 2914 402 2990 ipso
422 2910 539 2989 foetum
560 2920 606 2973 est
627 2911 713 2973 stott.
755 2911 888 2992 Denique
909 2912 974 2993 ipse
997 2920 1044 2974 est
1065 2911 1214 2974 Christus.
1247 2910 1321 2972 Nam
1341 2929 1422 2972 οοιοοο

195 3009 279 3074 Deos
301 3010 404 3082 Poter,
427 3029 466 3074 en
486 3029 544 3094 peto
567 3015 676 3085 omnio,
699 3022 729 3077 et
749 3023 808 3074 uos
828 3017 861 3074 io
881 3012 986 3090 illum
1015 3025 1042 3074 et
1063 3031 1146 3078 euos
1167 3013 1315 3074 Dominus
1336 3011 1423 3074 letter

135 3181 142 3192 ,
197 3111 352 3184 coneus,
377 3130 436 3193 per
463 3131 548 3193 quem
576 3115 678 3175 omnio
710 3121 741 3175 et
769 3130 824 3175 nor
849 3130 908 3192 per
929 3117 1039 3192 ipsum.
1083 3111 1115 3172 Si
1134 3129 1225 3192 porro
1248 3111 1345 3175 omnia
1366 3131 1421 3194 por

97 3223 100 3240 ¹
192 3211 309 3292 ipsum,
332 3211 407 3292 ¹ipse
434 3215 569 3294 prolecto
598 3213 678 3274 inter
703 3202 805 3274 omnia
831 3211 1033 3276 numerandus
1061 3229 1122 3274 non
1149 3221 1204 3276 est
1255 3213 1311 3288 Qut
1338 3213 1418 3278 enim

191 3331 269 3386 eunt,
289 3332 350 3394 per
371 3333 456 3396 puess
478 3318 588 3386 omnio,
611 3332 703 3378 unum
726 3313 859 3376 omnium
881 3331 950 3375 esse
973 3313 1070 3377 dioere
1091 3297 1181 3378 ausus
1195 3315 1294 3390 luerit,
1316 3315 1366 3378 ille
1380 3315 1418 3378 de
1510 3372 1517 3384 .

190 3413 270 3488 Deo,
301 3431 340 3478 eto
368 3431 426 3496 otto
450 3419 565 3488 omnio,
596 3415 674 3476 idem
696 3414 784 3495 plane
805 3414 923 3478 sentiet.
968 3415 1055 3488 Quod
1081 3417 1108 3478 si
1137 3417 1203 3496 quis
1225 3416 1256 3477 id
1279 3423 1418 3496 unquam

103 3533 110 3540 ·
192 3515 317 3578 maxime
337 3515 627 3596 absurdumprootd
649 3515 771 3588 teiiciat,
793 3515 944 3598 Deumque
966 3515 1003 3578 alt
1025 3517 1164 3580 omnibus
1186 3525 1221 3579 ut
1241 3516 1331 3578 elium
1352 3517 1418 3580 dis-

192 3614 343 3689 criminer,
377 3635 563 3697 consequens
586 3635 659 3680 sane
681 3617 778 3691 luerit,
801 3626 834 3680 ut
855 3617 1023 3698 unigenitus
1045 3618 1149 3692 Filius,
1171 3617 1222 3696 qui
1243 3616 1340 3678 Patris
1362 3635 1418 3680 na·

194 3721 275 3780 turae
297 3725 345 3779 est
365 3717 521 3797 proprius,
554 3717 629 3780 alius
658 3736 777 3800 quoque
805 3719 842 3781 ab
870 3719 1009 3784 omnibus
1031 3739 1099 3782 esse
1121 3724 1288 3780 censeatur.
1331 3717 1419 3798 dtqsd

229 3935 410 3998 e‘stesfflsr.
421 3934 781 3998 Repellssil.ln3lie.l'elclm.
866 3938 884 3984 l.
908 3936 949 3986 Sie
974 3936 1073 3997 Segnsr.
1098 3933 1155 3998 Dea.
1174 3943 1198 3986 tt
1213 3935 1298 3988 Essiss
1316 3936 1358 3998 ts,
1379 3937 1418 3988 tt.

195 4001 219 4051 5.
244 4001 308 4053 Editi
326 4017 381 4054 sero
399 3993 565 4068 todsopids
584 3995 598 4048 d
617 3997 713 4066 λέγων.
731 4001 783 4051 llos
833 4001 906 4052 Desit.
923 4001 1045 4063 tngllesn.
1064 4001 1168 4053 Felelm.
1185 4003 1209 4054 5.
1227 3996 1418 4064 ποιοθοίσεταο.

196 4068 336 4148 Sollertem
354 4078 378 4120 et
395 4071 502 4122 Felolm.
519 4069 542 4120 t.
561 4061 577 4128 ἡ
602 4070 692 4136 σοφία
707 4081 784 4117 κοτε·
833 4069 896 4118 editt
913 4060 1125 4130 ποονθῆοοντοο.
1162 4071 1215 4122 llos
1233 4057 1360 4140 Semoni
1377 4065 1415 4139 poi

196 4147 324 4187 αεοοοσο.
833 4129 958 4192 illiserat.

198 4259 213 4282 υ
230 4205 253 4254 d.
272 4205 314 4256 Sie
331 4205 432 4269 Segner.
467 4205 495 4254 ln
513 4205 584 4256 editis
602 4211 626 4256 et
643 4205 696 4256 eliis
715 4204 784 4256 deest
867 4195 1185 4268 enseetnssttairers.
1204 4207 1295 4270 tuelle
1303 4197 1430 4272 nitendi..

197 4283 249 4321 ore.
287 4273 363 4323 Psnlo
386 4279 443 4337 post
465 4273 523 4335 lleg·
546 4279 571 4324 et
587 4273 692 4327 tetum.
710 4273 735 4326 5.
758 4265 784 4322 ti
867 4273 892 4323 lt.
909 4273 1009 4336 Segoer.
1028 4273 1117 4324 omittit
1134 4265 1149 4320 ὃ
1167 4265 1268 4339 nortio.

195 4332 227 4388 «ll
243 4332 366 4400 sotades.
401 4339 431 4388 Et
448 4353 502 4390 moa
520 4341 619 4403 Segoer.
639 4341 696 4404 liet.
708 4339 781 4392 Desii.
866 4341 884 4390 i.
907 4341 1007 4404 Sepuer.
1026 4341 1124 4394 Gobler.
1144 4347 1168 4391 et
1185 4340 1291 4394 Felotu.
1306 4341 1328 4393 t.
1346 4335 1419 4406 tort

195 4395 346 4461 ἔξέοοτοῦ.
381 4405 445 4458 Eiti
463 4415 487 4458 et
504 4407 544 4459 slii
561 4399 590 4464 li
607 4399 699 4460 αὐτοῦ.
738 4436 744 4452 ·
833 4417 922 4467 optut.
968 4408 1040 4459 Desii.
1067 4402 1210 4470 testreet
1254 4407 1328 4460 Panlo
1362 4414 1420 4474 post

229 4489 251 4524 e.
268 4475 370 4538 Sernes.
413 4507 419 4521 .
459 4475 524 4526 ldem
555 4477 784 4530 essentessent
823 4475 933 4554 'Sepusn
957 4473 1015 4552 tois:
1037 4465 1150 4522 uolnus
1174 4468 1223 4523 rio
1245 4468 1321 4526 osio.
1356 4473 1419 4524 Ddtti

197 4539 303 4594 Seleltm.
314 4543 336 4594 l.
353 4535 383 4600 ll
394 4539 492 4594 lamen.
630 4539 635 4550 '
831 4543 945 4592 narius
961 4541 1039 4590 deor.
