3150 5254
212 339 276 404 610
410 295 418 316 ι
613 349 640 394 ε.
654 347 809 394 numm
822 347 1047 394 ιεαειεειεοοει

127 501 328 580 mehor,
357 505 445 565 νοεῖν
473 495 525 564 δεῖ
551 494 597 583 μὴ
626 489 715 582 αύτῷ
736 490 783 574 ὥς
801 492 954 582 χρήζοντι
972 493 1169 572 ·δίδοσθαι,
1202 485 1287 560 ἀλλὰ
1308 493 1353 580 τῷ
1377 487 1445 560 ἀν-
1469 517 1480 530 ·

212 599 345 684 θράπῳ
372 594 429 662 διά
454 599 514 664 τοῦ
537 594 645 682 λόγου.
683 597 737 663 καί
758 593 820 682 γάρ
842 598 912 672 πᾶς
932 592 1124 680 πρεσβεύων
1145 589 1230 678 ῦπλρ
1252 590 1354 660 ἀλλον
1376 588 1444 660 αύ-

208 697 268 776 τδς
303 695 362 783 τὴν
392 695 488 784 χάριν
522 697 697 786 λαμβάνει,
735 691 774 764 ού
805 695 947 782 χρήζων,
982 689 1067 763 ἀλλὰ
1099 694 1157 762 διὰ
1188 693 1247 762 τὸν
1278 689 1364 780 ῦπὲρ
1397 683 1443 760 οῦ

210 795 398 886 πρεσβεύει.

297 904 327 964 ῖ.
364 885 488 984 Ὧςπιρ
510 897 571 985 γὰρ
593 897 674 977 1’τδις
695 893 875 976 ἀσθενείας
895 891 989 984 ἡμῶν
1003 893 1165 980 λαμβάνω
1173 898 1194 976 ¹)
1209 887 1268 962 οῦκ
1281 887 1442 962 ἀσθενῶν

210 1001 266 1066 καλ
287 1000 390 1086 πεινᾷ
411 993 450 1064 ού
472 1001 606 1078 πεινῶν,
630 993 715 1064 ἀλλὰ
736 995 779 1064 τά
800 992 893 1084 ἡμῶν
910 992 1104 1080 ἀναπέμπει
1118 993 1166 1074 είς
1179 993 1220 1060 τό
1234 994 1443 1082 ἐξαλειφθῆ-

211 1125 281 1182 ναι,
316 1095 423 1178 οότως
448 1097 509 1178 τὰς
536 1091 608 1164 ἀντλ
637 1099 704 1164 τιῦν
725 1090 930 1166 ’ἀσθενειῶν
957 1094 1052 1183 παρὰ
1077 1098 1162 1163 θεοῦ
1184 1093 1311 1192 δωρεὰς
1332 1093 1444 1162 πάλιν

211 1193 313 1280 αότὸς
351 1200 494 1282 δέχεται,
537 1197 594 1264 λ’να
626 1199 814 1286 συναφθεὶς
847 1195 1032 1284 ἀνθρωπος
1064 1196 1262 1282 μεταλαβεῖν
1296 1196 1441 1284 δυνηθῇ.

212 1301 302 1386 λέγει
320 1301 399 1386 γοῦν
422 1293 441 1364 ό
462 1297 589 1384 κύρως·
612 1296 724 1364 πάντα
747 1294 812 1370 ὅσα
833 1295 980 1376 δίδωκάς
999 1320 1060 1382 μοι
1082 1297 1209 1364 δέδωκα
1229 1289 1361 1376 αύτοῖς,
1385 1299 1443 1364 καὶ

212 1399 332 1468 πόλιν·
364 1393 449 1484 ῦπὲρ
481 1391 590 1464 αύτιῦν
618 1396 730 1486 ἐρωτῶ
738 1401 770 1480 ¹).
818 1395 930 1486 ἠρώτα
950 1397 1013 1486 γὰρ
1036 1394 1121 1484 ύπδρ
1142 1391 1250 1486 ἡμῶν,
1279 1395 1323 1464 τά
1343 1391 1443 1483 ἡμῶν

212 1493 464 1581 ἀναδεχόμενος,
492 1500 548 1564 καί
577 1497 688 1566 ἐδίδου
711 1498 735 1567 ἀ
756 1497 947 1586 ἐλάμβανεν.
985 1494 1102 1585 ἐπειδὴ
1125 1487 1184 1564 οῦν
1206 1502 1444 1584 συναφθέντος

210 1599 270 1665 τοῦ
304 1595 403 1681 λόγου
435 1599 483 1683 τῷ
512 1592 685 1686 ἀνθρώπῳ
718 1599 766 1680 είς
791 1599 850 1668 τὸν
878 1598 974 1686 λόγον
1004 1593 1208 1684 ἀποβλέπων
1230 1593 1442 1682 λχαρίζετοό

211 1695 322 1786 πατὴρ
342 1699 390 1786 τῷ
413 1693 586 1785 ἀνθρώπῳ
608 1698 647 1766 τὸ
670 1695 869 1788 ὑψωθῆναι,
899 1697 938 1768 τὸ
962 1699 1045 1784 ἔχειν
1067 1701 1182 1766 πᾶσαν
1204 1697 1358 1778 ἐξουσίαν
1382 1701 1438 1766 καλ

212 1794 278 1868 όσα
298 1802 447 1880 τοιαῦτα,
470 1797 529 1867 διὰ
548 1803 647 1868 τοῦτο
670 1795 759 1887 αύτῷ
781 1803 828 1888 τῷ
851 1800 938 1888 λόγῳ
959 1800 1072 1870 πάντα
1087 1794 1296 1886 ἀναφέρεται,
1319 1801 1377 1864 καὶ
1394 1795 1442 1878 ὥς
1546 1801 1547 1806 ’

212 1895 303 1988 αύτῷ
332 1897 491 1986 διδόμενά
518 1900 609 1968 ἐστιν
638 1899 660 1968 ἀ
687 1897 729 1968 δι’
754 1897 855 1968 αύτοῦ
878 1897 974 1988 ἡμεῖς
995 1899 1220 1985 λαμβάνομεν·
1243 1894 1288 1977 ιύς
1307 1897 1371 1985 γὰρ
1398 1895 1440 1968 δι’

210 1996 298 2087 ἡμᾶς
319 2001 576 2088 ίνηνθρώπησεν
598 1996 708 2082 αύτός,
732 1998 837 2082 οῦτως
858 1997 954 2090 ἡμεῖς
976 1995 1016 2069 δι’
1041 1997 1142 2070 αὐτὸν
1156 1997 1347 2085 όψούμεθα.
1383 1996 1443 2068 ού-

211 2102 268 2167 δδν
290 2092 348 2168 οῦν
369 2100 514 2183 ἀτοπον,
544 2101 574 2170 εί
595 2099 705 2189 ὥςπερ
723 2099 769 2169 δι’
793 2098 880 2190 ἡμᾶς
901 2101 1144 2170 Ιἐταπείνωσεν
1166 2098 1298 2180 ἑαυτόν,
1329 2096 1442 2180 οῦτως

209 2201 264 2267 καλ
293 2195 341 2266 δι’
364 2196 452 2288 ἡμᾶς
471 2203 603 2288 λέγεται
626 2199 887 2290 ῦπερυψῶσθαι.
932 2201 1106 2289 ἐχαρίσατο
1135 2191 1192 2269 οῦν
1221 2196 1340 2286 αὐτῷ’)
1363 2195 1443 2270 ἀντὶ

210 2302 271 2368 τοῦ
302 2295 383 2390 ἡμῖν
416 2297 465 2368 δι’
490 2297 605 2384 αύτόν,
628 2303 691 2371 ’καὶ
717 2301 939 2392 ὑπερύψωσεν
962 2298 1035 2370 ἀντί
1056 2306 1116 2370 τοῦ
1148 2299 1236 2388 ἡμᾶς
1268 2301 1302 2368 δν
1335 2295 1440 2388 αύτῷ.

112 2438 126 2454 ·
211 2399 268 2468 καὶ
288 2395 388 2481 αύτός
409 2403 446 2470 δὲ
468 2398 487 2469 ό
509 2401 609 2489 λόγος
626 2399 719 2490 ἡμῶν
741 2401 939 2492 ἀρνουμένων
961 2403 1015 2472 λαὶ
1038 2403 1272 2490 λαμβανόντων
1286 2401 1344 2470 καὶ
1355 2409 1442 2492 βοη-

210 2505 388 2586 θουμίνων
420 2499 466 2582 ιύς
497 2497 598 2583 αῦτὸς
629 2499 819 2590 ῦψούμενος
845 2507 899 2573 καὶ
927 2502 1104 2592 λαμβάνων
1131 2503 1188 2572 καὶ
1207 2501 1443 2591 βοηθούμενος

125 2595 400 2689 ν.αν.ειἰχαριστεῖ
421 2595 469 2692 τοῦ
491 2611 605 2692 πατρί,
627 2603 670 2671 τὰ
690 2601 832 2691 ἡμέτερα
855 2606 903 2685 εἰς
924 2604 1041 2674 ἑαυτὸν
1056 2599 1232 2693 ἀναφέρων
1246 2603 1303 2672 καὶ
1316 2605 1442 2690 λόγων·

210 2701 323 2772 πάντα
345 2699 409 2772 ὅσα
430 2704 576 2785 δέδωκάς
595 2729 656 2790 μοι
677 2706 803 2773 δέδωκα
825 2700 979 2784 αύτοῖςἾ.

295 2809 325 2872 8.
374 2805 418 2872 Οἱ
445 2809 523 2894 περί
545 2802 706 2893 Εύσέβων
733 2807 786 2872 ὀλ
804 2801 1057 2893 Ἀρειομανῖται
1077 2801 1178 2892 ἀρχὴν
1199 2809 1258 2873 τοῦ
1281 2799 1441 2895 εἶναιτῷ

35 2975 39 2982 ,
210 2903 272 2992 υἱῷ
294 2903 443 2987 διδόντες
464 2911 729 2994 προςποωῦνται
749 2906 794 2992 μὴ
816 2904 1003 2993 βούλεσθαι
1024 2901 1124 2994 ἀρχὴν
1146 2901 1247 2974 αὐτόν
1275 2907 1360 2990 ἔχειν
1374 2915 1443 2994 βα-

154 3073 162 3086 ,
211 3005 347 3088 τελείας.
385 3007 458 3076 ἔστι
486 3009 523 3076 δλ
549 3009 689 3094 γελοῖον.
734 3003 836 3095 δγάρ
859 3001 958 3096 ἀρχὴν
979 3009 1038 3073 τοῦ
1062 3001 1148 3075 εἶναι
1170 3006 1283 3086 διδούς
1303 3010 1352 3092 τῷ
1374 3008 1440 3095 οίῷ

210 3103 379 3194 πρόδηλον
402 3103 534 3176 δειναὶ
554 3113 613 3176 τοῦ
635 3109 824 3196 βασιλεύειν
845 3103 946 3198 ἀρχὴν
967 3108 1105 3178 δίδωσιν
1127 3101 1227 3195 αύτῷ,
1251 3103 1333 3200 ιύςτε
1356 3103 1442 3181 buo-

209 3203 383 3290 λογοῦντες
405 3205 424 3274 ῦ
445 3203 624 3294 ἀρνοῦνται
643 3210 884 3299 τυφλιύττουσι.
921 3208 977 3276 καὶ
998 3207 1102 3276 πάλιν
1123 3209 1157 3275 ολ
1171 3208 1320 3293 λέγοντες
1333 3207 1441 3290 μόνον

211 3299 318 3390 ὄνομα
338 3300 426 3373 εἶναι
445 3309 529 3389 υίοῦ,
554 3303 710 3377 ἀνούσιον
732 3311 769 3378 δὲ
789 3311 846 3379 καὶ
866 3305 1097 3379 ἀνυπόστατον
1113 3303 1199 3376 εἶναι
1212 3307 1271 3376 τὸν
1285 3307 1360 3376 υἱὸν
1374 3312 1437 3376 τοῦ

208 3405 304 3484 θεοῦ,
326 3411 479 3473 τουτέστι
498 3405 557 3472 τόν
579 3409 677 3493 λόγον
698 3413 757 3476 τοῦ
779 3410 915 3497 πατρός,
939 3411 1221 3498 ίπροςποωῦνται
1241 3403 1440 3495 ἀγανακτεῖν

208 3501 293 3571 κατὰ
318 3505 386 3571 τῶν
412 3505 592 3590 λεγόντων·
621 3497 662 3593 ἦν
683 3530 769 3574 ποτε
791 3504 848 3578 ότι
868 3504 927 3576 οῦκ
947 3500 997 3596 ἦν.
1034 3509 1107 3578 ἔστι
1128 3509 1165 3577 δὲ
1185 3507 1241 3576 καὶ
1262 3512 1361 3584 τοῦτο
1382 3531 1444 3594 γε·

208 3603 311 3672 λοῖον.
347 3605 381 3672 αἱ
400 3603 462 3690 γὰρ
485 3599 572 3684 ὅλως
592 3605 631 3672 τὸ
655 3601 741 3674 ελναι
762 3601 851 3696 αύτῷ
871 3608 917 3698 μὴ
940 3609 1089 3690 διδόντες
1110 3604 1333 3696 ἀγανακτοῦσι
1348 3608 1436 3676 κατὰ

207 3707 275 3772 τῶν
296 3699 356 3793 νῦν
375 3703 483 3794 χρόνῳ
505 3705 676 3774 διδόντων.
712 3709 767 3774 καί
790 3696 885 3776 οῦτοι
905 3699 963 3777 οῦν
985 3706 1071 3798 ὅπερ
1094 3705 1272 3797 ἀρνοῦνται
1293 3707 1352 3776 διὰ
1373 3711 1436 3777 τοῦ

208 3804 367 3893 δπιτριᾷν
399 3815 473 3888 τοῖς
508 3803 624 3888 ἀλλοις
653 3803 862 3896 ὁμολογοῦσι.
910 3811 1015 3879 πόλιν
1040 3837 1079 3880 τε
1105 3811 1139 3878 ol
1165 3809 1246 3897 περὶ
1272 3804 1436 3896 Βύσὲβων

209 3903 282 3973 υίύν
310 3902 549 3996 όμοίωγοῦντες
577 3903 755 3998 ἀρνοῦνται
782 3903 882 3980 αῦτόν
911 3906 998 3980 ελναι
1019 3911 1120 3999 φύσει
1139 3909 1254 3996 λόγον,
1287 3911 1342 3978 καί
1363 3903 1433 3978 κατ’

208 4001 361 4074 ἐπίνοιαν
387 4006 485 4095 λόγον
513 4010 674 4104 λίγραθαι
692 4011 753 4080 τὸν
777 4011 847 4080 υίὸν
867 4011 1062 4097 βούλονται,
1092 4012 1126 4080 οἱ
1148 4011 1186 4078 δὲ
1208 4011 1315 4098 ἕτεροι
1336 4009 1436 4096 λόγον

278 4255 303 4317 ι)
321 4257 402 4309 mua.
421 4259 445 4322 ε,
467 4259 505 4310 ιι.
538 4269 542 4282 ·
576 4261 602 4322 υ)
619 4225 686 4312 ινα.
707 4263 747 4323 ιτ,
765 4263 841 4317 ι-ν.
894 4265 920 4326 ε)
939 4264 1042 4330 εωιιρμ.
1059 4263 1085 4326 ν,
1103 4263 1128 4316 ν.
1180 4266 1206 4326 ιι
1225 4257 1294 4318 ιὸα.
1313 4265 1353 4327 ιι,
1370 4265 1398 4316 τ.
1411 4263 1438 4315 ε.

239 4403 260 4440 ι
278 4389 320 4442 Sic
336 4391 394 4470 ΙΙες.
412 4393 512 4456 θεςοιι.
540 4399 564 4444 εῖ
580 4393 654 4444 editio
674 4395 791 4446 Commel.
877 4414 900 4450 ε.
918 4397 958 4448 Sic
975 4397 1032 4461 δερ.
1050 4405 1075 4448 ει
1092 4397 1192 4460 θοροετ.
1226 4398 1255 4449 λι
1276 4397 1317 4449 ulii
1335 4405 1360 4448 ει
1376 4397 1436 4448 εδλα·

203 4455 233 4506 At
249 4457 290 4507 εΙίΙ
308 4452 449 4510 δεδόσθαι.
846 4455 980 4514 ἀσθενεῖν.

236 4525 263 4576 λι.
278 4526 370 4589 anglie.
388 4522 440 4587 τὴν
457 4518 610 4577 ἀσθένειαν.
879 4532 902 4581 δ.
921 4529 948 4580 ln
965 4531 1038 4594 λεςίο
1060 4538 1084 4582 εί
1095 4531 1242 4596 Saguntino
1261 4531 1349 4582 διεοοῖ
1364 4529 1438 4580 τιτλε
