3176 5304
683 379 855 424 ratmanno.
1349 366 1384 426 ll

129 531 436 594 ecclesiasticorum
459 531 627 594 latinorum
649 530 767 603 selecto,
787 547 844 609 qua
860 529 1037 608 auspicanda
1053 529 1252 602 Gersdorllus,
1276 529 1385 593 biblio·

130 634 261 694 thecae
284 632 365 694 acad.
388 631 471 712 Lips.
495 634 670 712 praefectus,
694 630 861 710 theologiae
882 631 1051 710 patristicae
1075 631 1226 693 studiosos
1251 632 1308 694 sibi
1331 632 1386 694 de-

128 735 267 808 vinxit,
298 751 356 794 uon
380 732 415 794 iis
437 733 572 796 terminis
594 731 814 812 circumscripta
838 741 898 802 est,
928 739 961 792 ut
981 729 1167 794 bibliothecis
1189 743 1304 812 patrum
1328 733 1384 795 do-

128 834 294 913 gmaticis
316 852 351 894 ac
371 833 525 913 polemicis
547 835 736 896 annumerari
757 832 866 914 possit.

246 934 430 996 Peculiarem
451 953 521 998 vero
541 934 618 996 iuter
640 935 760 996 easdem
782 934 878 995 locum
902 932 962 994 sihi
977 931 1113 1004 vindicat,
1137 949 1213 1012 quae
1228 933 1264 994 ab
1278 934 1385 996 Christ.

132 1037 274 1098 Frider.
291 1034 435 1096 lloeslero
452 1035 530 1096 edita
552 1044 582 1098 et
602 1036 661 1096 hoc
681 1043 853 1114 praenotata
873 1040 919 1095 est
937 1033 1037 1096 titulo:
1060 1033 1229 1096 Bibliotlelr
1245 1035 1298 1096 der
1313 1035 1386 1096 urr-

133 1135 349 1200 chen-l‘dter
377 1141 409 1200 in
435 1137 660 1217 Uehersetznnp
687 1137 752 1198 und
773 1139 935 1214 Aussdgen
964 1154 1020 1196 une
1053 1135 1142 1197 ihren
1173 1135 1386 1218 structurus

134 1239 325 1302 hescnders
354 1238 574 1318 dogmatischen
600 1237 757 1315 Schriften
784 1249 891 1298 sument
920 1237 984 1298 mni
1016 1234 1157 1315 Oripinnl
1185 1236 1240 1297 der
1266 1235 1388 1314 Haupt-

135 1339 270 1402 stellare
297 1339 364 1400 und
392 1340 532 1420 nothipen
559 1337 800 1417 Anmcrlrnnpen.
831 1337 951 1418 Lipsiae
982 1355 1009 1396 a.
1048 1337 1224 1400 lits-86.
1254 1337 1289 1398 lt.
1314 1336 1387 1399 l'cll.

139 1439 278 1501 Etenim
310 1439 411 1501 dillert
442 1459 476 1502 ea
508 1439 545 1502 ab
574 1437 712 1518 reliquis,
746 1457 819 1517 quas
848 1437 1011 1515 descripsi,
1045 1436 1183 1498 omnibus
1220 1455 1273 1510 eo,
1306 1438 1386 1518 quod

140 1541 272 1620 scripta
294 1551 411 1620 patrum
433 1557 606 1620 graecorum
635 1547 665 1600 et
692 1539 851 1601 labacrum
881 1556 941 1600 nou
968 1539 1081 1616 integra
1110 1537 1228 1600 exhibet
1260 1549 1387 1618 utroque

144 1660 313 1712 sermone,
336 1640 387 1702 sed
410 1639 607 1720 particulatim
631 1649 660 1702 et
682 1640 802 1718 carptim
826 1639 856 1700 in
878 1639 1073 1718 germanicam
1091 1638 1230 1700 uanslata
1245 1639 1385 1719 linguam.

146 1741 299 1806 Ceterum
333 1761 391 1820 quo
421 1742 545 1804 consiho
575 1741 642 1802 talis
671 1740 846 1802 bibliotheca
879 1738 915 1801 eh
953 1740 1098 1801 lloeslero
1134 1741 1300 1819 composita
1337 1741 1386 1813 sit,

149 1843 226 1922 ipse
248 1842 278 1903 in
301 1843 484 1921 praelatione
505 1842 602 1922 primo
624 1841 767 1904 volumini
787 1841 948 1922 praemissa
967 1841 1094 1903 lectores
1117 1840 1246 1900 edocuit.
1289 1841 1385 1902 Proli-

153 1951 242 2004 tetur
264 1941 306 2002 ibi
328 1961 362 2002 se
384 1942 530 2020 theologis
553 1941 776 2014 eruditioribus,
798 1959 925 2020 quorum
947 1941 1105 2020 plurimum
1127 1941 1247 2002 intersit
1276 1959 1386 2002 monu-

155 2051 263 2106 menta
285 2043 396 2104 veteris
420 2043 561 2106 ecclesiae
585 2052 739 2114 excutere,
774 2059 866 2121 opera
897 2059 951 2104 sua
979 2041 1124 2120 prodesse
1149 2042 1238 2104 velle:
1276 2041 1388 2122 quippe

160 2143 240 2206 inter
262 2161 339 2222 quos
361 2144 480 2206 noverit
500 2144 611 2206 multos
639 2143 725 2206 variis
754 2139 977 2204 dillicultatibus
1008 2141 1163 2220 impediri,
1195 2161 1252 2222 quo
1287 2141 1387 2204 minus

159 2244 294 2306 debitum
315 2245 362 2308 bis
384 2247 585 2308 monumentis
606 2245 738 2306 studium
761 2243 935 2324 impendant
956 2249 985 2304 et
1007 2239 1119 2304 tructus
1149 2260 1184 2304 ex
1212 2262 1247 2304 eo
1275 2262 1386 2324 prore-

142 2333 279 2408 'niantes
300 2347 472 2426 percipiant.
515 2346 681 2408 Nonnullos
705 2345 784 2407 enim
807 2343 906 2406 minus
928 2343 1043 2429 peritos
1072 2362 1141 2408 esse
1169 2352 1300 2406 veterum
1327 2345 1369 2408 lin

160 2464 286 2525 guarum
308 2449 440 2527 artisque
462 2449 580 2510 criticae
602 2457 633 2510 et
658 2447 756 2509 minus
779 2446 943 2508 instructos
959 2443 996 2506 ab
1012 2444 1149 2518 historia,
1172 2463 1259 2525 quam
1276 2453 1306 2508 ut
1322 2445 1389 2508 sine

161 2545 238 2611 duce
260 2547 290 2607 in
311 2547 437 2612 lectione
459 2563 575 2628 patrum
595 2548 759 2628 procedere
786 2548 922 2628 possint:
954 2547 1029 2609 alios
1055 2545 1155 2628 inopia
1176 2545 1320 2608 librorum
1342 2545 1387 2607 la-

160 2646 284 2720 borare,
304 2647 383 2726 quod
406 2648 553 2710 editiones
574 2655 691 2730 patrum
713 2647 852 2710 meliores
874 2658 998 2728 propter
1018 2649 1169 2710 raritatem
1200 2655 1229 2710 et
1250 2664 1389 2726 magnum

162 2747 294 2824 pretium
315 2765 478 2826 paucorum
501 2750 529 2810 in
552 2767 657 2809 manus
677 2750 813 2810 veniant:
837 2750 964 2828 denique
980 2767 1069 2827 quum
1092 2749 1203 2826 scripta
1226 2745 1391 2808 eorundem

169 2844 278 2924 partina
299 2847 361 2908 sint
379 2845 528 2906 intellectu
551 2846 723 2920 dilllciliora,
748 2849 857 2926 partim
879 2849 998 2909 maioris
1021 2846 1191 2918 voluminis,
1214 2846 1290 2906 alios
1313 2845 1391 2906 nuil-

169 2951 228 3014 ms,
252 2943 360 3024 quibus
382 2946 510 3004 tortasse
531 2961 590 3004 non
614 2945 690 3007 desit
710 2943 880 3017 assiduitas,
903 2948 995 3008 otium
1017 2965 1077 3008 non
1101 2945 1212 3006 hahere
1234 2945 1270 3004 ad
1293 2963 1326 3006 ea
1346 2945 1392 3006 le·

166 3045 262 3126 geuda
287 3053 317 3104 et
338 3044 375 3106 ad
398 3061 533 3124 campum
556 3043 730 3106 eruditionis
752 3045 931 3126 patristicae,
954 3046 1002 3126 qui
1019 3044 1168 3108 latissime
1180 3053 1286 3123 pateat,
1309 3063 1391 3106 eme·

166 3147 310 3208 tiendum.
355 3145 410 3206 llis
433 3145 524 3223 igitur
544 3144 686 3206 omuibus
708 3154 742 3206 ut
762 3145 964 3206 adiumentum
987 3155 1017 3206 et
1038 3143 1202 3206 subsidium
1230 3153 1330 3224 paret,
1362 3146 1391 3208 id

164 3246 195 3308 in
216 3247 397 3308 Bibliotheca
420 3255 537 3326 patrum
560 3246 674 3308 edenda
693 3245 885 3326 propositum
909 3244 965 3306 sibi
988 3265 1057 3308 esse
1077 3246 1118 3306 ait
1138 3245 1281 3326 simulque
1294 3246 1390 3326 sigui·

165 3347 247 3422 licat,
281 3366 335 3410 cur
364 3355 467 3428 patres
499 3349 667 3426 germanice
698 3348 858 3426 loquentes
884 3346 997 3408 lecerit
1040 3347 1073 3408 lu
1101 3346 1262 3426 deligendis
1291 3357 1390 3410 autem

165 3447 249 3510 libris
272 3456 301 3510 ct
322 3449 354 3508 in
375 3448 562 3528 excerpendo
585 3447 688 3510 sedulo
710 3467 745 3510 se
773 3465 895 3509 curasse
922 3449 1060 3520 affirmat,
1095 3455 1128 3511 ut
1153 3449 1227 3510 nihil
1254 3457 1390 3531 praeter·
1422 3429 1437 3442 .

165 3550 332 3612 mitteretur
353 3567 469 3622 eorum,
491 3568 567 3630 quae
588 3550 625 3610 ad
646 3548 802 3612 historiam
824 3547 975 3610 doctrinae
994 3549 1171 3612 christianae
1184 3549 1391 3612 illustrandam

165 3651 297 3714 valeant:
319 3651 400 3712 hunc
413 3650 450 3712 ad
467 3667 554 3712 usum
576 3651 664 3712 etiam
687 3649 776 3712 rerba
798 3667 901 3729 graeca
923 3657 954 3711 et
975 3649 1064 3712 latine
1085 3650 1221 3712 locorum
1243 3649 1273 3710 id
1297 3668 1391 3731 genus

166 3751 357 3815 classicorum
379 3752 416 3814 ad
438 3752 600 3832 marginem
623 3751 758 3833 apposita
779 3770 847 3812 esse
865 3759 896 3812 et
908 3751 1064 3830 plerasque
1080 3749 1305 3813 ohservationes
1320 3770 1391 3813 suas

167 3854 272 3916 eodem
294 3851 409 3915 relerri.
452 3850 554 3934 ltaque
575 3853 619 3916 vir
641 3853 691 3914 ille
712 3853 835 3926 doctus,
865 3869 954 3932 quern
977 3850 1101 3912 Semleri
1130 3849 1266 3931 exemplo
1288 3851 1319 3912 in
1342 3851 1390 3914 hi-

167 3953 260 4016 storia
282 3953 451 4034 dogmatum
474 3954 624 4017 tractanda
645 3952 823 4034 singularem
846 3951 1021 4014 iudustriam
1042 3951 1182 4031 posuisse
1204 3953 1333 4026 sumus,
1363 3951 1392 4013 id

167 4054 358 4135 potissimum
381 4054 498 4116 efficere
522 4054 650 4126 studuit,
684 4061 717 4114 ut
737 4053 870 4132 theologi
892 4069 1012 4125 omnes,
1046 4051 1094 4131 qui
1117 4070 1171 4133 per
1193 4051 1273 4114 illam
1294 4053 1391 4115 histo-

167 4156 242 4218 riam
266 4155 296 4217 in
318 4154 468 4235 theologia
490 4153 655 4234 dogmatica
676 4154 822 4234 prolicere
844 4164 996 4236 cuperent,
1019 4153 1077 4234 ipsi
1093 4173 1128 4214 ex
1143 4163 1260 4234 patrum
1274 4154 1393 4235 scriptis

166 4256 285 4318 minore
306 4257 451 4336 temporis
475 4255 631 4336 dispendio
654 4273 688 4315 ac
708 4254 838 4317 laciliorc
860 4273 950 4335 opera
966 4272 1146 4334 cognoscere
1161 4263 1296 4334 possent,
1319 4274 1393 4336 quae

166 4356 287 4438 publiea
308 4357 414 4420 veteris
437 4357 579 4420 ecclesiae
601 4355 755 4438 quibusvis
778 4356 963 4436 temporibus
985 4355 1059 4416 tides
1080 4356 1197 4430 luisset,
1220 4355 1292 4435 quid
1313 4357 1392 4418 cele-

167 4457 292 4522 berrimi
314 4459 379 4522 eius
401 4458 541 4522 doctores
563 4458 601 4521 de
628 4475 803 4538 unaquaque
831 4457 1008 4537 quaestione
1035 4455 1181 4536 imprimis
1212 4455 1321 4520 difficili
1344 4466 1395 4520 ent

169 4559 299 4624 obscura
314 4561 491 4637 sensissent,
514 4560 565 4640 qui
580 4577 699 4622 errores
713 4577 769 4640 per
783 4558 951 4620 haereticos
967 4557 1068 4620 dillusi
1085 4566 1184 4622 essent
1199 4566 1273 4622 etex
1286 4557 1394 4640 quibus
