3236 5286
246 365 309 427 176
375 357 384 370 '
643 379 670 424 ι.
686 380 839 424 numu
854 380 1079 444 ιετεηευιισνει

158 525 382 613 ν.ιιο.χρῦνους
409 531 624 613 σημαίνοντες
651 526 707 594 καὶ
728 521 864 613 ἀλογίαν
887 525 967 613 περὶ
987 526 1045 594 τδν
1067 527 1150 596 θεὸν
1173 527 1354 614 είςάγοντες
1374 529 1476 616 μεγά-

245 629 312 706 λως
334 623 520 713 ἀσεβοῦσιν.

313 737 380 794 ’15.
425 727 468 794 Εἰ
489 728 526 794 δὲ
547 731 601 794 καί
622 725 662 794 τὸ
685 725 791 812 ὄνομα
812 731 871 794 τοῦ
894 729 967 794 υίοῦ
989 727 1093 797 πάλιν
1115 730 1392 815 συνομολογοῦσι,
1416 729 1475 800 διὰ

244 827 349 913 τὸμὴ
371 828 557 913 βούλεσθαι
580 832 731 915 φανερῶς
753 827 847 914 παρὰ
868 829 1004 897 πάντων
1027 830 1351 916 καταγινώσκετθαι,
1374 828 1414 898 τὸ
1436 832 1473 898 δέ

243 925 331 998 εἶναι
351 933 469 996 τοῦτον
490 933 549 1018 τῆς
570 926 686 1008 οῦσίας
707 933 766 996 τοῦ
788 929 916 1017 πατρὸς
937 931 1026 998 ἰ’διον
1048 936 1190 1016 γέννημα
1211 927 1404 1018 ἀρνοῦνται,
1428 927 1475 1012 οῦς

237 1031 307 1118 νμὴ
335 1033 516 1115 δυναμένου
545 1030 664 1098 τούτου
692 1025 779 1098 εἶναι
808 1034 910 1117 χωρίς
935 1035 994 1118 τῆς
1016 1031 1050 1100 ἐκ
1071 1036 1181 1119 μυροῦν
1202 1032 1258 1102 καὶ
1280 1033 1474 1120 διαιρέσεων

243 1129 423 1212 ῦιτονοίας·
457 1127 552 1200 οῦδὲν
584 1121 682 1218 ἧττον
710 1131 814 1200 πάλιν
842 1127 1020 1220 ἀρνοῦνται
1046 1133 1093 1220 μὴ
1121 1129 1208 1204 ελναι
1228 1137 1288 1220 μὲν
1311 1132 1475 1224 ἀληθινὸν

244 1231 326 1315 υίδν,
350 1228 490 1318 ὀνόματι
510 1234 547 1302 δὲ
567 1232 670 1318 μόνον
692 1235 841 1319 λέγοντες
862 1235 943 1302 υἱόν.
975 1237 1050 1314 πῶς
1071 1237 1109 1304 δῦ
1130 1230 1169 1304 οῦ
1192 1234 1400 1325 σφάλλονται
1414 1261 1475 1322 με·

243 1333 352 1420 γάλως
373 1338 451 1422 περί
473 1338 533 1403 τοῦ
555 1331 734 1420 ἀσωμάτου
756 1335 799 1403 τὰ
820 1337 984 1422 σωμάτιον
999 1336 1251 1422 ἐνθυμούμενοι,
1273 1341 1328 1406 καλ
1343 1337 1401 1406 διὰ
1413 1337 1472 1425 τὴν

243 1431 423 1504 ἀσθένειαν
449 1439 508 1524 τῆς
537 1436 625 1516 ἰδίας
652 1435 785 1524 φῦσεως
806 1431 1002 1524 ἀρνούμενοι
1021 1439 1062 1505 τὸ
1083 1438 1205 1527 1’φύσει
1225 1438 1281 1506 καί
1302 1440 1390 1507 ἴδιον
1410 1441 1471 1506 τοῦ

244 1535 389 1624 mede,-
429 1534 500 1625 ιῦρα
526 1537 589 1625 γὰρ
616 1533 736 1618 σῦτοῦς
764 1536 809 1626 μὴ
838 1543 996 1619 νοοῦντας
1016 1538 1073 1607 καὶ
1093 1542 1169 1618 ττιῦς
1189 1539 1280 1608 ἐστιν
1303 1535 1322 1604 ὁ
1343 1533 1471 1625 θεὸςῆ

244 1638 400 1720 ιτοταπδς
421 1639 511 1708 ἔστιν
534 1635 552 1706 ὁ
574 1638 695 1728 πατήρ,
720 1635 900 1727 ἀρνεῖσθαι
920 1643 973 1710 καὶ
990 1637 1099 1722 αὐτόν,
1116 1639 1191 1710 ἐπεὶ
1204 1639 1261 1708 καὶ
1275 1638 1314 1707 τὸ
1328 1645 1471 1726 γέννημα

242 1744 302 1810 τοῦ
323 1739 452 1828 πατρὸς
472 1741 509 1822 ἐξ
529 1741 655 1810 ἑαυτῶν
676 1744 854 1829 μετροῦσιν
876 1743 908 1810 ol
931 1740 1083 1831 ἀφρονες.
1128 1736 1198 1811 ἀλλ’
1223 1737 1330 1821 οῦτιος
1351 1735 1471 1819 αῦτοῦς

243 1843 467 1928 διισταμένους
498 1843 554 1910 καὶ
584 1843 779 1927 νομίζοντας
805 1843 851 1930 μὴ
880 1843 1049 1912 δύνασθαι
1079 1839 1165 1912 εἶναι
1185 1843 1276 1910 ὐἱὸν
1303 1845 1363 1910 τοῦ
1385 1845 1470 1910 θεοῦ

244 1943 416 2030 οἰκτείρειν
436 1946 497 2029 μὲν
518 1943 628 2025 ἀξιον,
659 1945 785 2032 ἒρυντᾶν
807 1946 921 2014 δὲκαὶ
943 1947 1119 2032 διελέγχειν
1141 1940 1260 2024 αῦτυῦς
1283 1939 1471 2012 ἀκόλουθόν

158 2045 326 2126 molon,
349 2046 433 2129 τάχα
453 2040 513 2134 κᾷν
535 2042 640 2126 οῦτως
662 2046 710 2126 εἰς
731 2047 894 2134 αἴσθησιν
917 2048 1074 2116 ἔλθωσιν.
1119 2047 1149 2116 εί
1170 2041 1247 2115 καθ’
1264 2042 1350 2130 ῦμᾶς
1365 2044 1401 2126 ἐξ
1413 2041 1471 2112 οῦκ

244 2144 349 2214 ὄντων
371 2146 481 2216 ‘miv
504 2143 522 2214 ὁ
544 2147 616 2228 υἱὸς
636 2148 693 2216 καὶ
714 2145 773 2216 σῦκ
794 2138 833 2235 ἦν
856 2149 936 2234 πρὶν
957 2152 1117 2237 γεννηθῇ,
1141 2148 1277 2228 ντάντως
1298 2171 1367 2215 ττου
1387 2147 1470 2216 κατὰ

242 2255 423 2332 μετουσίαν
451 2249 508 2316 καὶ
530 2245 629 2328 αὐτὸς
650 2250 722 2330 υίὸς
742 2249 799 2318 καὶ
819 2249 902 2329 θεὸς
922 2250 979 2318 καὶ
1000 2257 1108 2338 σοφία
1129 2249 1270 2338 ἐκλήθη·
1300 2245 1387 2316 οῦτω
1407 2247 1469 2334 γὰρ

243 2348 362 2418 καὶτὰ
383 2349 468 2417 ἀλλα
489 2349 601 2418 πάντα
623 2357 797 2440 συνέστηκε
818 2351 931 2420 τεκαὶ
952 2348 1152 2438 ἀγιαζδμενα
1167 2349 1349 2432 δοξάζεται.
1381 2355 1470 2428 τίνος

242 2457 353 2540 Ιτοίνυν
375 2451 446 2519 ἐστὶ
466 2459 613 2536 μέτοχος,
638 2451 746 2521 εἰπεῖν
768 2447 853 2537 ῦμᾶς
875 2448 1005 2540 ἀνάγκη.
1035 2452 1078 2520 τὰ
1098 2454 1159 2536 μὲν
1180 2451 1242 2540 γὰρ
1258 2450 1344 2518 ἀλλα
1358 2449 1469 2518 ντάντα

137 2585 140 2599 ·
242 2555 301 2619 τοῦ
322 2551 511 2638 πνεύματος
531 2558 667 2639 μετέχει,
691 2548 791 2633 αῦτὸς
813 2555 850 2622 δὲ
871 2553 936 2641 ἀρα
957 2548 1033 2622 καθ’
1057 2550 1143 2639 ῦμάς
1163 2560 1254 2632 τίνος
1276 2547 1316 2620 ἀν
1338 2552 1388 2638 εἴη
1409 2558 1468 2636 μέ

241 2677 355 2738 τοχος,·
388 2658 446 2722 τοῦ
469 2655 675 2740 πνεῦματοςς
707 2654 763 2722 καὶ
795 2655 858 2741 μὴν
892 2650 973 2722 αὐτὸ
1002 2653 1041 2721 τὸ
1070 2659 1200 2740 νινεῦμα
1226 2654 1352 2739 μᾶλλον
1373 2651 1468 2740 παρὰ

241 2760 301 2823 τοῦ
322 2757 395 2824 υλοῦ
418 2756 592 2842 λαμβάνει,
627 2752 673 2835 οῦς
695 2751 795 2834 αὐτὸς
817 2757 925 2844 ε’ίρηνε
934 2761 972 2837 ¹),
1006 2756 1063 2824 καὶ
1091 2755 1211 2843 ἀλογδν
1240 2754 1331 2822 ἐστιν
1359 2753 1467 2822 ελνιείν

241 2861 359 2925 τοῦτον
381 2855 582 2943 ἀγιάζεσθαι
602 2854 681 2942 παρ’
699 2854 833 2926 ἐκείνου.
864 2851 981 2925 οῦκοῦν
994 2861 1055 2925 τοῦ
1069 2856 1198 2944 πατρὸς
1210 2862 1354 2942 μετέχει·
1369 2859 1468 2923 τοῦτο

240 2958 302 3045 γὰρ
325 2961 477 3028 λείπεται
497 2959 554 3026 καὶ
576 2955 696 3045 ἀνάγκη
719 2961 833 3045 λέγειν.
863 2958 920 3026 καὶ
940 2966 975 3026 τί
995 2963 1095 3026 τοῦτο
1117 2957 1183 3046 ἀρα
1196 2953 1218 3045 ἢ
1232 2958 1344 3026 πόθεν
1360 2957 1466 3038 λοτίνς

242 3061 352 3146 ελμλν
375 3052 433 3130 οῦν
455 3063 582 3143 ἔξωθέν
604 3059 694 3128 έστιν
717 3061 899 3148 έντινοηθδν
921 3061 1016 3148 παρὰ
1036 3063 1095 3128 τοῦ
1117 3059 1254 3146 πατρός,
1278 3053 1388 3126 οῦνέτι
1401 3057 1469 3126 στά-

242 3162 293 3227 λιν
314 3167 373 3228 τοῦ
397 3163 524 3248 πατρὸς
545 3167 705 3248 ’μετέχων
728 3156 768 3230 ἀν
791 3163 852 3248 εἴη,
875 3157 960 3230 ἀλλὰ
981 3164 1040 3228 τοῦ
1063 3163 1189 3242 ἔξωθεν
1204 3166 1390 3247 γενομένου,
1411 3159 1473 3228 ιιαλ

242 3253 351 3327 οῦκέτι
383 3258 483 3342 αὐτὸς
512 3259 590 3331 οῦδὲ
618 3263 769 3350 δεύτερος
797 3263 892 3331 ἔσται
917 3262 1017 3345 ’μετὰ
1037 3261 1095 3329 τὸν
1117 3267 1261 3348 πατέρα,
1296 3262 1377 3344 ἔχων
1399 3261 1467 3347 πρὸ

231 3359 361 3426 ,ἑαυτοῦ
383 3361 498 3442 ἐνεῐνο,
521 3361 679 3434 οὐδὲτοῦ
702 3363 830 3448 πατρὸς
850 3362 922 3440 υίὸς
944 3357 984 3430 ἀν
1006 3364 1154 3448 λεχθείη.
1176 3358 1247 3432 ἀλλ)
1271 3355 1403 3442 ἐκείνου,
1425 3350 1467 3428 οῦ

241 3459 298 3526 καὶ
318 3466 461 3544 μετέχων
482 3464 554 3542 υίὸς
574 3463 630 3530 καί
650 3461 735 3541 θεὸς
756 3462 887 3549 ἐκλήθη.
933 3463 963 3530 εί
984 3463 1021 3530 δὲ
1041 3467 1140 3532 τοῦτο
1163 3461 1291 3533 ἀτοπον
1310 3462 1367 3530 καὶ
1387 3459 1467 3531 ἀσε-

231 3567 312 3648 Ιδίς,
335 3562 487 3646 λέγοντος
507 3565 567 3648 μὲν
587 3567 648 3630 τοῦ
671 3562 816 3649 πατρός·
843 3553 940 3644 οὗτός
962 3565 1052 3632 ἐστιν
1073 3561 1094 3631 ῦ
1115 3565 1187 3645 υίός
1208 3590 1273 3651 μου
1295 3561 1313 3632 ὁ
1336 3559 1467 3653 ἀγαπη-

240 3660 342 3742 τδς’),
377 3664 530 3748 λέγοντος
557 3664 593 3730 δὲ
620 3662 677 3730 καὶ
703 3667 763 3730 τοῦ
792 3665 865 3732 υἱοῦ
893 3671 1024 3753 πατέρα
1045 3667 1134 3734 ἰ’διον
1156 3663 1243 3735 ελναι
1263 3665 1322 3734 τὸν
1343 3665 1466 3746 θεόν’),

230 3765 359 3852 .·δῆλον
395 3760 448 3832 ὅτι
481 3759 539 3832 οῦκ
572 3763 698 3846 ἔξωθεν
732 3760 801 3832 ἀλλ’
826 3764 861 3833 έν
887 3770 946 3855 τῆς
967 3763 1083 3848 οῦσίας
1103 3772 1163 3836 τοῦ
1184 3769 1313 3855 πατρός
1335 3768 1408 3836 δστι
1426 3767 1467 3832 τὸ

240 3865 465 3950 μετεχόμενσν.
509 3870 608 3934 τοῦτο
638 3867 675 3934 δὲ
696 3866 800 3936 πάλιν
822 3865 879 3934 ἐὰν
900 3869 1010 3954 ἕτερον
1031 3859 1053 3956 ᾗ
1075 3869 1169 3956 παρὰ
1188 3869 1247 3956 τὴν
1270 3865 1385 3937 οῦσίαν
1406 3870 1467 3955 τοῦ

241 3966 324 4048 υἱοῦ,
347 3967 385 4032 τὸ
409 3963 481 4035 ἶσον
504 3966 632 4036 ἀτονεον
656 3963 850 4056 ἀπαντήσει,
872 3975 977 4053 μέσου
998 3969 1102 4037 πάλιν
1117 3967 1349 4056 εὑρισκομένου
1371 3967 1468 4036 ΙΙτοῦ-

239 4091 299 4134 του
322 4067 356 4134 ἐκ
378 4070 436 4134 τοῦ
457 4069 586 4154 πατρὸς
606 4069 663 4136 καὶ
683 4074 741 4158 τῆς
765 4065 880 4150 οῦσίας
901 4074 959 4138 τοῦ
982 4071 1064 4152 υίοῦ,
1087 4067 1160 4160 ἥτις
1181 4077 1266 4138 ποτέ
1288 4071 1368 4138 ἐστι.

310 4257 418 4318 1)1σευ.
439 4256 479 4314 16,
502 4256 539 4305 14.
609 4256 635 4316 2)
653 4257 733 4308 nauh.
753 4258 778 4319 3,
798 4260 837 4309 17.
861 4260 899 4320 17,
918 4261 941 4310 ῦ.
1012 4259 1226 4320 3)Ιυεο.8,ῧλ.

275 4405 297 4438 ε.
322 4391 362 4439 Sic
387 4389 526 4451 Seguerian.
553 4390 609 4450 Res.
635 4389 772 4440 Goblerian.
805 4401 829 4442 τι
915 4409 936 4442 c.
954 4393 1096 4454 Βεςυενίεο.
1115 4387 1177 4442 σι’δν
1192 4393 1269 4443 θεοῦ.
1295 4393 1347 4442 λλον
1367 4393 1466 4443 Gobler.
1606 4405 1613 4436 ε

240 4457 346 4506 λείοισι.
360 4458 381 4506 1.
416 4459 445 4506 λι
461 4457 502 4506 aiii
521 4466 544 4506 ει
558 4457 615 4506 editi
630 4449 671 4535 μή
690 4457 810 4506 omittunt.
881 4469 905 4509 ει
923 4461 1026 4510 θἐΙυΙιον.
1042 4463 1062 4510 1.
1080 4455 1126 4510 ναὶ
1143 4454 1185 4510 δλί
1220 4474 1262 4509 ειν
1278 4452 1385 4512 αῦταῦε.

274 4523 297 4574 b.
315 4525 355 4574 Sic
373 4525 473 4588 Seguer.
508 4527 535 4573 λι
554 4525 609 4585 [λος.
630 4517 828 4590 ιδισνιιαλφῦ-
913 4529 938 4576 d.
957 4527 982 4575 Ιυ
1001 4529 1100 4589 sugam:
1118 4530 1192 4578 δεεει·
1218 4523 1285 4579 στίν.
1323 4526 1466 4578 θείείιυτθ.

238 4601 291 4640 σει.
328 4593 373 4643 Alii
392 4601 416 4642 ει
434 4591 490 4641 editi
510 4587 594 4656 φύσει
613 4583 705 4642 ἴδιοι·
758 4613 761 4622 ·
881 4602 905 4643 ει
922 4593 945 4642 5.
965 4585 1041 4656 ἐστὶν
1058 4587 1073 4643 ὁ
1091 4589 1164 4648 θεός.
