3236 5286
247 432 309 493 154
650 445 676 488 ε.
691 445 845 490 numen
860 447 1082 492 ιιισιιιιινιεοοιι

158 586 293 659 ν.ιοι.ὄι’
325 585 426 659 αὗτοῦ
457 591 688 681 όημιοοργήσῃ.
724 592 782 660 δύο
809 597 888 679 γοῦν
911 602 1033 682 σοφίας
1056 597 1157 683 φησίν
1180 591 1278 678 εἶναι,
1309 604 1389 682 μίαν
1410 601 1472 683 μὲν

245 693 303 781 τὴν
327 693 414 761 ἰδίαν
436 696 490 761 καί
513 694 787 782 σινοπάρχοοσαν
807 699 856 782 τῷ
879 700 967 784 θεῷ,
997 697 1056 764 τὸν
1079 700 1116 765 δέ
1139 697 1209 766 οίὸν
1232 699 1266 767 ἒν
1287 699 1405 787 ’ταύτῃ
1428 703 1469 787 τῇ

245 803 351 883 σοφίᾳ
371 799 571 882 γεγενῆσθαι
591 797 645 862 καὶ
666 795 786 884 ταύτης
807 804 985 881 μετέχοντα
1001 793 1203 884 ὠνομάσθαι
1221 800 1323 884 μόνον
1346 807 1469 888 σοφίαν

243 901 297 965 καὶ
322 896 427 984 λόγον.
465 892 485 986 ἡ
508 904 614 986 σοφία
634 897 705 984 γάρ,
731 905 822 986 φησί,
846 903 886 986 τῇ
910 907 1015 988 σοφίᾳ
1036 897 1163 987 ὑπῆρξε
1185 905 1292 990 σοφοῦ
1308 905 1391 969 θεοῦ
1407 909 1470 970 θε-
1530 967 1531 970 ,

244 1000 346 1084 λήσει.
385 996 472 1066 οὕτω
499 1003 554 1066 καί
583 999 680 1086 λόγον
709 1001 819 1086 ἕτερον
848 997 934 1068 εἶναι
961 1004 1048 1088 λέγει
1076 1003 1170 1090 παρὰ
1191 1005 1249 1070 τὸν
1270 1003 1343 1070 υίὸν
1366 1003 1400 1071 ἐν
1420 1008 1468 1091 τῷ

244 1107 325 1190 θεῷ,
349 1107 405 1168 καί
426 1099 544 1168 τούτου
565 1109 743 1186 μετέχοντα
764 1101 821 1169 τόν
844 1101 916 1170 υίὸν
940 1099 1141 1188 ὠνομάσθαι
1161 1104 1264 1172 πάλιν
1279 1105 1362 1173 κατὰ
1374 1107 1469 1192 χάριν

244 1205 341 1292 λόγον
362 1207 418 1271 καὶ
439 1203 511 1270 αίὸν
534 1199 643 1270 αὐτόν.
676 1204 747 1271 ἔστι
769 1204 806 1271 δὲ
827 1199 881 1271 καλ
897 1208 996 1272 τοῦτο
1011 1210 1070 1294 τῆς
1085 1206 1243 1294 αίρέσεως
1258 1202 1366 1274 αὐτῶν
1381 1209 1468 1275 ’ίόιον

244 1305 406 1396 φρόνίμια,
431 1305 631 1394 δηλούμενον
654 1304 687 1373 έν
710 1306 834 1393 ἑτέροις
856 1301 964 1372 αὐτῶν
987 1307 1245 1394 συγγράμμασιν,
1271 1305 1324 1375 ὅτι
1345 1311 1469 1376 πολλαὶ

244 1413 397 1500 δυνάμεις
420 1410 499 1477 εἰσί·
522 1410 575 1475 καὶ
598 1403 618 1493 ἡ
639 1409 700 1490 μὲν
721 1413 783 1491 μία
796 1411 855 1473 τοῦ
871 1411 955 1474 θεοῦ
971 1408 1062 1476 ἐστιν
1078 1409 1147 1475 edla
1167 1409 1267 1497 φύσει
1281 1407 1467 1491 καίάΐόιος,

245 1511 263 1583 ὃ
293 1517 328 1583 δέ
350 1511 498 1601 Χριστὸς
526 1509 630 1577 πάλιν
658 1503 716 1575 οάκ
738 1508 827 1576 ἔστιν
851 1505 994 1598 ἀληθινὴ
1017 1509 1155 1594 δύναμις
1176 1513 1235 1577 τοῦ
1256 1515 1357 1592 θεοῦ,
1381 1509 1466 1580 ἀλλὰ

243 1625 306 1704 μία
326 1621 392 1683 τῶν
414 1617 596 1699 λεγομένοιν
620 1609 788 1695 δυνάμεσίν
811 1610 883 1678 ἐστι
903 1615 956 1678 καί
972 1607 1079 1690 αὐτός,
1103 1602 1169 1678 Ι’ὥν
1183 1618 1245 1696 μία
1268 1615 1323 1678 καί
1338 1609 1357 1700 ἦ
1374 1607 1467 1698 ἀκρίς

18 1738 20 1746 ’
111 1719 163 1780 Ἀ
243 1722 298 1786 καί
331 1714 350 1804 ἦ
385 1716 498 1802 κάμπη
523 1709 561 1780 οὗ
585 1711 725 1796 δύναμις
744 1712 848 1796 μόνον
870 1707 956 1779 ἄλλά
975 1715 1029 1779 καὶ
1050 1711 1172 1801 μεγάλη
1182 1718 1202 1794 ¹)
1225 1713 1465 1802 προςαγορεάε-

244 1843 317 1888 ται·
349 1820 385 1886 αλ
413 1813 447 1885 δ’
473 1816 572 1884 άλλαι
598 1817 722 1881 πολλαὶ
750 1817 804 1882 καὶ
834 1812 949 1899 ὅμοιαί
977 1815 1042 1882 είσι
1062 1818 1109 1902 τῷ
1131 1816 1209 1901 οίῷ,
1243 1818 1321 1902 περὶ
1344 1806 1389 1883 ὧν
1411 1821 1466 1884 καὶ

245 1922 372 2009 ”Δαβλό
394 1919 517 2004 ψάλλει
539 1920 657 2002 λέγων·
679 1916 790 2002 κύριος
812 1920 878 1982 τῶν
902 1915 1112 2001 όονάμεωνἿ.
1146 1918 1200 1983 κ’σλ
1222 1920 1261 2004 τῇ
1284 1919 1343 2002 μὲν
1367 1917 1468 2004 φύσει

245 2022 355 2108 ὥςπερ
384 2019 507 2097 πάντες
529 2013 615 2084 οὕτω
637 2020 690 2084 καὶ
714 2012 813 2096 αὐτὸς
835 2013 853 2083 ό
875 2016 972 2102 λόγος
994 2016 1064 2084 ἒστί
1086 2015 1240 2104 τρεπτός,
1264 2021 1311 2102 τῷ
1334 2018 1370 2085 δὲ
1394 2018 1468 2106 ἰδίῳ

245 2119 453 2207 αὖτεξοασίιμ,
479 2121 540 2198 ἕως
560 2119 724 2204 βούλεται,
746 2124 838 2204 μένει
859 2117 967 2197 καλός,
992 2114 1048 2186 ὅτε
1061 2124 1120 2204 μέν
1135 2142 1190 2185 τοι
1203 2120 1308 2198 θέλει,
1332 2118 1469 2187 δύναται

243 2229 432 2312 τρέπεσθαι
459 2219 516 2287 καί
537 2215 636 2299 αὐτὸς
658 2217 767 2307 ὥςπερ
789 2221 843 2286 καλ
858 2215 967 2304 ἡμεῖς,
990 2223 1133 2304 τρεπτῆς
1155 2215 1201 2286 ὥν
1224 2221 1364 2307 φύσεως.
1409 2220 1466 2287 διὰ

243 2329 342 2393 τοῦτο
363 2321 439 2410 γάρ,
465 2329 562 2410 φησί,
586 2323 639 2388 καί
668 2321 904 2408 προγινώσκων
926 2316 945 2386 ό
967 2319 1050 2400 θεὸς
1072 2320 1214 2388 ἔσεσθαι
1234 2321 1334 2389 καλὸν
1356 2316 1465 2401 αὐτόν,

243 2425 422 2515 προλαβὼν
445 2421 533 2511 αὐτῷ
555 2417 675 2511 ταύτην
697 2423 755 2510 τὴν
777 2422 876 2504 δόξαν
898 2422 1066 2503 11,(λέόωκεν,
1088 2421 1128 2510 ἣν
1151 2421 1335 2509 άνθρωπος
1356 2426 1409 2490 καί
1433 2423 1468 2490 ἐκ

242 2533 301 2615 τῆς
323 2523 439 2615 ἀρετῆς
462 2527 535 2610 ἔσχε
555 2525 640 2609 μετὰ
660 2529 774 2606 ταῦτα,
799 2521 881 2604 ὥςτε
903 2525 939 2606 ἐξ
960 2525 1061 2611 ἐ’ργων
1084 2519 1194 2605 αὐτοῦ,
1219 2515 1264 2592 ὥν
1279 2520 1466 2612 προίγνωό

243 2629 334 2710 θεός,
358 2631 509 2696 τοιοῦτον
533 2622 632 2694 αὐτὸν
655 2631 712 2694 νῦν
734 2633 901 2713 γεγονέναι
920 2633 1110 2714 οπεποίηκε.

159 2744 235 2788 mo.
329 2737 358 2798 6.
403 2729 522 2796 Είπείν
546 2729 582 2794 δὲ
604 2728 706 2796 πάλιν
724 2728 915 2815 ἐτόλμησεν,
940 2724 995 2795 ότι
1009 2724 1086 2795 οὐδὲ
1099 2727 1182 2806 θεὸς
1197 2725 1358 2816 ἀληθινός
1377 2727 1466 2795 ἐστιν

245 2828 263 2899 ὃ
285 2831 397 2918 λόγος·
430 2830 458 2898 εί
481 2831 517 2896 δέ
538 2833 592 2895 καί
615 2831 744 2915 λέγεται
765 2830 861 2909 θεός,
893 2827 962 2896 ἀλλ’
988 2828 1046 2897 οὐκ
1068 2825 1230 2918 ἀληθινός
1252 2829 1357 2910 ἐστιν,
1381 2825 1466 2897 άλλὰ

243 2937 362 3021 μετοχῇ
383 2931 532 3016 χάριτος,
557 2927 667 3019 ὥςπερ
689 2931 744 2998 καί
767 2933 799 2998 οί
822 2931 918 2998 ἄλλοι
940 2930 1077 3011 πάντες,
1108 2929 1270 2998 οὕτωκαὶ
1293 2925 1392 3009 αὐτός
1413 2933 1468 2998 λέ-

242 3059 336 3122 γεται
358 3029 496 3118 ὀνόματι
516 3030 632 3116 ’μόνον
653 3032 744 3110 θεός.
790 3036 843 3098 καί
866 3031 1001 3099 πάντων
1024 3034 1124 3112 ξένων
1145 3034 1199 3099 καὶ
1222 3027 1388 3116 ἀνομοίων
1411 3029 1467 3099 ὅν-

242 3162 309 3202 των
337 3138 395 3200 τοῦ
422 3138 506 3201 θεοῦ
533 3128 601 3200 κατ’
627 3127 759 3213 οὐσίαν,
790 3130 877 3199 οῶτω
898 3135 951 3198 καὶ
977 3128 994 3197 ό
1018 3132 1114 3218 λόγος
1136 3129 1309 3217 ἀλλότριος
1328 3135 1390 3217 μὲν
1410 3137 1466 3200 καὶ

244 3231 402 3316 ἀνόμοιος
423 3233 506 3300 κατὰ
527 3234 639 3301 πάντα
659 3237 717 3320 τῆς
739 3238 817 3314 ῑτοῦ
840 3233 967 3320 πατρὸς
989 3229 1105 3313 οὐσίας
1126 3237 1180 3300 καί
1195 3223 1369 3320 ’ἰδιότητάς
1383 3233 1465 3328 ἐστι,

243 3337 309 3400 τῶν
333 3334 368 3400 δὲ
390 3338 531 3420 γενητῶν
553 3339 607 3402 καὶ
629 3334 816 3418 κτισμάτων
838 3335 925 3412 ’ίάιος
939 3337 993 3400 καί
1009 3329 1057 3412 εἷς
1072 3329 1180 3400 αὐτῶν
1195 3335 1352 3419 τυγχάνει.
1380 3334 1465 3418 μετὰ

243 3433 369 3503 τούτων
392 3435 428 3503 δὲ
451 3431 560 3519 ὥςπερ
582 3437 635 3500 καὶ
659 3433 813 3516 διάδοχος
834 3438 892 3518 τῆς
914 3441 1117 3520 προπετείας
1138 3439 1196 3500 τοῦ
1212 3435 1368 3521 διαβόλου
1390 3438 1466 3521 ιγε·

244 3536 394 3623 νόμενος,
420 3537 537 3623 έθηκεν
560 3535 593 3602 έν
615 3538 654 3622 τῇ
676 3535 824 3620 θαλείᾳ,ἱ
853 3530 897 3613 ὥς
919 3533 984 3622 άρα
1004 3539 1058 3602 καὶ
1080 3540 1127 3623 τῷ
1149 3536 1210 3622 υίῷ
1234 3533 1252 3601 ὁ
1274 3534 1384 3625 πατὴρ
1407 3532 1468 3603 άό-

243 3663 343 3727 ρατος
365 3635 514 3722 ὑπάρχει,
536 3638 592 3701 καὶ
615 3632 690 3702 οὔτε
712 3630 792 3722 ὁρᾶν
815 3633 890 3702 οὔτε
911 3636 1081 3721 γινώσκειν
1102 3638 1235 3714 τελείως
1255 3641 1309 3704 καὶ
1324 3633 1467 3723 ἀκριβῶς

244 3739 382 3805 δύναται
405 3734 422 3804 ὁ
445 3737 542 3823 λόγος
562 3733 620 3802 τὸν
643 3735 760 3801 ἑαυτοῦ
782 3741 927 3821 πατέρα,
952 3733 1113 3802 ἀλλὰκαὶ
1135 3734 1153 3800 ὃ
1174 3735 1327 3821 γινώσκει
1348 3740 1422 3804 Ι“καί
1446 3735 1467 3804 ὃ

243 3838 370 3922 βλέπει,
394 3826 562 3924 ἀναλόγως
589 3847 662 3915 τοῖς
685 3832 784 3914 ἰδίοις
804 3842 938 3922 μέτροις
960 3831 1030 3904 οίάε
1051 3838 1104 3903 καλ
1126 3837 1253 3922 βλέπει,
1277 3835 1388 3925 ὥςπερ
1409 3837 1468 3904 καὶ

315 4057 338 4117 ι)
357 4057 414 4108 ιοει.
433 4058 457 4120 2,
476 4059 517 4109 νο.
587 4061 612 4118 ιι
632 4063 693 4112 ναι.
713 4061 746 4112 ιι
765 4059 819 4128 [ιο.
837 4059 924 4125 ιιιι,
947 4063 984 4111 ιο.

278 4207 299 4242 ι.
319 4191 359 4240 sic
377 4192 477 4253 Segner.
491 4193 588 4242 Gobler.
603 4195 708 4243 Felckm.
720 4194 742 4243 1.
767 4195 828 4243 Ειλίιί
916 4209 936 4242 ι.
955 4195 1053 4244 ίὶολιΙιτ.
1072 4203 1096 4242 ιι
1114 4193 1216 4242 ιἰΙοΙιιιι.
1238 4193 1259 4241 1.
1278 4187 1370 4256 Δαβίιλ
1382 4188 1466 4258 λέγει,

243 4273 299 4310 vero
318 4267 341 4309 ει
359 4257 399 4307 alii
415 4249 492 4322 αάτῇ.
528 4259 587 4307 lbid.
602 4261 701 4322 Seguer.
719 4259 829 4323 γεγενῆ-
878 4253 954 4326 κάριε
971 4259 1028 4307 τῶν
1046 4253 1197 4325 σ’σνάμεων.

243 4325 321 4382 σθαι,
335 4319 434 4384 ταύτης
442 4337 471 4372 τε
480 4320 639 4390 μετέχοντα.
668 4327 827 4385 Moxseguer.
913 4329 936 4374 d.
955 4326 995 4375 Sic
1018 4327 1073 4388 Seg.
1092 4327 1148 4389 Reg.
1168 4327 1238 4376 ῦοΙιΙ.
1257 4326 1359 4375 Ριλσιιιι.
1375 4326 1465 4376 Lem

243 4395 300 4455 fleg.
318 4395 410 4454 λιιςΙίσ.
429 4393 559 4446 anleml
572 4392 676 4441 Felckm.
687 4383 828 4455 ιῧνιῆρξε.
878 4393 940 4441 Edili
959 4398 1037 4442 ιοιιιο
1057 4401 1082 4442 ει
1099 4394 1139 4443 ιλιι
1157 4385 1265 4442 ἔδωκεν.
1292 4392 1352 4441 lbid.
1363 4391 1464 4458 sfguer.

242 4461 306 4511 Edni
324 4469 348 4510 ιι
362 4460 402 4510 alii
421 4450 533 4524 άπῆρχι.
880 4459 948 4510 Gobl.
974 4468 998 4508 ιι
1023 4461 1128 4511 Felckm.
1149 4460 1172 4509 1.
1190 4451 1224 4519 ἣν
1248 4451 1396 4523 ἅνθρωπος
1418 4453 1466 4506 καί

274 4529 299 4578 λι.
318 4528 358 4578 Sic
375 4529 474 4590 Seguer.
509 4530 539 4577 λι
562 4527 617 4588 fleg.
640 4509 679 4573 ὥν
724 4519 753 4572 ία
770 4517 829 4575 ἔστί
878 4519 907 4575 ln
924 4523 973 4584 τῆς
990 4536 1034 4578 ιιι.
1076 4527 1121 4578 Alii
1147 4536 1170 4577 et
1193 4527 1250 4577 edili
1269 4516 1303 4584 ἣν
1321 4515 1417 4572 &aaz
1434 4518 1467 4574 ἐκ

239 4589 286 4644 ιιαλ
309 4585 386 4662 ιάιρίς
410 4603 455 4645 ιιι.
491 4594 553 4644 Εόίιί
578 4602 602 4644 τι
625 4594 665 4644 alii
703 4585 829 4658 υνάμειάν
879 4591 935 4652 τῆς.

241 4655 364 4712 ἐστικαὶ
383 4655 466 4716 αὐτὸς
485 4653 524 4710 ὢν
540 4662 592 4727 μία
608 4655 655 4710 καί
674 4653 688 4720 ἦ
708 4651 792 4728 ἀκρίς.
914 4677 935 4711 ι.
954 4661 995 4711 Sic
1019 4663 1119 4724 Seguer.
1137 4663 1194 4724 λιες.
1213 4662 1305 4726 λοςλλσ.
1325 4659 1466 4715 soblem
