3226 5280
263 386 323 452 128
614 462 617 470 Ι
660 405 686 448 ι.
702 405 856 462 ιιτιιιιιιειι
870 405 1093 450 ευσυιενιιεουι

174 551 472 638 ammonam
487 549 643 619 δυνατόν·
665 549 809 639 ποιητάς
830 551 909 640 Ιγάρ
930 556 997 620 τῶν
1020 553 1114 620 ίδίων
1136 552 1242 640 λόγων
1254 550 1411 641 Ἑλλήνων
1424 557 1486 640 μὲν

49 657 52 664 ’
260 653 294 720 σί
316 659 419 740 σοφοί
440 675 526 740 φασι
551 659 608 720 καί
629 675 683 719 τοι
708 659 857 738 πατέρας
878 653 1016 734 ἑαυτούς
1038 652 1136 735 όντας
1156 659 1223 722 τῶν
1247 656 1340 723 ίδίων
1363 655 1484 742 λόγων·

259 751 279 842 ἦ
311 755 348 822 δὲ
374 760 456 822 θεία
483 754 592 842 γραφὴ
614 757 668 821 καί
690 756 757 820 τῶν
780 748 849 821 ἀπὸ
871 756 1008 841 καρδίας
1028 757 1214 844 κινημάτων
1236 757 1379 845 ποιητὰς
1399 755 1486 844 ἡμᾶς

260 853 460 942 διαγορεύει,
489 854 632 943 ποιητὰς
659 854 761 939 νόμον
790 859 843 922 καὶ
867 863 1005 942 κρίσεως
1025 859 1079 924 καὶ
1103 857 1313 946 δικαιοσύνης
1334 861 1482 946 λέγουσα.

261 953 342 1036 ὥςτε
363 954 576 1038 πανταχόθεν
596 954 654 1022 τὸν
675 957 736 1042 μὲν
758 956 830 1023 υἱὸν
851 955 896 1045 μὴ
913 952 1006 1025 εἶναι
1019 963 1140 1042 κτίσμα
1154 959 1238 1044 μηδὲ
1252 967 1391 1046 ποίημα,
1408 960 1484 1028 ίαν-

258 1057 318 1126 τὸκ
339 1059 375 1125 δὲ
397 1050 571 1144 ἀλλότρων
593 1059 652 1144 τῆς
673 1055 863 1146 Ι’ἰείρειονῆς
884 1059 1079 1139 κακοδοξίας
1101 1053 1325 1128 ἀποδείκνυσι.

344 1267 395 1329 22.
440 1257 501 1346 Μὴ
523 1256 584 1344 γάρ
607 1257 645 1346 δή
668 1283 720 1338 τις
739 1252 910 1344 Ἀρειανὸς
930 1260 1014 1346 μηδὲ
1036 1259 1071 1326 ίν
1091 1259 1199 1347 τούτῳ
1213 1255 1400 1330 ύπονοείτω
1415 1258 1482 1331 κατ’

260 1359 361 1431 αύτοῦ
390 1357 435 1441 ιῦς
463 1356 551 1426 ούτω
572 1360 739 1445 λέγοντος
770 1359 920 1428 σύνεστιν
943 1356 961 1426 6
986 1359 1056 1439 υίὸς
1076 1363 1124 1447 τῷ
1146 1368 1265 1447 πατρί,
1296 1358 1342 1443 ιός
1362 1363 1404 1430 τὰ
1424 1367 1484 1448 μὲν

260 1459 408 1549 όνόματα
429 1464 604 1549 συνῆφθαι
625 1454 795 1546 ἀλλήλους,
824 1459 868 1527 τὰ
889 1462 926 1528 δὲ
947 1461 1128 1549 πράγματα
1149 1463 1309 1530 πλεῖστον
1330 1459 1481 1550 ἀλλήλων

260 1563 439 1644 διεστάναι,
462 1565 515 1630 καί
536 1560 582 1650 μή
605 1557 657 1630 ἀεὶ
678 1562 738 1644 μὲν
761 1571 908 1629 συνεῖναι
929 1563 987 1629 τὸν
1009 1563 1080 1631 υίὸν
1101 1566 1149 1650 τῷ
1170 1569 1283 1649 πατρί,
1308 1558 1365 1651 ἀφ’
1390 1553 1429 1630 οὗ
1444 1564 1482 1632 δὲ

259 1672 388 1753 γέγονεν
411 1661 430 1730 6
450 1662 531 1744 υίός,
555 1662 592 1742 ἐξ
612 1661 735 1730 ἐκείνου
756 1665 811 1728 καί
833 1667 963 1750 πατέρα
983 1661 1137 1730 τὸνθεόν
1153 1664 1320 1751 είρῆσθαι,
1342 1667 1396 1730 καί
1411 1666 1483 1730 λοι-

259 1767 327 1835 πὸν
349 1761 437 1853 αύτῷ
461 1774 617 1844 συνεῖναι,
641 1759 751 1849 ὥςπερ
774 1768 828 1830 καί
851 1759 902 1831 ἐπ’
927 1759 1119 1850 ἀνθρώπιον
1133 1768 1232 1832 τούτο
1247 1772 1380 1850 γίνεται.
1410 1761 1480 1832 ἀλλ’
1535 1828 1539 1838 .

261 1867 476 1952 ἐνθυμείσθω
498 1869 552 1932 καὶ
573 1871 802 1950 μνημονευίτω
824 1867 891 1932 τῶν
906 1872 1177 1954 ’προειρημένωη
1193 1869 1246 1933 καί
1263 1864 1387 1950 δψεται
1400 1872 1484 1934 Διο-

261 1975 374 2036 νυσίου
396 1966 455 2052 τὴν
476 1972 593 2034 πίστιν
616 1962 732 2054 ὀρθήν.
771 1967 873 2052 λέγων
895 1966 973 2053 γάρ·
996 1962 1034 2033 ού
1057 1967 1118 2054 γάρ
1140 1958 1179 2054 ἦν
1202 1965 1259 2035 ὅτε
1281 1963 1299 2034 6
1322 1967 1404 2047 θεὸς
1426 1963 1484 2035 ούκ

260 2061 299 2157 ἦν
321 2067 440 2155 πατήρ,
463 2070 517 2135 καί
540 2066 662 2134 πόλιν·
686 2063 704 2136 6
727 2069 764 2135 δέ
785 2093 822 2154 γε
843 2067 925 2147 θεὸς
947 2068 1082 2136 αίιύνιόν
1104 2069 1176 2138 ἐστι
1198 2072 1273 2157 φῶς
1294 2067 1369 2137 ούιε
1384 2065 1485 2157 ἀρξά-

260 2194 358 2256 μενον
387 2167 464 2238 ούτε
491 2168 589 2256 λῆξόν
611 2191 713 2237 ποτε·
742 2164 859 2236 οόκούν
881 2167 1018 2236 αἰώνιον
1040 2169 1236 2256 ίπρόκειται
1256 2173 1311 2238 καί
1334 2170 1484 2240 σύνεστιν

261 2267 349 2359 αύτῷ
371 2272 411 2338 τὸ
433 2266 646 2358 ἀπαύγασμα,
671 2268 811 2357 ἀναρχον
833 2269 890 2337 καί
905 2266 1056 2356 ἀειγενές,
1080 2271 1352 2359 προφαινόμενον
1367 2266 1483 2338 αότού·

261 2373 355 2461 ἐχρῆν
375 2374 500 2461 μηδένα
520 2371 560 2440 τὸ
582 2371 720 2440 σύνολον
742 2369 900 2440 ὑπονοεῖν
921 2397 996 2438 τινα
1016 2375 1155 2438 τοιαῦτα
1176 2368 1244 2439 κατ’
1270 2369 1380 2440 αύτού.
1413 2375 1483 2441 ’καί

185 2541 189 2548 .
260 2475 302 2545 τὰ
332 2476 585 2562 παραδείγματα
618 2476 655 2543 δὲ
682 2479 740 2561 τῆς
769 2479 876 2563 πηγῆς
902 2477 957 2541 καὶ
978 2477 1037 2540 τού
1060 2477 1215 2560 ποταμοῦ
1236 2474 1372 2562 καὶτῆς
1394 2477 1484 2563 ῥίζης

259 2581 313 2647 καὶ
341 2581 400 2645 τοῦ
428 2579 573 2664 βλαστοῦ
595 2581 730 2646 καὶτοῦ
754 2576 942 2661 πνεύματος
963 2575 1097 2663 καὶτῆς
1119 2573 1256 2660 ἀτμίδος
1276 2577 1485 2661 καταισχύνει

260 2679 337 2760 τούς
356 2679 596 2767 χριστομόχους
616 2675 642 2746 τ’
667 2674 805 2746 ἀναντία
826 2679 836 2720 ¹
843 2679 1071 2764 θρυίίούντας
1092 2672 1159 2744 κατ’
1184 2673 1294 2744 αύτού.
1599 2669 1600 2672 “

346 2789 396 2852 23.
437 2776 569 2868 Ἐπειδὴ
598 2782 634 2848 δὲ
656 2779 743 2867 πρὸς
764 2782 853 2846 πᾶσι
872 2791 945 2860 τοῖς
967 2780 1084 2847 ἑαυτοῦ
1106 2790 1220 2859 κακοῖς
1241 2775 1408 2863 δ’Ἀρειος
1429 2783 1483 2847 καί

260 2887 358 2951 τούτο
380 2883 634 2971 συμπεφόρηκεν
656 2882 761 2969 ἑαυτῷ
784 2879 953 2969 ῥημάτιον,
978 2877 1023 2960 ὡς
1045 2881 1080 2948 ίκ
1100 2887 1250 2964 κοπρίας,
1272 2884 1326 2946 καὶ
1348 2887 1485 2968 προςτί·

260 2993 378 3074 θησιν,
407 2981 452 3065 ιός
480 2985 545 3070 ἀρα
568 2981 586 3050 6
609 2984 707 3070 λόγος
728 2977 787 3051 οόκ
809 2983 898 3050 ἔστιν
921 2984 1008 3062 ἴδιος
1028 2985 1087 3048 τού
1109 2979 1254 3069 πατρός,
1291 2976 1359 3048 ἀλλ’
1384 2980 1485 3062 ἀλλος

260 3095 320 3174 μίν
349 3088 437 3155 ἐστιν
466 3082 484 3153 6
508 3086 541 3155 ίν
562 3089 609 3174 τῷ
632 3089 705 3172 θεῷ
727 3084 838 3171 λόγος·
867 3074 963 3162 οὗτος
985 3084 1021 3154 δὲ
1044 3079 1063 3149 6
1083 3083 1195 3170 κύριος
1217 3084 1308 3163 ξένος
1328 3085 1388 3168 μὲν
1409 3085 1483 3151 ’καί

176 3186 435 3276 Ρθῠθ-ἀλλότριός
463 3188 535 3256 ίοτι
560 3191 620 3276 τῆς
645 3191 705 3255 τού
733 3186 862 3272 πατρὸς
888 3181 1021 3264 ούσίας·
1053 3180 1125 3252 κατ’.
1146 3183 1298 3252 ἐπίνοιαν
1325 3186 1362 3251 δί
1382 3183 1484 3269 μόνον

261 3291 390 3374 λέγεται
412 3289 517 3375 λόγος,
540 3293 594 3356 καὶ
618 3285 676 3356 σύκ
699 3290 770 3356 ἔστι
790 3289 852 3374 μὲν
872 3285 956 3354 κατὰ
978 3285 1143 3374 φύσινκαὶ
1157 3282 1484 3374 ἀληθινὸςτούθεού

261 3388 340 3468 υἱός,
364 3388 447 3455 κατὰ
468 3393 567 3456 θέσιν
590 3391 626 3456 δὲ
648 3392 850 3474 λέγεταικαὶ
875 3377 993 3466 ιὀὗτος
1014 3387 1093 3468 υἱός,
1118 3384 1163 3467 ιδς
1184 3395 1313 3472 κτίσμα,
1336 3385 1392 3452 καὶ
1412 3407 1485 3452 τοι·
1559 3447 1563 3452 ,

261 3494 345 3558 asna
373 3490 475 3574 λέγων
504 3483 597 3570 αάχεῒ
628 3488 721 3576 παρὰ
753 3497 827 3566 τοῖς
849 3483 1024 3574 ἀγνοοῦσιν
1053 3484 1098 3568 ὥς
1118 3489 1173 3556 καί
1196 3489 1230 3556 ὲν
1250 3487 1381 3567 τούτοις
1403 3487 1485 3570 ἔχων

262 3587 422 3677 ὁμόδοξον
454 3587 512 3654 τὸν
534 3589 731 3656 Διονύσιον·
766 3584 828 3673 ὅρα
858 3592 914 3655 καί
940 3589 998 3678 τὴν
1027 3594 1105 3677 περὶ
1134 3590 1260 3657 τούτων
1288 3595 1404 3656 πίστιν
1424 3591 1484 3654 τού

260 3697 457 3770 Διονυσίου,
492 3691 545 3754 καί
578 3693 653 3768 πῶς
680 3688 818 3775 μάχεται
844 3701 920 3770 ταῖς
939 3691 1111 3771 τοιαύταις
1128 3686 1258 3776 Ἀρείου
1280 3696 1483 3769 κακονοίαις·

260 3792 381 3880 γράφει
402 3789 463 3877 γὰρ
487 3790 521 3858 ἐν
541 3791 602 3876 μὲν
623 3793 671 3878 τῷ
692 3790 816 3879 πρώτῳ
838 3794 958 3880 βιβλίῳ
981 3789 1101 3872 υύτως·
1123 3797 1320 3880 προείρηται
1339 3794 1400 3877 μὲν
1415 3781 1482 3872 οὖν,

262 3891 315 3960 ὅτι
342 3891 429 3979 πηγὴ
459 3897 525 3960 τῶν
554 3888 693 3978 ἀγαθῶν
719 3889 893 3962 ἰεἰπόντων
916 3893 1004 3964 ἐστίν
1028 3891 1045 3961 6
1067 3893 1166 3974 θεός·
1193 3893 1346 3980 ποταμὸς
1369 3893 1405 3962 δὲ
1425 3887 1481 3958 ὑπ’

295 4165 317 4200 ν.
336 4151 362 4199 ln
381 4150 450 4200 Colb.
470 4157 493 4198 ει
507 4150 544 4198 Fr.
556 4149 573 4198 l.
591 4141 646 4217 γάρ
665 4151 790 4200 omissum.
819 4151 848 4201 Et
898 4153 996 4202 Τιυνὶιι.
1022 4151 1091 4201 colb.
1119 4151 1165 4199 les.
1195 4141 1378 4199 ἀποδείκνυσι
1423 4149 1484 4198 editi

261 4219 284 4269 in
304 4217 388 4266 eodem
406 4217 478 4280 ηειύο
489 4217 550 4266 infra
561 4207 643 4270 lm?
653 4217 708 4268 ἰιεω
718 4219 846 4268 omissum.
899 4211 1071 4267 ἀναδείκνυσι.

262 4283 332 4344 θυοδ
356 4291 435 4333 autem
455 4285 487 4333 είι
505 4286 630 4349 sapientes
648 4299 748 4335 ευοευω
769 4287 845 4334 libro·
933 4301 952 4333 ε.
972 4285 1070 4333 Tauria.
1095 4281 1163 4334 Colb.
1188 4281 1233 4332 Ῑει.
1258 4283 1296 4333 Fr.
1316 4283 1333 4333 1.
1358 4273 1484 4346 πρόσθεν

262 4365 315 4401 rum
333 4361 417 4414 ρειιοι
436 4365 513 4412 esse„
532 4351 644 4402 Clemens
671 4354 726 4402 ἰιειυ
745 4353 847 4402 Alexan·
898 4343 1055 4416 είρημίνων.
1091 4349 1147 4408 Res.
1166 4356 1189 4396 ει
1203 4349 1258 4397 edili
1269 4343 1484 4426 προειρημένων.

261 4421 345 4468 διίοοι
355 4417 422 4468 ἰυδίσ
432 4421 578 4469 stromatum
589 4415 625 4483 lp.
637 4417 693 4468 ²69.
706 4416 846 4483 ed.Sylb.]:
932 4419 954 4466 δ,
975 4416 1031 4476 neg,
1050 4415 1146 4464 Τευιίιι.
1165 4415 1234 4464 Colb.
1259 4416 1305 4464 Ιει.
1330 4427 1481 4480 προκειιαι,

261 4483 351 4550 ψυχῆς
367 4477 480 4551 ἔγγονοι
497 4478 525 4534 τί
541 4479 634 4552 λόγοι,
663 4490 754 4536 animae
778 4486 847 4534 ίίίεή
899 4488 923 4531 ει
945 4483 982 4530 nie
1007 4482 1134 4542 Ιεςεσδιιιυ
1160 4489 1284 4545 utsupra.
1322 4483 1384 4532 Editi
1402 4474 1483 4546 πρός-

262 4559 315 4603 num
332 4554 397 4604 ίίίιί.
899 4559 994 4596 κειται.
1030 4549 1082 4597 Mox
1106 4549 1202 4598 Τιονὶιι.
1227 4549 1296 4601 colb.
1323 4549 1361 4599 Fr.
1380 4549 1398 4598 1.
1416 4561 1483 4615 ιιρο-

295 4621 319 4670 h.
343 4620 390 4672 Ιει.
415 4621 453 4673 Fr.
472 4622 490 4672 Ι.
516 4611 677 4688 ἀρειανιιιῆς.
715 4617 768 4667 Μαι
791 4617 849 4678 Res.
901 4609 1058 4682 φερόμενον
1075 4607 1159 4666 αύτού
1177 4608 1288 4668 ίκτίίνει
1304 4611 1417 4685 μηδένα.
1437 4619 1481 4666 le&
