3226 5308
143 469 269 516 nocua
291 437 380 520 unam
403 461 585 536 divinitatem
607 483 637 536 et
659 487 782 546 naturae
803 485 901 552 Patris
923 497 1137 576 proprietatem
1159 515 1326 598 percipere,
1350 543 1471 594 exesor.

56 551 57 554 ’
141 552 218 628 bac,
236 565 339 622 autem
367 580 440 626 voce
462 567 649 651 lacrymatus
671 591 717 644 eet
738 591 769 645 et
792 587 938 659 similibus
961 615 994 660 ea
1017 608 1152 686 corporis
1175 619 1297 696 propria
1318 641 1384 688 esse

127 645 335 736 ‚agnoscere',
364 665 489 730 maxime
517 691 583 734 cum
613 679 770 762 utrobique
798 705 1013 762 consentaneae
1034 689 1167 774 rationes
1190 714 1247 778 illis
1270 740 1383 803 suppe-

141 763 225 830 tant,
262 763 374 845 qnippe
402 785 469 832 enm
491 771 538 834 illa
562 776 681 856 quidem
704 783 741 846 de
763 805 800 849 eo
823 799 857 853 nt
879 794 916 856 dc
938 797 1016 875 Deo,
1044 804 1118 869 baec
1138 821 1235 878 autem
1257 831 1383 903 propter

137 854 315 923 humanum
339 864 471 932 eiusdem
494 892 603 956 eorpus
626 883 736 963 scripta
754 888 824 952 sint.
869 895 930 960 Neo
953 903 1031 966 enim
1054 905 1085 971 in
1108 930 1155 986 eo,
1170 917 1228 996 'qui
1244 928 1380 1004 corporis

141 975 258 1038 expers
291 974 390 1040 esset,
421 975 557 1052 corporis
584 983 785 1064 proprietates
808 993 950 1074 luissent,
980 1005 1038 1067 nisi
1061 1028 1169 1092 eorpus
1194 1025 1379 1104 corruptioni

138 1057 313 1126 obnoxium
336 1085 370 1128 ac
392 1075 515 1136 mortale
537 1084 741 1152 assumsisset.
784 1092 917 1162 Mortalis
945 1103 1092 1184 siqnidem
1114 1115 1169 1178 luit
1190 1131 1291 1184 sancta
1311 1126 1376 1188 lde·

139 1160 191 1234 ria,
217 1181 256 1224 ex
280 1185 340 1246 qua
363 1169 428 1232 eins
448 1178 625 1253 productum
648 1203 758 1268 corpus
781 1193 843 1270 esi,
866 1217 901 1261 ac
920 1206 1065 1286 proinde,
1088 1219 1228 1291 qnoniam
1250 1223 1281 1285 in
1303 1246 1374 1288 cor-

139 1279 214 1340 pore
237 1268 391 1345 patiente,
420 1273 597 1358 lacrymante
620 1295 650 1348 et
670 1288 824 1357 laborante
848 1311 943 1378 esset,
973 1326 1098 1374 necesse
1122 1316 1177 1380 init
1197 1330 1230 1383 ut
1250 1324 1372 1406 isthaec,

141 1381 216 1440 quae
244 1370 350 1434 earnis
377 1379 499 1455 propria
527 1393 611 1460 suut,
641 1387 678 1450 de
705 1411 741 1454 eo
765 1415 821 1460 una
844 1419 910 1466 cum
933 1425 1059 1488 corpore
1082 1415 1259 1485 dicerentur.
1304 1429 1373 1492 Sira

141 1463 227 1542 igitur
250 1469 335 1532 llerit
357 1481 387 1536 et
407 1480 596 1555 perturbatus
620 1501 674 1562 est,
697 1511 759 1556 non
783 1497 911 1566 Verbum
933 1517 967 1568 nt
988 1511 1117 1578 Verbum
1139 1521 1230 1585 debat
1250 1534 1280 1588 et
1299 1547 1372 1607 per-

142 1567 325 1646 turbabatur,
347 1575 402 1637 sed
423 1577 452 1642 id
474 1573 640 1660 pe'rtinebat
661 1593 697 1656 ad
718 1613 848 1678 caruem,
871 1605 936 1668 sive
959 1613 1054 1674 oravit
1075 1625 1108 1678 nt
1125 1623 1266 1688 transiret
1286 1629 1370 1708 calix,

144 1683 204 1728 non
223 1669 290 1750 ipsa
314 1674 454 1742 divinitas
476 1685 699 1766 reformidabat,
723 1698 784 1759 sed.
799 1699 846 1764 illa
872 1707 989 1772 allectio
1012 1723 1076 1778 erat
1090 1707 1280 1789 humanitatis
1294 1749 1369 1808 pro·
1393 1763 1398 1770 ·

146 1767 217 1849 prin,
238 1781 268 1834 ut
290 1783 320 1836 et
341 1796 429 1840 voees
451 1783 527 1846 istae
553 1787 591 1851 Ut
612 1795 684 1874 quid
705 1799 898 1886 dereliquisti
915 1809 987 1872 mei)
1008 1833 1083 1896 quae
1099 1819 1163 1908 eius
1179 1842 1246 1886 esse
1261 1828 1368 1892 eodem

148 1885 205 1946 quo
230 1889 319 1954 snpra
348 1881 557 1960 explicavimus
587 1893 676 1956 modo
705 1909 775 1962 sunt
797 1904 997 1990 intelligenda.
1040 1917 1113 1982 Nam
1146 1927 1262 1988 tametsi
1293 1931 1367 1994 nibil

146 1969 317 2052 patiebatur,
342 1997 408 2044 cum
424 1983 550 2050 Verbum
573 1994 724 2072 patibilem
747 2019 812 2066 uon
834 2007 942 2072 babeat
961 2023 1106 2095 naturam,
1127 2025 1251 2104 perinde
1264 2036 1364 2094 umen

147 2073 226 2136 acsi
252 2095 323 2143 rere
349 2091 501 2160 pateretur
527 2090 601 2155 baec
628 2096 664 2158 ab
686 2099 881 2183 Evangelistis
909 2113 1017 2196 scripta
1041 2129 1126 2196 sunt,
1160 2125 1229 2206 quia
1251 2129 1364 2196 scilicet

148 2169 280 2242 Dominus
303 2181 398 2246 lactus
419 2185 509 2250 bomo
533 2202 589 2268 ost,
612 2215 647 2258 ao
665 2202 794 2279 proinde
817 2205 874 2272 ista
895 2219 1032 2296 tauquam
1055 2220 1091 2282 ab
1106 2223 1448 2303 hominembonum.

149 2279 175 2332 et
203 2255 347 2356 dicuntur,
381 2293 414 2347 ut
440 2289 575 2356 videlicet
601 2295 666 2376 ipse
692 2300 796 2370 levatis
828 2307 999 2379 huiusmodi
1027 2323 1124 2384 carnis
1153 2328 1358 2396 allectionibus

149 2390 205 2436 eam
223 2377 267 2442 his
288 2384 428 2450 redderet
447 2389 581 2457 liberam.
627 2399 816 2484 Quapropter
844 2429 901 2474 neo
929 2435 945 2477 a
966 2417 1054 2482 Patre
1077 2423 1240 2508 derelinqui
1261 2433 1360 2512 potnit

155 2471 292 2558 bominns,
321 2492 356 2546 ut
380 2499 452 2568 pote
480 2494 530 2576 qui
560 2497 663 2568 inille
686 2523 805 2586 semper
828 2515 997 2596 exstiterit,
1022 2530 1083 2586 tum
1107 2538 1262 2610 autequam
1285 2535 1359 2598 haec

160 2571 262 2655 diuisi,
288 2593 350 2648 term
379 2607 444 2652 cum
472 2593 526 2656 bas
553 2599 700 2666 emitteret
726 2627 828 2674 roceo.
874 2614 976 2698 Neque
997 2622 1084 2684 etiam
1108 2627 1152 2688 las
1175 2639 1223 2691 est
1244 2631 1353 2711 dicere,

161 2669 291 2748 Dominum
311 2688 419 2754 timore
439 2697 609 2773 perculsum
632 2703 736 2782 luisse,
760 2711 844 2774 cuius
865 2727 946 2780 metu
961 2725 1111 2798 perterriti
1127 2727 1292 2794 interorum
1307 2735 1354 2797 ia-

161 2771 258 2844 litoreo
279 2790 402 2870 captivos
424 2795 580 2876 dimisero,
614 2801 743 2887 hincque
765 2827 955 2880 monumenta
977 2834 1079 2900 aperta
1102 2843 1187 2902 sunt,
1211 2841 1241 2894 et
1262 2835 1355 2898 multa

154 2871 308 3034 ῗὶῦΰῑῠωω
327 2911 450 2976 corpora
472 2899 605 2964 rerixero
627 2906 749 2989 suisque
772 2931 944 2994 apparuere.
992 2921 1120 2988 Taceant
1136 2928 1227 3008 igitur
1242 2951 1347 2997 omnes

174 2981 291 3062 ceraue,
318 3009 367 3056 nee
386 2997 533 3063 affirmare
554 3005 681 3070 audeaut
702 3009 861 3077 bominum
885 3018 1036 3096 timuisse,
1067 3043 1156 3106 quem
1178 3049 1261 3096 mors
1283 3034 1349 3115 ipsa

154 3080 184 3138 ul
202 3079 276 3147 draco
292 3093 378 3172 lnqit,
408 3117 495 3178 quem
518 3103 679 3168 daemones
701 3119 852 3191 metuunt,
885 3136 972 3198 quem
995 3142 1076 3188 mare
1098 3139 1235 3208 roratur,
1264 3135 1349 3199 cuius

150 3193 418 3261 mensurandam
446 3203 517 3264 caeli
540 3225 703 3290 omnesque
726 3216 934 3286 conmtiuntur
954 3234 1129 3304 potestates.
1172 3233 1248 3296 Ecce
1270 3235 1350 3300 enim

145 3276 188 3342 illo
206 3286 329 3358 dicente:
357 3297 396 3362 ill
417 3305 488 3381 qnid
509 3307 697 3390 dereliquisti
709 3313 780 3377 mel
801 3317 1015 3388 demonstrarit
1025 3327 1122 3408 Pater,
1138 3351 1172 3395 ae
1185 3343 1215 3396 et
1228 3354 1349 3420 semper
1372 3339 1376 3347 ’

145 3389 168 3442 tl
192 3392 253 3454 tuuc
279 3396 310 3458 in
326 3417 374 3470 ¹eo
404 3401 508 3466 luisse.

141 3482 224 3552 suum
244 3499 373 3573 tremuit,
396 3503 491 3570 velum
514 3507 643 3574 scissum
665 3524 722 3592 est,
745 3537 814 3582 seso
838 3523 885 3585 sol
906 3524 1072 3608 abscondit,
1095 3533 1229 3618 diruptae
1243 3547 1347 3618 petrae

140 3593 211 3662 suut,
237 3611 443 3680 monumenta,
473 3615 506 3670 ut
527 3609 586 3674 iam
607 3613 684 3692 dixi,
715 3629 787 3684 snut
808 3637 926 3706 aperta,
948 3631 1058 3712 quique
1080 3633 1112 3696 in
1133 3635 1191 3700 illis
1212 3637 1347 3706 iacebant

558 3408 652 3474 'l'erra
691 3415 770 3478 euim
796 3417 955 3486 Dominum
984 3425 1154 3510 loquentem
1175 3425 1347 3517 'agnoscens

134 3829 342 3902 ballaenarum
358 3855 428 3908 deest
444 3851 576 3928 inducor.
611 3865 704 3920 ibidem
754 3883 861 3933 crem
881 3873 928 3927 tul
946 3873 1143 3946 lwlffrl'lw
1159 3887 1219 3944 ⁷⁰²5
1235 3880 1345 3960 ‘wlff‘

135 3911 171 3958 lto
191 3903 290 3968 γίνεται
317 3921 389 3972 ursit.
418 3927 489 3978 babet
510 3925 615 3995 γέγονε.
652 3936 704 3990 lton
752 3954 822 3994 neoc.

133 3963 209 4085 2⁸⁶2ss
217 3989 248 4095 bet
264 3985 483 4058 Brullmouqriooer
500 3989 599 4054 adram
616 4002 702 4055 Felclr·
787 4009 812 4056 lr-
830 4010 871 4060 Sic
888 4010 981 4072 lien-,L
1000 4015 1099 4076 Sequor.
1112 4020 1210 4072 Gobler.
1223 4025 1342 4075 eructet-

182 4053 201 4088 ιιι
232 4084 238 4097 ,

359 4071 392 4110 ar
409 4053 500 4122 uiris.
536 4066 627 4118 ibidem
644 4071 701 4134 tlon.
753 4075 835 4126 manci
854 4077 876 4124 t.
912 4082 940 4128 tt
957 4083 1031 4131 ceteri
1050 4092 1073 4133 et
1091 4085 1148 4136 editi
1163 4087 1243 4138 πᾶσα
1260 4085 1342 4142 drien-
1402 4113 1405 4119 ·

147 4135 152 4146 ·
251 4155 256 4166 .
355 4127 702 4189 sarcinatricem
752 4154 800 4208 μις
817 4135 964 4194 audaciores

132 4161 186 4232 liv
199 4171 280 4244 “title
296 4184 404 4240 τούτων
419 4193 615 4270 κατασκευάσῃ.
787 4209 803 4260 l.
822 4209 853 4260 Se
870 4226 921 4263 ner.
938 4207 1011 4262 zati
1029 4207 1102 4276 ἥλιος
1118 4212 1158 4299 dd
1195 4222 1250 4302 qu.
1262 4223 1341 4300 'babet
1411 4241 1415 4250 ’

151 4237 246 4320 ‚ts-usa·
266 4253 288 4304 l.
305 4267 337 4336 „et
359 4261 459 4342 Sentiet.
484 4257 510 4346 ‘b
522 4260 615 4336 arripior
639 4263 701 4352 dlv
753 4277 810 4326 item
860 4317 866 4327 .
901 4279 945 4331 llil
963 4291 1043 4334 intem
1062 4292 1083 4334 et
1102 4279 1340 4424 eduntqiuqqqarqvo.

131 4313 435 4480 §factrices
448 4325 701 4459 trorum
753 4343 1340 4490 ciircumcisione

88 4465 95 4484 .
132 4445 137 4480 ι

151 4436 203 4494 idom
221 4459 244 4501 et
260 4456 357 4512 Gobtnr.
376 4479 404 4514 ec
422 4468 528 4521 Fetclm.
549 4473 570 4522 1.
590 4465 699 4535 mima,
753 4483 886 4532 termedlir.
914 4484 969 4550 deq.
979 4488 1001 4538 1.
1020 4489 1075 4538 tbld.
1095 4498 1119 4541 et
1136 4493 1276 4558 Sequeriau.
1294 4509 1340 4562 pro

130 4501 168 4554 *ά
181 4501 369 4587 ‘rariorem
385 4533 443 4590 reis
461 4529 547 4593 liltore⁸
583 4541 628 4594 dlii
641 4533 701 4594 dot-
753 4537 879 4615 rirolyero
897 4552 986 4607 babent
1002 4547 1156 4626 rirolyono.

1075 4639 1133 4693 37*
