3236 5286
573 404 681 448 enarro
697 405 717 448 r.
735 405 849 448 corrrm
863 405 998 450 tnunos.
1095 403 1099 410 '
1334 393 1394 459 tos

160 559 221 620 lroo
247 575 342 638 usque
371 563 488 635 tempus
510 553 645 618 nonnulli
667 555 784 618 illorum
806 557 907 636 pueris
930 556 961 618 in
984 557 1083 620 lorum
1106 569 1283 636 occurrunt,
1304 541 1478 642 ‘qnoseun

160 657 357 736 interrogant,
380 675 441 719 non
455 655 573 736 quidem
590 675 626 718 en
640 656 746 718 divinis
762 657 935 736 Scripturis,
960 658 1013 718 sed
1028 658 1109 719 velut
1124 680 1161 722 ear
1176 664 1277 725 cordis
1292 663 1392 727 odres-

162 761 269 822 durrtie
291 759 460 820 huiusmodi
483 757 572 818 verba
594 766 779 822 eructantes:
804 757 884 831 „Qui
905 763 963 827 est,
987 775 1106 826 eumne.
1129 760 1178 836 qui
1194 763 1324 824 nondum
1339 783 1390 826 es·

164 869 254 934 „set,
282 860 352 923 tecit
373 879 409 921 en
431 859 540 931 nihilo,
571 877 609 920 an
631 859 681 938 qui
703 859 762 920 iam
785 855 890 920 esset?
934 856 1018 917 Fecit
1040 857 1130 936 igitur
1152 879 1236 933 eum,
1265 863 1314 941 qui
1336 863 1391 926 ism

165 972 269 1035 „erat‚
299 979 336 1022 an
366 959 498 1040 quinon
521 958 636 1021 cratl“
682 958 720 1019 lit
741 977 864 1018 rursus:
888 956 1046 1030 „Unumne
1068 967 1115 1020 est
1135 961 1394 1038 non-genituw,

164 1063 237 1134 „vel
258 1061 343 1124 duo?
385 1062 461 1124 Num
484 1061 576 1150 lilius
604 1059 700 1122 bbero
729 1057 880 1138 praeditus
904 1067 950 1120 est
971 1059 1109 1134 arbitrio,
1138 1047 1321 1142 pfopriaque
1341 1083 1395 1124 ro·

166 1163 305 1238 „luntats
325 1181 386 1224 non
410 1171 557 1235 mutatur,
587 1179 654 1222 cum
683 1167 806 1220 naturae
833 1159 873 1220 sit
900 1158 1073 1222 mutabilis?
1115 1161 1178 1224 Nec
1199 1161 1279 1224 enim
1302 1161 1396 1225 instar

165 1263 298 1344 „lapidis
327 1274 372 1327 est
399 1283 455 1346 per
475 1281 509 1324 se
531 1279 656 1324 manens
680 1259 873 1322 immobilis.“
918 1261 1032 1323 Deinde
1060 1262 1247 1325 mutiemutas
1276 1281 1395 1342 quoque

165 1365 352 1437 conveniunt,
375 1384 448 1445 quas
464 1363 614 1426 indecoris
632 1361 716 1424 bisce
730 1361 918 1424 sermonibus
934 1363 1158 1442 aggrediuntur:
1181 1363 1279 1438 „llum
1302 1364 1395 1430 lilium

165 1465 318 1540 „babuisti
342 1467 515 1546 priusquam
536 1462 684 1544 pareres?
706 1461 786 1542 atqui
807 1463 1055 1542 quemadmodum
1071 1483 1130 1526 non
1145 1465 1229 1544 prius
1251 1465 1393 1544 habuisti,

165 1567 236 1642 „sic
256 1587 314 1630 nee
337 1567 393 1629 tuit
412 1567 466 1628 bei
488 1565 580 1628 Filius
603 1573 762 1644 antequam
784 1572 991 1627 nasceretur.·‘
1035 1565 1213 1628 lluiusmodi
1234 1568 1320 1632 dictis
1335 1570 1391 1632 tn'·

161 1669 286 1749 pudiant
307 1667 427 1746 inglorii
448 1667 489 1728 illi
511 1667 648 1729 homines
672 1667 824 1744 Deumque
852 1665 977 1728 similem
1007 1667 1160 1729 hominum
1183 1668 1311 1748 lingunt,
1342 1671 1392 1751 qui

162 1790 229 1834 urm
252 1789 288 1831 se
311 1768 498 1831 Christianos
521 1787 591 1829 esse
612 1767 804 1847 praedicant,
827 1766 884 1830 Dei
903 1767 1033 1848 olorinas
1053 1781 1174 1832 mutant
1195 1774 1229 1831 ιἰι
1249 1771 1392 1835 similitu-

164 1873 266 1936 dinem
287 1874 427 1947 imaginis
451 1867 662 1946 corruptibilis
685 1867 823 1928 bominis.

252 1971 307 2032 23.
352 1969 430 2030 Sane
452 1968 488 2029 ad
510 1969 565 2029 ista
588 1985 626 2028 ne
648 1968 830 2048 respondere
851 1967 970 2047 quidem
993 1987 1118 2049 aequum
1140 1978 1231 2044 esset,
1254 1970 1329 2033 adeo
1344 1971 1393 2033 in-

166 2069 249 2132 sulsa
282 2079 353 2130 suut
379 2077 410 2131 et
435 2069 543 2149 inepta.
588 2069 694 2131 Verum
723 2088 762 2131 ne
794 2068 913 2132 illorum
941 2069 1072 2133 haeresis
1094 2071 1201 2152 aliquid
1235 2073 1392 2136 soliditatis

161 2171 276 2233 babere
299 2171 446 2245 rideatur,
479 2187 530 2232 eos
558 2171 607 2232 bio
632 2170 677 2232 rel
705 2171 811 2234 saltem
842 2171 941 2233 obiter
961 2173 1112 2235 confutare
1135 2175 1392 2256 operaepretium

160 2273 270 2344 luerit,
300 2272 424 2335 maxime
444 2281 568 2354 propter
588 2273 794 2346 mulierculas,
818 2291 895 2352 quae
918 2271 953 2333 ab
975 2273 1033 2335 illis
1055 2273 1323 2338 circumveniuntur
1345 2277 1391 2338 ln-

160 2375 281 2438 eillime.
326 2375 362 2437 lit
382 2393 452 2436 vero
473 2375 525 2448 itti,
549 2376 600 2454 qui
622 2375 680 2436 ista
702 2375 817 2447 dieunt,
840 2373 1029 2436 architectum
1046 2375 1134 2436 etiarn
1156 2374 1196 2436 ita
1217 2375 1393 2438 debuissent

160 2477 363 2556 interrogare:
387 2477 539 2549 „Potesne
562 2477 630 2536 sine
653 2475 786 2536 subiecta
808 2477 928 2538 materia
950 2476 1131 2539 aedificare?
1156 2488 1189 2539 ut
1209 2487 1308 2540 autem
1330 2496 1392 2540 nou

159 2587 291 2657 „potem
326 2578 372 2640 sic
399 2597 455 2639 nee
477 2577 559 2637 lleus
589 2574 701 2654 absque
729 2575 858 2639 subiecta
888 2578 1009 2640 materia
1039 2595 1090 2638 res
1119 2579 1273 2640 universas
1296 2577 1395 2657 pontit

161 2679 340 2751 ,‚ellicere.“
385 2677 568 2737 llebuissent
595 2693 712 2755 quoque
738 2696 755 2738 a
783 2679 907 2758 singulis
935 2678 1109 2740 bominibus
1138 2677 1300 2740 sciscitari:
1329 2676 1396 2748 „bn

165 2783 280 2852 „potes
302 2793 373 2835 esse
395 2775 461 2836 sine
482 2772 575 2835 loco?
606 2776 684 2854 atqui
711 2787 744 2844 ut
770 2797 831 2840 non
860 2791 964 2859 potes,
993 2779 1034 2840 ita
1063 2777 1151 2839 etium
1174 2779 1254 2838 lleus
1276 2776 1307 2836 in
1329 2775 1396 2838 loeo

166 2881 275 2948 ,‚est.“
319 2874 370 2960 Sic
392 2873 469 2934 enim
493 2873 535 2934 illi
557 2875 603 2936 rel
623 2861 726 2938 saltem
749 2879 785 2939 ab
807 2879 994 2940 audientibus
1013 2885 1193 2956 cogerentur
1208 2875 1397 2937 erubescere.

167 2975 270 3048 Quare
293 2975 371 3034 enim
394 2992 460 3035 cum
482 2973 587 3036 Filium
609 2975 672 3036 neo
694 2995 762 3039 esse
784 2978 947 3051 audierint,
981 2988 1044 3039 ιιιιιι
1068 2975 1125 3054 iusi
1149 2977 1184 3037 ad
1207 2975 1324 3055 seipsos
1346 2993 1397 3038 re·

168 3075 330 3155 spicientes
353 3093 421 3136 eum
443 3075 553 3138 audent
574 3095 692 3155 negare,
715 3096 779 3138 eum
802 3097 872 3139 roro
886 3077 977 3140 Deum
1001 3093 1103 3138 creare
1125 3083 1155 3136 et
1175 3078 1272 3138 lacere
1293 3075 1396 3138 audic-

168 3175 240 3247 rint‚
263 3193 323 3236 non
345 3175 446 3236 itidrrn
468 3175 595 3237 bumana
618 3177 798 3257 opponunt?
832 3178 920 3256 Atqui
942 3196 996 3257 par
1020 3185 1083 3237 erat
1104 3177 1201 3250 etiarn,
1225 3195 1276 3238 eos
1297 3176 1392 3239 inre·

164 3295 233 3338 nrm
256 3277 406 3338 creatione
435 3275 622 3356 intelligenda
653 3279 781 3340 bumana
810 3279 940 3357 cogitare
973 3287 1002 3340 et
1024 3277 1172 3340 materiam
1194 3277 1256 3340 Deo
1278 3295 1392 3358 suppe-

165 3377 275 3449 ditare,
307 3386 341 3440 ut
368 3377 461 3440 Deum
489 3389 654 3441 creatorem
684 3399 753 3442 esse
780 3379 946 3441 inlicientes
977 3379 1095 3442 demum
1121 3398 1186 3441 curn
1212 3378 1391 3440 llanicbaeis

166 3477 376 3540 celebrentur.
422 3479 509 3552 Quod
532 3480 558 3540 si
580 3483 644 3561 ipsa
662 3480 714 3542 llei
736 3481 819 3542 notio
842 3481 889 3541 his
909 3481 1020 3543 maiora
1043 3483 1121 3561 cogit
1141 3481 1281 3559 cogitare,
1302 3487 1468 3558 aequaeuo

168 3578 216 3640 ubi
237 3581 282 3641 rel
305 3588 418 3641 tantum
440 3585 507 3659 quis
529 3581 666 3655 audierit,
688 3581 787 3643 statim
802 3583 897 3644 credit
911 3593 1082 3663 certumque
1098 3583 1198 3648 babet.
1221 3581 1314 3642 Deum
1330 3597 1392 3639 non

168 3697 202 3740 eo
223 3682 314 3742 modo
337 3701 486 3762 essequo
510 3701 566 3743 nos
588 3703 703 3758 surnus,
726 3683 780 3746 sed
802 3666 870 3747 c'sse
893 3684 1056 3759 uilicum,
1080 3701 1136 3746 nec
1156 3699 1258 3742 creare
1280 3687 1314 3740 ut
1334 3679 1393 3740 bo·

236 3864 252 3896 ¹¹
268 3867 326 3929 broc
343 3867 503 3917 non-lecturo.

167 3997 217 4046 ttae
237 3997 334 4060 Serus-r.
353 3999 451 4048 ontrter.
471 4005 495 4047 ct
508 3999 645 4047 totototo,
664 3993 710 4046 κιιὶ
726 3993 756 4046 dr
806 4005 830 4047 et
848 3997 948 4058 segnes.
966 3989 1012 4042 sui
1034 3987 1092 4044 ἴδει
1112 3989 1158 4044 καὶ
1174 3987 1296 4046 ἕκαστον.
1333 3995 1394 4046 ibid.

167 4056 276 4118 τοίτοις
301 4057 408 4119 αὐτούς.
445 4066 506 4114 Editi
531 4059 576 4112 καὶ
600 4057 630 4112 ἐν
648 4061 757 4118 τούτοις
807 4063 864 4113 editi
885 4063 1001 4111 rrterulnse
1021 4065 1106 4112 Ιιιιιιιιι
1127 4061 1182 4112 τῶν
1200 4056 1359 4132 ἄνθρωπον.

169 4123 267 4185 adroic.
843 4133 858 4178 l.
878 4131 917 4178 Sic
935 4133 1050 4186 Scottus..
1069 4133 1108 4182 ulti
1127 4143 1151 4180 et
1169 4147 1254 4182 onttres
1273 4146 1332 4179 reru.
1351 4131 1395 4178 ba·

205 4199 227 4247 Ιι.
246 4203 285 4247 a'ie
310 4201 410 4261 segnes.
434 4199 531 4250 Gcbler.
558 4206 582 4248 et
606 4199 711 4249 tet-tm.
734 4199 754 4249 Ι.
807 4199 862 4246 beot
882 4189 1045 4248 ἀκουόντων.
1082 4201 1144 4249 Etliti
1169 4190 1216 4246 iret
1239 4189 1327 4249 eires
1349 4189 1396 4244 καὶ

171 4265 196 4312 ln
215 4267 284 4314 editis
303 4280 382 4316 ιιιιιιιι
400 4262 432 4315 δέ
449 4279 501 4330 trost
522 4259 577 4316 ἔδει
595 4277 616 4317 et
635 4263 683 4315 καί
700 4276 755 4330 ,ιιι-ι
808 4259 884 4330 nunti
909 4264 965 4314 seir
989 4259 1121 4316 rixo'nur.
1159 4267 1210 4316 llos
1228 4267 1327 4328 Seguer.
1346 4255 1396 4311 tto

170 4323 267 4384 adrosis
285 4335 360 4382 «trust.
390 4333 479 4383 ΙΙιιιΙι-ιιι
492 4339 590 4394 sooner.
602 4327 758 4401 ἂρχιτέκιο-
807 4327 859 4400 μέν
872 4325 1036 4384 ἀκούσωσιν.

169 4411 225 4450 rur.
262 4403 350 4460 torulis.
370 4393 554 4468 ἀρχιτέκτονα.
844 4419 874 4450 ιιι,
900 4405 941 4451 Suc
965 4405 1065 4458 Seritur.
1085 4399 1185 4449 llobler.
1204 4407 1228 4449 et
1245 4397 1349 4472 Felsina..
1373 4396 1396 4444 l.

203 4467 218 4513 i.
238 4469 395 4526 Siesruoer.
431 4477 455 4519 ιιι
475 4473 514 4519 nbi
534 4480 557 4519 et
576 4471 756 4521 editiotnittont
810 4469 858 4528 live
884 4473 941 4519 itero
961 4467 1398 4516 terit.ecreto-tmstntonteeo-

169 4525 354 4600 ὑποκειμένης,
808 4533 878 4590 rode.
915 4536 977 4585 Editi
994 4528 1033 4586 tt'r
1049 4525 1149 4585 «trote
1164 4529 1217 4598 μὲν
1232 4523 1400 4594 ἀποβλέπον-

206 4603 229 4648 t.
248 4611 346 4664 segnes.
365 4597 411 4652 καὶ
428 4595 482 4652 ἔδει
498 4595 622 4654 ἕκαστον.
658 4605 757 4654 Gebler.
810 4613 861 4656 res.

206 4689 332 4733 brunnen
345 4701 398 4734 ors.
411 4701 482 4758 noun.
495 4703 547 4735 ιιι.
1165 4679 1197 4728 ¹³
