3226 5280
250 351 310 416 142
643 367 669 410 s.
684 367 838 412 οταοιιοειι
852 368 1078 414 ιαοοιενιεαονι

159 516 315 580 ν.ιοι.ιο1ο
339 517 413 580 hosa
438 515 548 580 utrina
575 515 667 582 solitu
694 521 881 583 terminatur
914 518 1115 582 conclusione.
1165 518 1255 586 llotio
1288 530 1388 588 auton
1417 541 1475 584 our

245 621 373 700 quinque
395 617 544 682 οδαετιιιι
566 617 698 682 Arianos
723 619 884 682 Orationes
906 622 939 682 in
960 620 1065 683 osultis
1086 632 1289 700 numerentur
1305 621 1471 694 Calidius,

244 719 333 782 nullo
354 717 416 780 olio
438 719 573 790 videtur,
605 735 695 800 quom
720 721 801 802 quoti
827 724 860 782 in
888 720 951 784 illis
976 722 1131 786 Coelicihus
1152 723 1291 802 itptssoto
1312 723 1472 804 Encyolico

241 822 284 882 ah
303 821 470 900 opiscopus
491 819 618 900 Αιρμμιι·
636 831 665 882 et
679 820 789 900 Lihyae
806 825 950 902 procare
971 834 1040 885 erat
1060 835 1131 886 onte
1145 834 1279 904 quatuor
1297 825 1470 896 Orationes,

243 940 318 1004 anae
339 921 455 1002 aen'lem
477 938 543 982 ενοι
564 931 593 984 st
614 923 682 1000 ipso
703 926 745 986 sit
764 926 798 984 in
819 923 950 986 Arianos
974 929 1152 1006 composito,
1184 929 1335 1008 inscripto
1356 925 1470 988 idcirco

241 1033 289 1085 est
311 1021 421 1084 Oratio
440 1025 543 1101 prima
567 1031 675 1086 contra
695 1013 842 1087 Arianos.
1431 1085 1436 1092 ,

326 1122 377 1184 lll.
421 1120 658 1203 Supersedersus
681 1123 728 1186 hic
750 1127 990 1204 aproponenelis
1007 1127 1199 1207 sinanlorum
1216 1127 1400 1192 Orationusn
1413 1145 1470 1188 or-

240 1227 403 1304 namentis,
437 1241 486 1285 res
515 1227 593 1286 enine
619 1242 676 1288 nas
699 1225 819 1305 lonat'us
843 1227 1016 1301 lelnceret,·
1045 1229 1098 1290 scel
1119 1227 1254 1309 seacula,
1283 1248 1358 1309 quoe
1381 1231 1470 1308 liano

241 1327 451 1390 ohservationes
471 1325 558 1386 nohis
581 1329 646 1386 uisa
669 1336 756 1398 sunt,
785 1331 817 1388 in
847 1332 982 1408 πανρινιε
1003 1342 1154 1393 annotare
1175 1330 1261 1392 nohis
1284 1347 1376 1392 aurae
1397 1330 1468 1408 fuit,

238 1445 323 1508 quas,
347 1429 398 1488 cui
419 1425 562 1498 labuerit,
584 1425 677 1505 focile
695 1430 796 1507 possit
815 1426 1022 1508 perlustrare.
1066 1429 1149 1492 Satis
1172 1435 1299 1514 interius
1316 1435 1357 1492 sit
1377 1447 1470 1508 yene-

240 1531 333 1592 rotirn
355 1527 535 1598 ohservare,
565 1527 714 1590 hrianom
736 1533 914 1608 shspistateae
934 1528 1023 1608 plene
1045 1529 1093 1592 hic
1120 1532 1294 1608 confutari,
1322 1533 1470 1610 variaque

240 1629 430 1692 Asianorum
449 1638 632 1708 aryumcnta
663 1640 692 1692 st
714 1647 865 1710 responsa
886 1630 1006 1708 referri
1025 1641 1054 1692 et
1077 1629 1189 1709 refelli.
1234 1629 1294 1692 Noc
1315 1647 1390 1692 vero
1413 1647 1468 1690 sa-

240 1730 302 1792 tens
325 1730 510 1793 hrionorum
534 1729 682 1797 haeresim
704 1734 834 1794 conterit
857 1729 888 1792 S.
912 1729 1019 1802 Pater,
1049 1731 1101 1792 secl
1128 1729 1262 1792 alioruin
1282 1734 1372 1792 etiarn
1394 1729 1469 1792 hao-

240 1836 415 1906 roticoruco,
437 1835 491 1911 qui
509 1836 593 1894 circa
615 1830 769 1894 Christum
782 1831 946 1894 Dominum
966 1842 1160 1904 erraverunt,
1185 1841 1349 1896 commento
1371 1831 1469 1892 aliter

230 1931 389 2003 dissoluit,
412 1935 476 1994 siue
496 1935 549 2011 ραι·
568 1931 722 1996 Christum
740 1950 858 2013 purum
873 1938 944 1996 'osse
967 1933 1121 2003 hominem,
1145 1935 1207 1994 sice
1228 1935 1280 2013 qui
1298 1950 1366 1994 sum
1388 1949 1469 1992 non-

237 2037 303 2095 nisi
325 2033 552 2112 phantasticum
580 2032 721 2096 hahuisse
755 2049 884 2114 corpus,
918 2038 981 2096 siae
1008 2037 1062 2114 qui
1086 2033 1158 2115 quil
1184 2032 1269 2096 aliut
1295 2033 1469 2113 finxerunt.

242 2134 443 2207 Quinetiam
469 2137 513 2196 ita
540 2133 633 2196 nitide
662 2151 767 2196 oerore
789 2135 824 2196 tle
848 2133 967 2197 Christo
991 2134 1120 2198 Daou'ao
1142 2135 1232 2215 helem
1260 2137 1399 2213 exponit,
1434 2143 1469 2194 ut

238 2238 378 2314 ipsorum
398 2251 524 2315 quoque,
546 2237 598 2315 qni
607 2244 682 2314 post
696 2239 795 2316 iosuae
810 2237 913 2300 εαονιι·
925 2247 1007 2305 suot,
1031 2236 1188 2313 confodiat
1203 2235 1360 2297 haeresint.
1390 2231 1469 2297 ilinc

239 2334 417 2398 Nestorium
434 2339 600 2418 prosterni,
634 2354 701 2398 cunt
724 2337 808 2400 docet
832 2335 1000 2406 Christum,
1031 2335 1129 2398 Deum
1158 2335 1225 2398 licet
1252 2347 1281 2398 et
1310 2335 1467 2406 hominem,

236 2455 333 2500 senon
354 2448 454 2499 tarsen
476 2455 548 2508 esse,
570 2441 720 2518 uniusque
742 2455 807 2500 ssss
829 2442 892 2501 eius
916 2455 982 2499 cum
1004 2437 1107 2500 ‹h'oina
1128 2447 1193 2498 tuos
1215 2436 1348 2499 humana
1364 2455 1467 2516 opera,

232 2557 305 2606 curn
333 2538 456 2605 Vtrhuoo
478 2557 540 2601 non
562 2543 595 2602 in
617 2538 762 2600 hominem
785 2539 987 2610 descendisse,
1021 2538 1074 2601 secl
1095 2538 1243 2600 hominem
1262 2538 1379 2616 suetum
1400 2555 1467 2600 esse

96 2657 100 2666 ·
152 2649 159 2660 '
239 2641 384 2711 ostendit,
416 2659 482 2702 αινιι
509 2641 634 2720 διαίρειν
663 2639 953 2719 carminarem
975 2640 1106 2702 Mariam
1126 2633 1288 2704 θεοτόκον
1309 2637 1466 2717 Deiparom

235 2746 359 2824 saepius
381 2741 524 2822 appellat.
569 2740 639 2804 Nan
659 2745 761 2802 asinus
783 2744 873 2802 etiam
888 2740 1032 2820 Eutychis
1055 2743 1162 2804 errori
1182 2741 1376 2810 adversatur,
1401 2758 1467 2800 onos

236 2848 351 2924 possim
374 2844 560 2906 lernoustrat
582 2843 740 2906 distinctos
766 2842 882 2904 Christi
900 2853 1031 2906 staturas
1059 2847 1204 2921 coreliano
1236 2859 1343 2902 eornm
1363 2844 1468 2902 monia

239 2945 350 3008 diserte
371 2943 512 3024 explicat.
557 2941 637 3006 Hinc
658 2947 760 3006 sorceti
779 2943 887 3006 Patres
910 2947 942 3004 in
967 2943 1122 3014 Consiliis,
1156 2945 1189 3004 in
1212 2943 1317 3021 quihus
1340 2940 1468 3003 illorum

239 3047 461 3110 haereticorum
483 3046 626 3108 damnata
647 3047 785 3125 inpietas
808 3057 862 3115 est,
885 3044 1118 3108 tontiDoctoris
1135 3046 1305 3106 tosthnonia
1318 3042 1469 3104 adolescere

237 3147 383 3228 fidemque
407 3145 588 3209 Catholicano
618 3149 682 3212 ονἰιν
706 3145 891 3227 aorefirrnors
913 3148 1096 3208 auctoritate
1122 3162 1185 3207 stan
1209 3143 1392 3214 omiserunt,
1420 3147 1470 3206 uti

238 3247 278 3308 ael
296 3249 429 3325 propria
452 3247 518 3308 loca
539 3252 719 3310 assissinos.

322 3345 371 3406 iv.
407 3345 518 3420 Photii,
534 3352 587 3425 qui
600 3347 717 3427 aaran
731 3351 795 3427 ι’μιε
808 3350 937 3428 quinque
952 3344 984 3408 S.
1000 3346 1163 3410 Athanasii
1178 3347 1342 3410 Orationes
1359 3357 1466 3408 contro

237 3447 369 3508 Arianos
393 3455 549 3514 uocarat,
584 3448 619 3508 sle
647 3448 750 3508 iisdem
774 3447 972 3508 Orationibus
996 3448 1138 3510 iudicium
1165 3466 1227 3511 non
1256 3449 1466 3510 trecasinus

235 3547 549 3631 praetermittentium.
586 3546 638 3608 Sic
652 3551 747 3626 iyitur
761 3545 814 3609 ille
828 3547 1027 3610 Bibliothecae
1045 3547 1150 3612 Codice
1168 3552 1255 3614 140.;
1274 3539 1466 3631 ἀνεγνώσθη

236 3648 296 3712 τοῦ
319 3639 420 3711 αὐτοῦ
442 3639 537 3729 ἁγίου
561 3637 796 3724 (Ἀθαναοιου)
818 3640 839 3730 ἡ
861 3644 945 3712 κατὰ
963 3641 1095 3730 Ἀρείου
1120 3651 1175 3712 nat
1196 3647 1263 3712 τῶν
1286 3641 1386 3714 αὐτοῦ
1410 3646 1467 3712 δο-

235 3745 369 3833 γμάτων
391 3744 620 3830 πεντάβιβλος.
644 3743 703 3833 τὴν
729 3747 790 3831 μὲν
812 3735 870 3812 οὖν
892 3745 1016 3832 φράσιν
1040 3744 1150 3834 σαφής
1172 3751 1208 3812 τέ
1228 3745 1328 3828 ἐστιν,
1352 3743 1397 3828 ὡς
1411 3745 1467 3814 καὶ

237 3847 272 3915 ἐν
292 3850 396 3929 πᾶσι,
430 3851 484 3916 eat
507 3841 761 3935 &concesserat
784 3840 917 3935 ἀφελής,
942 3845 1058 3933 δριμὺς
1079 3845 1136 3916 καὶ
1156 3847 1281 3934 βαθύς,
1311 3851 1365 3917 καλ
1394 3858 1467 3928 τοῖς

236 3949 489 4038 ἐπιχειρήμασιν
521 3947 663 4030 εὔτονος.
697 3948 753 4018 καὶ
779 3947 819 4016 τὸ
845 3946 982 4035 γόνιμον
1004 3949 1040 4016 δὲ
1062 3944 1163 4018 αὐτοῦ
1186 3949 1221 4020 ἐν
1242 3949 1374 4030 τούτοις
1394 3945 1467 4036 ἡλί-

236 4076 308 4133 κον,
338 4048 418 4120 ὅσον
439 4055 493 4120 nal
515 4053 718 4138 θαυμάσιον.
747 4052 895 4138 λογικοῖς
922 4077 959 4120 τε
979 4051 1143 4136 μεθὸδοις
1164 4051 1240 4122 οὔτε
1260 4055 1390 4139 γομνῶς
1411 4053 1465 4118 καὶ

237 4150 308 4222 ἀπὸ
328 4153 459 4224 hoton
481 4155 608 4234 λέξεων,
633 4151 742 4241 ὥςπερ
766 4153 799 4220 οἶ
820 4155 942 4231 παῖδας
961 4155 1017 4220 καὶ
1040 4149 1241 4241 ἇρτιμαδεῖς
1260 4151 1463 4240 μειρακιώδη

236 4257 432 4343 φιλοτιμίαν
462 4253 725 4338 ἐπιδεικνύμενοι
745 4253 966 4340 πράττουσιν,
991 4248 1066 4322 ἄλλ’
1091 4251 1330 4343 ἐμφιλοαδφως
1350 4279 1388 4322 τε
1409 4256 1464 4322 nal

143 4375 156 4414 ·'
235 4359 508 4443 μεγαλοπρεπῶς,
522 4352 579 4422 καὶ
594 4345 669 4432 rate
685 4354 827 4433 ἐννοίαις
839 4353 959 4438 μόναις
973 4358 1026 4422 καὶ
1042 4355 1178 4432 ταύταις
1190 4354 1465 4440 διεσχηματιαμέ-

227 4478 309 4532 ναις
332 4449 568 4542 ἀποκέχρηται·
590 4464 769 4543 γραφικοῖς
789 4480 826 4522 τε
846 4462 1043 4541 μαρτυρίαις
1064 4457 1118 4522 καὶ
1134 4449 1345 4534 ἀποδείξεσιν
1362 4453 1410 4534 eh
1423 4454 1464 4522 τὸ

232 4555 391 4643 καρτερὸν
412 4553 660 4642 κατωχδρωτοι·
688 4557 743 4624 scal
770 4552 887 4664 διπλαῖς
913 4551 1015 4642 ἀρκεῑ-
1034 4555 1075 4624 τὸ
1101 4555 1232 4644 βιβλίον
1258 4559 1357 4625 τοῦτο
1379 4554 1466 4625 κατὰ
