<?xml version="1.0" encoding="UTF-8"?>
<!DOCTYPE html PUBLIC "-//W3C//DTD XHTML 1.0 Transitional//EN"
    "http://www.w3.org/TR/xhtml1/DTD/xhtml1-transitional.dtd">
<html xmlns="http://www.w3.org/1999/xhtml" xml:lang="en" lang="en">
 <head>
  <title>
</title>
<meta http-equiv="Content-Type" content="text/html;charset=utf-8" />
  <meta name='ocr-system' content='tesseract 3.04.00' />
  <meta name='ocr-capabilities' content='ocr_page ocr_carea ocr_par ocr_line ocrx_word'/>
</head>
<body>
  <div class='ocr_page' id='page_1' title='image "./sanctiathanasii00athagoog_0212.png"; bbox 0 0 3236 5286; ppageno 0'>
   <div class='ocr_carea' id='block_1_1' title="bbox 573 369 1391 434">
    <p class='ocr_par' dir='ltr' id='par_1_1' title="bbox 573 369 1391 434">
     <span class='ocr_line' id='line_1_1' title="bbox 573 369 1391 434; baseline 0.012 -10"><span class='ocrx_word' id='word_1_1' title='bbox 573 379 683 424; x_wconf 79' lang='lat' dir='ltr'><strong>enarro</strong></span> <span class='ocrx_word' id='word_1_2' title='bbox 698 381 718 424; x_wconf 87' lang='grc' dir='ltr'><strong>ι.</strong></span> <span class='ocrx_word' id='word_1_3' title='bbox 734 381 851 426; x_wconf 78' lang='lat' dir='ltr'><strong>eorm</strong></span> <span class='ocrx_word' id='word_1_4' title='bbox 863 381 999 428; x_wconf 76' lang='lat' dir='ltr'><strong>muros.</strong></span> <span class='ocrx_word' id='word_1_5' title='bbox 1331 369 1391 434; x_wconf 77' lang='lat' dir='ltr'><strong>lib</strong></span> 
     </span>
    </p>
   </div>
   <div class='ocr_carea' id='block_1_2' title="bbox 160 527 1479 714">
    <p class='ocr_par' dir='ltr' id='par_1_2' title="bbox 160 527 1479 714">
     <span class='ocr_line' id='line_1_2' title="bbox 254 527 1479 616; baseline 0.002 -24"><span class='ocrx_word' id='word_1_6' title='bbox 254 532 301 594; x_wconf 85' lang='lat' dir='ltr'><strong>tu.</strong></span> <span class='ocrx_word' id='word_1_7' title='bbox 346 527 480 602; x_wconf 67' lang='lat' dir='ltr'><strong>morum</strong></span> <span class='ocrx_word' id='word_1_8' title='bbox 508 527 597 607; x_wconf 89' lang='lat' dir='ltr'><strong>igitur</strong></span> <span class='ocrx_word' id='word_1_9' title='bbox 624 528 713 592; x_wconf 81' lang='lat' dir='ltr'><strong>verba</strong></span> <span class='ocrx_word' id='word_1_10' title='bbox 739 531 833 610; x_wconf 88' lang='lat' dir='ltr'><strong>magia</strong></span> <span class='ocrx_word' id='word_1_11' title='bbox 862 531 937 609; x_wconf 16' lang='lat' dir='ltr'><strong>uso*</strong></span> <span class='ocrx_word' id='word_1_12' title='bbox 952 531 1039 611; x_wconf 72' lang='lat' dir='ltr'><strong>dignm</strong></span> <span class='ocrx_word' id='word_1_13' title='bbox 1067 541 1139 596; x_wconf 89' lang='lat' dir='ltr'><strong>aunt</strong></span> <span class='ocrx_word' id='word_1_14' title='bbox 1168 535 1479 616; x_wconf 69' lang='lat' dir='ltr'><strong>ostendunteuanut</strong></span> 
     </span>
     <span class='ocr_line' id='line_1_3' title="bbox 160 628 1389 714; baseline 0.007 -20"><span class='ocrx_word' id='word_1_15' title='bbox 160 631 323 694; x_wconf 79' lang='lat' dir='ltr'><strong>Dominum</strong></span> <span class='ocrx_word' id='word_1_16' title='bbox 344 637 481 692; x_wconf 87' lang='lat' dir='ltr'><strong>nestram</strong></span> <span class='ocrx_word' id='word_1_17' title='bbox 496 628 593 692; x_wconf 86' lang='lat' dir='ltr'><strong>lesum</strong></span> <span class='ocrx_word' id='word_1_18' title='bbox 609 630 759 694; x_wconf 75' lang='lat' dir='ltr'><strong>Christum</strong></span> <span class='ocrx_word' id='word_1_19' title='bbox 775 631 867 694; x_wconf 73' lang='lat' dir='ltr'><strong>lieu·</strong></span> <span class='ocrx_word' id='word_1_20' title='bbox 890 651 960 694; x_wconf 87' lang='lat' dir='ltr'><strong>esse</strong></span> <span class='ocrx_word' id='word_1_21' title='bbox 982 643 1013 694; x_wconf 85' lang='lat' dir='ltr'><strong>et</strong></span> <span class='ocrx_word' id='word_1_22' title='bbox 1026 633 1134 696; x_wconf 83' lang='lat' dir='ltr'><strong>Filium</strong></span> <span class='ocrx_word' id='word_1_23' title='bbox 1148 633 1270 698; x_wconf 76' lang='lat' dir='ltr'><strong>nsunt</strong></span> <span class='ocrx_word' id='word_1_24' title='bbox 1297 635 1389 714; x_wconf 78' lang='lat' dir='ltr'><strong>Esne,</strong></span> 
     </span>
    </p>
   </div>
   <div class='ocr_carea' id='block_1_3' title="bbox 157 730 1515 4042">
    <p class='ocr_par' dir='ltr' id='par_1_3' title="bbox 157 730 1515 4042">
     <span class='ocr_line' id='line_1_4' title="bbox 160 730 1389 814; baseline 0.002 -22"><span class='ocrx_word' id='word_1_25' title='bbox 160 751 238 814; x_wconf 76' lang='lat' dir='ltr'><strong>quae</strong></span> <span class='ocrx_word' id='word_1_26' title='bbox 260 749 314 794; x_wconf 84' lang='lat' dir='ltr'><strong>sos</strong></span> <span class='ocrx_word' id='word_1_27' title='bbox 336 730 526 802; x_wconf 80' lang='lat' dir='ltr'><strong>evomuistis.</strong></span> <span class='ocrx_word' id='word_1_28' title='bbox 553 749 654 794; x_wconf 84' lang='lat' dir='ltr'><strong>aunon</strong></span> <span class='ocrx_word' id='word_1_29' title='bbox 676 733 776 810; x_wconf 85' lang='lat' dir='ltr'><strong>petius</strong></span> <span class='ocrx_word' id='word_1_30' title='bbox 797 752 848 804; x_wconf 84' lang='lat' dir='ltr'><strong>ea,</strong></span> <span class='ocrx_word' id='word_1_31' title='bbox 879 751 955 812; x_wconf 84' lang='lat' dir='ltr'><strong>quae</strong></span> <span class='ocrx_word' id='word_1_32' title='bbox 977 751 1037 792; x_wconf 89' lang='lat' dir='ltr'><strong>nos</strong></span> <span class='ocrx_word' id='word_1_33' title='bbox 1059 733 1277 811; x_wconf 76' lang='lat' dir='ltr'><strong>exscriptoris</strong></span> <span class='ocrx_word' id='word_1_34' title='bbox 1296 738 1389 802; x_wconf 63' lang='lat' dir='ltr'><strong>samm</strong></span> 
     </span>
     <span class='ocr_line' id='line_1_5' title="bbox 161 829 1390 912; baseline 0 -16"><span class='ocrx_word' id='word_1_35' title='bbox 161 845 194 896; x_wconf 89' lang='lat' dir='ltr'><strong>et</strong></span> <span class='ocrx_word' id='word_1_36' title='bbox 214 831 366 896; x_wconf 74' lang='lat' dir='ltr'><strong>attulimus</strong></span> <span class='ocrx_word' id='word_1_37' title='bbox 388 840 418 893; x_wconf 88' lang='lat' dir='ltr'><strong>at</strong></span> <span class='ocrx_word' id='word_1_38' title='bbox 438 829 614 894; x_wconf 75' lang='lat' dir='ltr'><strong>afferimus?</strong></span> <span class='ocrx_word' id='word_1_39' title='bbox 656 832 760 912; x_wconf 82' lang='lat' dir='ltr'><strong>ltaque</strong></span> <span class='ocrx_word' id='word_1_40' title='bbox 782 833 811 894; x_wconf 90' lang='lat' dir='ltr'><strong>si</strong></span> <span class='ocrx_word' id='word_1_41' title='bbox 833 833 969 894; x_wconf 73' lang='lat' dir='ltr'><strong>Salvator</strong></span> <span class='ocrx_word' id='word_1_42' title='bbox 995 849 1052 892; x_wconf 84' lang='lat' dir='ltr'><strong>nee</strong></span> <span class='ocrx_word' id='word_1_43' title='bbox 1079 831 1160 894; x_wconf 80' lang='lat' dir='ltr'><strong>Deus</strong></span> <span class='ocrx_word' id='word_1_44' title='bbox 1190 851 1246 896; x_wconf 88' lang='lat' dir='ltr'><strong>nee</strong></span> <span class='ocrx_word' id='word_1_45' title='bbox 1264 835 1390 902; x_wconf 69' lang='lat' dir='ltr'><strong>Verbum</strong></span> 
     </span>
     <span class='ocr_line' id='line_1_6' title="bbox 162 930 1393 1012; baseline 0 -12"><span class='ocrx_word' id='word_1_46' title='bbox 162 954 221 1000; x_wconf 84' lang='lat' dir='ltr'><strong>nee</strong></span> <span class='ocrx_word' id='word_1_47' title='bbox 240 934 333 998; x_wconf 78' lang='lat' dir='ltr'><strong>Filius</strong></span> <span class='ocrx_word' id='word_1_48' title='bbox 356 941 419 1005; x_wconf 84' lang='lat' dir='ltr'><strong>ost,</strong></span> <span class='ocrx_word' id='word_1_49' title='bbox 450 932 539 994; x_wconf 86' lang='lat' dir='ltr'><strong>lieeat</strong></span> <span class='ocrx_word' id='word_1_50' title='bbox 563 950 637 996; x_wconf 87' lang='lat' dir='ltr'><strong>sane</strong></span> <span class='ocrx_word' id='word_1_51' title='bbox 664 931 751 994; x_wconf 82' lang='lat' dir='ltr'><strong>vobis</strong></span> <span class='ocrx_word' id='word_1_52' title='bbox 779 931 1029 1012; x_wconf 86' lang='lat' dir='ltr'><strong>quemadmodum</strong></span> <span class='ocrx_word' id='word_1_53' title='bbox 1053 930 1220 994; x_wconf 79' lang='lat' dir='ltr'><strong>umatum</strong></span> <span class='ocrx_word' id='word_1_54' title='bbox 1248 943 1278 996; x_wconf 89' lang='lat' dir='ltr'><strong>at</strong></span> <span class='ocrx_word' id='word_1_55' title='bbox 1298 939 1393 1000; x_wconf 84' lang='lat' dir='ltr'><strong>nostn&#39;</strong></span> 
     </span>
     <span class='ocr_line' id='line_1_7' title="bbox 160 1032 1393 1114; baseline 0.003 -16"><span class='ocrx_word' id='word_1_56' title='bbox 160 1035 226 1098; x_wconf 86' lang='lat' dir='ltr'><strong>aeri</strong></span> <span class='ocrx_word' id='word_1_57' title='bbox 249 1034 366 1097; x_wconf 88' lang='lat' dir='ltr'><strong>ludaeis</strong></span> <span class='ocrx_word' id='word_1_58' title='bbox 388 1032 527 1114; x_wconf 81' lang='lat' dir='ltr'><strong>quiequid</strong></span> <span class='ocrx_word' id='word_1_59' title='bbox 548 1032 670 1094; x_wconf 80' lang='lat' dir='ltr'><strong>libuerit</strong></span> <span class='ocrx_word' id='word_1_60' title='bbox 690 1033 807 1106; x_wconf 77' lang='lat' dir='ltr'><strong>diner03</strong></span> <span class='ocrx_word' id='word_1_61' title='bbox 830 1033 884 1094; x_wconf 88' lang='lat' dir='ltr'><strong>aed</strong></span> <span class='ocrx_word' id='word_1_62' title='bbox 906 1033 933 1095; x_wconf 88' lang='lat' dir='ltr'><strong>si</strong></span> <span class='ocrx_word' id='word_1_63' title='bbox 955 1041 985 1094; x_wconf 91' lang='lat' dir='ltr'><strong>at</strong></span> <span class='ocrx_word' id='word_1_64' title='bbox 1000 1032 1128 1096; x_wconf 76' lang='lat' dir='ltr'><strong>Verbum</strong></span> <span class='ocrx_word' id='word_1_65' title='bbox 1141 1033 1241 1098; x_wconf 82' lang='lat' dir='ltr'><strong>Patris</strong></span> <span class='ocrx_word' id='word_1_66' title='bbox 1260 1042 1291 1096; x_wconf 88' lang='lat' dir='ltr'><strong>et</strong></span> <span class='ocrx_word' id='word_1_67' title='bbox 1304 1035 1393 1102; x_wconf 74' lang='lat' dir='ltr'><strong>rum</strong></span> 
     </span>
     <span class='ocr_line' id='line_1_8' title="bbox 162 1133 1393 1214; baseline -0.001 -14"><span class='ocrx_word' id='word_1_68' title='bbox 162 1155 253 1200; x_wconf 79' lang='lat' dir='ltr'><strong>verus</strong></span> <span class='ocrx_word' id='word_1_69' title='bbox 276 1143 339 1210; x_wconf 86' lang='lat' dir='ltr'><strong>ast,</strong></span> <span class='ocrx_word' id='word_1_70' title='bbox 370 1133 499 1200; x_wconf 80' lang='lat' dir='ltr'><strong>sibeos</strong></span> <span class='ocrx_word' id='word_1_71' title='bbox 522 1142 571 1196; x_wconf 88' lang='lat' dir='ltr'><strong>est</strong></span> <span class='ocrx_word' id='word_1_72' title='bbox 591 1151 628 1198; x_wconf 82' lang='lat' dir='ltr'><strong>ea</strong></span> <span class='ocrx_word' id='word_1_73' title='bbox 648 1133 712 1196; x_wconf 81' lang='lat' dir='ltr'><strong>lieo</strong></span> <span class='ocrx_word' id='word_1_74' title='bbox 734 1141 764 1196; x_wconf 90' lang='lat' dir='ltr'><strong>et</strong></span> <span class='ocrx_word' id='word_1_75' title='bbox 786 1152 877 1214; x_wconf 86' lang='lat' dir='ltr'><strong>snper</strong></span> <span class='ocrx_word' id='word_1_76' title='bbox 898 1135 997 1198; x_wconf 87' lang='lat' dir='ltr'><strong>omnia</strong></span> <span class='ocrx_word' id='word_1_77' title='bbox 1017 1133 1193 1198; x_wconf 79' lang='lat' dir='ltr'><strong>bmedirtus</strong></span> <span class='ocrx_word' id='word_1_78' title='bbox 1214 1135 1246 1198; x_wconf 92' lang='lat' dir='ltr'><strong>in</strong></span> <span class='ocrx_word' id='word_1_79' title='bbox 1268 1137 1393 1212; x_wconf 72' lang='lat' dir='ltr'><strong>neoda,</strong></span> 
     </span>
     <span class='ocr_line' id='line_1_9' title="bbox 163 1235 1395 1316; baseline -0.002 -14"><span class='ocrx_word' id='word_1_80' title='bbox 163 1257 200 1302; x_wconf 86' lang='lat' dir='ltr'><strong>aa</strong></span> <span class='ocrx_word' id='word_1_81' title='bbox 222 1256 284 1300; x_wconf 90' lang='lat' dir='ltr'><strong>non</strong></span> <span class='ocrx_word' id='word_1_82' title='bbox 305 1253 433 1316; x_wconf 84' lang='lat' dir='ltr'><strong>prorsus</strong></span> <span class='ocrx_word' id='word_1_83' title='bbox 455 1253 582 1316; x_wconf 83' lang='lat' dir='ltr'><strong>aequum</strong></span> <span class='ocrx_word' id='word_1_84' title='bbox 604 1235 710 1309; x_wconf 86' lang='lat' dir='ltr'><strong>luerit,</strong></span> <span class='ocrx_word' id='word_1_85' title='bbox 732 1235 803 1298; x_wconf 85' lang='lat' dir='ltr'><strong>alias</strong></span> <span class='ocrx_word' id='word_1_86' title='bbox 826 1254 915 1298; x_wconf 82' lang='lat' dir='ltr'><strong>voees</strong></span> <span class='ocrx_word' id='word_1_87' title='bbox 938 1245 969 1298; x_wconf 89' lang='lat' dir='ltr'><strong>et</strong></span> <span class='ocrx_word' id='word_1_88' title='bbox 988 1237 1127 1300; x_wconf 80' lang='lat' dir='ltr'><strong>trianam</strong></span> <span class='ocrx_word' id='word_1_89' title='bbox 1149 1237 1283 1300; x_wconf 85' lang='lat' dir='ltr'><strong>&#39;l&#39;baliam</strong></span> <span class='ocrx_word' id='word_1_90' title='bbox 1306 1237 1395 1300; x_wconf 84' lang='lat' dir='ltr'><strong>veluti</strong></span> 
     </span>
     <span class='ocr_line' id='line_1_10' title="bbox 162 1335 1515 1417; baseline -0.001 -14"><span class='ocrx_word' id='word_1_91' title='bbox 162 1340 306 1404; x_wconf 73' lang='lat' dir='ltr'><strong>moron</strong></span> <span class='ocrx_word' id='word_1_92' title='bbox 330 1338 488 1416; x_wconf 74' lang='lat' dir='ltr'><strong>imaginem</strong></span> <span class='ocrx_word' id='word_1_93' title='bbox 510 1335 652 1416; x_wconf 84' lang='lat' dir='ltr'><strong>omniqua</strong></span> <span class='ocrx_word' id='word_1_94' title='bbox 673 1336 790 1417; x_wconf 83' lang='lat' dir='ltr'><strong>plenam</strong></span> <span class='ocrx_word' id='word_1_95' title='bbox 811 1337 963 1417; x_wconf 80' lang='lat' dir='ltr'><strong>impietate</strong></span> <span class='ocrx_word' id='word_1_96' title='bbox 985 1337 1085 1400; x_wconf 80' lang='lat' dir='ltr'><strong>delere</strong></span> <span class='ocrx_word' id='word_1_97' title='bbox 1105 1347 1136 1402; x_wconf 90' lang='lat' dir='ltr'><strong>et</strong></span> <span class='ocrx_word' id='word_1_98' title='bbox 1157 1339 1333 1412; x_wconf 82' lang='lat' dir='ltr'><strong>obliterare.</strong></span> <span class='ocrx_word' id='word_1_99' title='bbox 1364 1339 1395 1402; x_wconf 86' lang='lat' dir='ltr'><strong>in</strong></span> <span class='ocrx_word' id='word_1_100' title='bbox 1507 1351 1515 1358; x_wconf 85' lang='lat'>&#39;</span> 
     </span>
     <span class='ocr_line' id='line_1_11' title="bbox 162 1437 1391 1520; baseline 0 -18"><span class='ocrx_word' id='word_1_101' title='bbox 162 1458 252 1519; x_wconf 81' lang='lat' dir='ltr'><strong>qaaam</strong></span> <span class='ocrx_word' id='word_1_102' title='bbox 272 1441 323 1520; x_wconf 89' lang='lat' dir='ltr'><strong>qui</strong></span> <span class='ocrx_word' id='word_1_103' title='bbox 344 1439 492 1510; x_wconf 80' lang='lat' dir='ltr'><strong>inciderit</strong></span> <span class='ocrx_word' id='word_1_104' title='bbox 515 1438 611 1502; x_wconf 78' lang='lat' dir='ltr'><strong>nestit</strong></span> <span class='ocrx_word' id='word_1_105' title='bbox 632 1437 765 1518; x_wconf 86' lang='lat' dir='ltr'><strong>gigantes</strong></span> <span class='ocrx_word' id='word_1_106' title='bbox 787 1437 827 1500; x_wconf 88' lang='lat' dir='ltr'><strong>ibi</strong></span> <span class='ocrx_word' id='word_1_107' title='bbox 842 1439 950 1518; x_wconf 81' lang='lat' dir='ltr'><strong>perire,</strong></span> <span class='ocrx_word' id='word_1_108' title='bbox 974 1439 1097 1520; x_wconf 83' lang='lat' dir='ltr'><strong>ipseque</strong></span> <span class='ocrx_word' id='word_1_109' title='bbox 1117 1440 1148 1502; x_wconf 95' lang='lat' dir='ltr'><strong>in</strong></span> <span class='ocrx_word' id='word_1_110' title='bbox 1162 1441 1327 1504; x_wconf 81' lang='lat' dir='ltr'><strong>interorum</strong></span> <span class='ocrx_word' id='word_1_111' title='bbox 1342 1441 1391 1502; x_wconf 85' lang='lat' dir='ltr'><strong>io·</strong></span> 
     </span>
     <span class='ocr_line' id='line_1_12' title="bbox 162 1538 1392 1626; baseline 0.004 -23"><span class='ocrx_word' id='word_1_112' title='bbox 162 1559 246 1603; x_wconf 79' lang='lat' dir='ltr'><strong>ream</strong></span> <span class='ocrx_word' id='word_1_113' title='bbox 268 1538 421 1604; x_wconf 72' lang='lat' dir='ltr'><strong>oemunt?</strong></span> <span class='ocrx_word' id='word_1_114' title='bbox 463 1539 525 1602; x_wconf 85' lang='lat' dir='ltr'><strong>Nee</strong></span> <span class='ocrx_word' id='word_1_115' title='bbox 547 1557 619 1602; x_wconf 85' lang='lat' dir='ltr'><strong>sero</strong></span> <span class='ocrx_word' id='word_1_116' title='bbox 642 1539 673 1602; x_wconf 93' lang='lat' dir='ltr'><strong>id</strong></span> <span class='ocrx_word' id='word_1_117' title='bbox 693 1539 736 1602; x_wconf 90' lang='lat' dir='ltr'><strong>illi</strong></span> <span class='ocrx_word' id='word_1_118' title='bbox 757 1539 905 1622; x_wconf 79' lang='lat' dir='ltr'><strong>ignorem,</strong></span> <span class='ocrx_word' id='word_1_119' title='bbox 926 1540 1055 1621; x_wconf 78' lang='lat' dir='ltr'><strong>bineque</strong></span> <span class='ocrx_word' id='word_1_120' title='bbox 1069 1543 1112 1616; x_wconf 80' lang='lat' dir='ltr'><strong>tit,</strong></span> <span class='ocrx_word' id='word_1_121' title='bbox 1135 1551 1168 1603; x_wconf 93' lang='lat' dir='ltr'><strong>ut</strong></span> <span class='ocrx_word' id='word_1_122' title='bbox 1187 1543 1265 1606; x_wconf 90' lang='lat' dir='ltr'><strong>illam</strong></span> <span class='ocrx_word' id='word_1_123' title='bbox 1288 1551 1392 1626; x_wconf 84' lang='lat' dir='ltr'><strong>utpote</strong></span> 
     </span>
     <span class='ocr_line' id='line_1_13' title="bbox 161 1641 1391 1724; baseline 0.002 -18"><span class='ocrx_word' id='word_1_124' title='bbox 161 1642 258 1706; x_wconf 77' lang='lat' dir='ltr'><strong>callidi</strong></span> <span class='ocrx_word' id='word_1_125' title='bbox 287 1642 435 1706; x_wconf 83' lang='lat' dir='ltr'><strong>oomttent</strong></span> <span class='ocrx_word' id='word_1_126' title='bbox 464 1659 520 1704; x_wconf 85' lang='lat' dir='ltr'><strong>nea</strong></span> <span class='ocrx_word' id='word_1_127' title='bbox 546 1641 674 1704; x_wconf 75' lang='lat' dir='ltr'><strong>audeant</strong></span> <span class='ocrx_word' id='word_1_128' title='bbox 701 1641 891 1722; x_wconf 81' lang='lat' dir='ltr'><strong>pervulgare,</strong></span> <span class='ocrx_word' id='word_1_129' title='bbox 924 1642 977 1704; x_wconf 85' lang='lat' dir='ltr'><strong>sod</strong></span> <span class='ocrx_word' id='word_1_130' title='bbox 1006 1643 1063 1704; x_wconf 87' lang='lat' dir='ltr'><strong>alia</strong></span> <span class='ocrx_word' id='word_1_131' title='bbox 1092 1643 1214 1706; x_wconf 83' lang='lat' dir='ltr'><strong>omnino</strong></span> <span class='ocrx_word' id='word_1_132' title='bbox 1247 1654 1391 1724; x_wconf 81' lang='lat' dir='ltr'><strong>usurpent</strong></span> 
     </span>
     <span class='ocr_line' id='line_1_14' title="bbox 162 1741 1392 1824; baseline 0.003 -20"><span class='ocrx_word' id='word_1_133' title='bbox 162 1742 263 1804; x_wconf 83' lang='lat' dir='ltr'><strong>verba.</strong></span> <span class='ocrx_word' id='word_1_134' title='bbox 305 1743 380 1804; x_wconf 82' lang='lat' dir='ltr'><strong>Nem</strong></span> <span class='ocrx_word' id='word_1_135' title='bbox 403 1742 430 1803; x_wconf 92' lang='lat' dir='ltr'><strong>si</strong></span> <span class='ocrx_word' id='word_1_136' title='bbox 452 1743 542 1822; x_wconf 80' lang='lat' dir='ltr'><strong>impia</strong></span> <span class='ocrx_word' id='word_1_137' title='bbox 563 1743 611 1804; x_wconf 87' lang='lat' dir='ltr'><strong>illa</strong></span> <span class='ocrx_word' id='word_1_138' title='bbox 629 1741 722 1804; x_wconf 73' lang='lat' dir='ltr'><strong>rerba</strong></span> <span class='ocrx_word' id='word_1_139' title='bbox 744 1744 877 1822; x_wconf 84' lang='lat' dir='ltr'><strong>prolerre</strong></span> <span class='ocrx_word' id='word_1_140' title='bbox 898 1743 1057 1814; x_wconf 79' lang='lat' dir='ltr'><strong>auderem.</strong></span> <span class='ocrx_word' id='word_1_141' title='bbox 1087 1763 1148 1806; x_wconf 90' lang='lat' dir='ltr'><strong>non</strong></span> <span class='ocrx_word' id='word_1_142' title='bbox 1177 1744 1299 1808; x_wconf 88' lang='lat' dir='ltr'><strong>dubiam</strong></span> <span class='ocrx_word' id='word_1_143' title='bbox 1319 1745 1392 1824; x_wconf 82' lang='lat' dir='ltr'><strong>quie</strong></span> 
     </span>
     <span class='ocr_line' id='line_1_15' title="bbox 161 1841 1391 1924; baseline 0 -18"><span class='ocrx_word' id='word_1_144' title='bbox 161 1843 445 1916; x_wconf 77' lang='lat' dir='ltr'><strong>condemnarentur.</strong></span> <span class='ocrx_word' id='word_1_145' title='bbox 489 1841 568 1914; x_wconf 76' lang='lat' dir='ltr'><strong>Quin</strong></span> <span class='ocrx_word' id='word_1_146' title='bbox 590 1841 679 1904; x_wconf 83' lang='lat' dir='ltr'><strong>etiam</strong></span> <span class='ocrx_word' id='word_1_147' title='bbox 700 1843 727 1903; x_wconf 90' lang='lat' dir='ltr'><strong>si</strong></span> <span class='ocrx_word' id='word_1_148' title='bbox 750 1844 794 1904; x_wconf 82' lang='lat' dir='ltr'><strong>vot</strong></span> <span class='ocrx_word' id='word_1_149' title='bbox 816 1843 845 1904; x_wconf 90' lang='lat' dir='ltr'><strong>in</strong></span> <span class='ocrx_word' id='word_1_150' title='bbox 868 1845 1070 1924; x_wconf 77' lang='lat' dir='ltr'><strong>suspitionem</strong></span> <span class='ocrx_word' id='word_1_151' title='bbox 1098 1845 1138 1908; x_wconf 87' lang='lat' dir='ltr'><strong>lta</strong></span> <span class='ocrx_word' id='word_1_152' title='bbox 1166 1845 1316 1908; x_wconf 71' lang='lat' dir='ltr'><strong>sennanrli</strong></span> <span class='ocrx_word' id='word_1_153' title='bbox 1338 1863 1391 1906; x_wconf 85' lang='lat' dir='ltr'><strong>re-</strong></span> 
     </span>
     <span class='ocr_line' id='line_1_16' title="bbox 165 1942 1393 2023; baseline 0.004 -19"><span class='ocrx_word' id='word_1_154' title='bbox 165 1943 276 2016; x_wconf 89' lang='lat' dir='ltr'><strong>nirent,</strong></span> <span class='ocrx_word' id='word_1_155' title='bbox 298 1943 435 2022; x_wconf 76' lang='lat' dir='ltr'><strong>prolecto</strong></span> <span class='ocrx_word' id='word_1_156' title='bbox 457 1942 587 2021; x_wconf 81' lang='lat' dir='ltr'><strong>undique</strong></span> <span class='ocrx_word' id='word_1_157' title='bbox 608 1942 825 2023; x_wconf 82' lang='lat' dir='ltr'><strong>Seriptnrerum</strong></span> <span class='ocrx_word' id='word_1_158' title='bbox 848 1943 1048 2008; x_wconf 81' lang='lat' dir='ltr'><strong>obruerentur</strong></span> <span class='ocrx_word' id='word_1_159' title='bbox 1068 1945 1304 2009; x_wconf 83' lang='lat' dir='ltr'><strong>auetoritatibus.</strong></span> <span class='ocrx_word' id='word_1_160' title='bbox 1341 1945 1393 2008; x_wconf 92' lang='lat' dir='ltr'><strong>ld·</strong></span> 
     </span>
     <span class='ocr_line' id='line_1_17' title="bbox 163 2043 1393 2122; baseline 0.002 -15"><span class='ocrx_word' id='word_1_161' title='bbox 163 2044 246 2108; x_wconf 86' lang='lat' dir='ltr'><strong>eireo</strong></span> <span class='ocrx_word' id='word_1_162' title='bbox 267 2044 358 2122; x_wconf 88' lang='lat' dir='ltr'><strong>igitur</strong></span> <span class='ocrx_word' id='word_1_163' title='bbox 379 2051 524 2121; x_wconf 81' lang='lat' dir='ltr'><strong>tamquam</strong></span> <span class='ocrx_word' id='word_1_164' title='bbox 547 2043 598 2106; x_wconf 91' lang='lat' dir='ltr'><strong>lilii</strong></span> <span class='ocrx_word' id='word_1_165' title='bbox 620 2043 708 2106; x_wconf 88' lang='lat' dir='ltr'><strong>buius</strong></span> <span class='ocrx_word' id='word_1_166' title='bbox 731 2045 842 2108; x_wconf 79' lang='lat' dir='ltr'><strong>saemli</strong></span> <span class='ocrx_word' id='word_1_167' title='bbox 863 2046 964 2120; x_wconf 83' lang='lat' dir='ltr'><strong>veriti,</strong></span> <span class='ocrx_word' id='word_1_168' title='bbox 988 2065 1027 2108; x_wconf 85' lang='lat' dir='ltr'><strong>na</strong></span> <span class='ocrx_word' id='word_1_169' title='bbox 1048 2065 1102 2110; x_wconf 85' lang='lat' dir='ltr'><strong>sua</strong></span> <span class='ocrx_word' id='word_1_170' title='bbox 1129 2047 1249 2110; x_wconf 78' lang='lat' dir='ltr'><strong>lucerna</strong></span> <span class='ocrx_word' id='word_1_171' title='bbox 1270 2047 1393 2112; x_wconf 78' lang='lat' dir='ltr'><strong>oleastri</strong></span> 
     </span>
     <span class='ocr_line' id='line_1_18' title="bbox 161 2145 1393 2230; baseline 0 -20"><span class='ocrx_word' id='word_1_172' title='bbox 161 2147 230 2210; x_wconf 86' lang='lat' dir='ltr'><strong>oleo</strong></span> <span class='ocrx_word' id='word_1_173' title='bbox 254 2163 379 2208; x_wconf 82' lang='lat' dir='ltr'><strong>aceensa</strong></span> <span class='ocrx_word' id='word_1_174' title='bbox 401 2145 459 2206; x_wconf 85' lang='lat' dir='ltr'><strong>aito</strong></span> <span class='ocrx_word' id='word_1_175' title='bbox 483 2147 685 2226; x_wconf 76' lang='lat' dir='ltr'><strong>exstinguatur</strong></span> <span class='ocrx_word' id='word_1_176' title='bbox 705 2150 785 2222; x_wconf 84' lang='lat' dir='ltr'><strong>(uam</strong></span> <span class='ocrx_word' id='word_1_177' title='bbox 809 2147 868 2210; x_wconf 80' lang='lat' dir='ltr'><strong>lum</strong></span> <span class='ocrx_word' id='word_1_178' title='bbox 889 2151 1053 2229; x_wconf 69' lang='lat' dir='ltr'><strong>inspienter</strong></span> <span class='ocrx_word' id='word_1_179' title='bbox 1074 2152 1304 2230; x_wconf 61' lang='lat' dir='ltr'><strong>emorimur),</strong></span> <span class='ocrx_word' id='word_1_180' title='bbox 1326 2167 1393 2210; x_wconf 87' lang='lat' dir='ltr'><strong>eam</strong></span> 
     </span>
     <span class='ocr_line' id='line_1_19' title="bbox 162 2247 1390 2330; baseline 0 -18"><span class='ocrx_word' id='word_1_181' title='bbox 162 2249 220 2312; x_wconf 93' lang='lat' dir='ltr'><strong>sub</strong></span> <span class='ocrx_word' id='word_1_182' title='bbox 243 2247 440 2312; x_wconf 80' lang='lat' dir='ltr'><strong>simulationis</strong></span> <span class='ocrx_word' id='word_1_183' title='bbox 460 2247 592 2310; x_wconf 88' lang='lat' dir='ltr'><strong>modium</strong></span> <span class='ocrx_word' id='word_1_184' title='bbox 614 2247 818 2321; x_wconf 83' lang='lat' dir='ltr'><strong>abscondunt,</strong></span> <span class='ocrx_word' id='word_1_185' title='bbox 841 2247 899 2310; x_wconf 87' lang='lat' dir='ltr'><strong>alie</strong></span> <span class='ocrx_word' id='word_1_186' title='bbox 919 2248 1096 2326; x_wconf 84' lang='lat' dir='ltr'><strong>loquuntur,</strong></span> <span class='ocrx_word' id='word_1_187' title='bbox 1117 2249 1280 2314; x_wconf 82' lang='lat' dir='ltr'><strong>amisorum</strong></span> <span class='ocrx_word' id='word_1_188' title='bbox 1301 2267 1390 2330; x_wconf 83' lang='lat' dir='ltr'><strong>prae-</strong></span> 
     </span>
     <span class='ocr_line' id='line_1_20' title="bbox 159 2349 1390 2430; baseline 0.002 -18"><span class='ocrx_word' id='word_1_189' title='bbox 159 2350 239 2412; x_wconf 89' lang='lat' dir='ltr'><strong>sidia</strong></span> <span class='ocrx_word' id='word_1_190' title='bbox 261 2358 292 2411; x_wconf 86' lang='lat' dir='ltr'><strong>at</strong></span> <span class='ocrx_word' id='word_1_191' title='bbox 314 2349 476 2412; x_wconf 81' lang='lat' dir='ltr'><strong>Constantii</strong></span> <span class='ocrx_word' id='word_1_192' title='bbox 497 2361 608 2412; x_wconf 89' lang='lat' dir='ltr'><strong>metum</strong></span> <span class='ocrx_word' id='word_1_193' title='bbox 631 2357 800 2422; x_wconf 81' lang='lat' dir='ltr'><strong>ostentant,</strong></span> <span class='ocrx_word' id='word_1_194' title='bbox 823 2349 929 2428; x_wconf 90' lang='lat' dir='ltr'><strong>utqui</strong></span> <span class='ocrx_word' id='word_1_195' title='bbox 951 2349 1036 2430; x_wconf 82' lang='lat' dir='ltr'><strong>ipsos</strong></span> <span class='ocrx_word' id='word_1_196' title='bbox 1059 2351 1253 2425; x_wconf 76' lang='lat' dir='ltr'><strong>conveniunt,</strong></span> <span class='ocrx_word' id='word_1_197' title='bbox 1282 2351 1390 2414; x_wconf 83' lang='lat' dir='ltr'><strong>sordes</strong></span> 
     </span>
     <span class='ocr_line' id='line_1_21' title="bbox 157 2450 1393 2531; baseline -0.002 -17"><span class='ocrx_word' id='word_1_198' title='bbox 157 2452 284 2514; x_wconf 67' lang='lat' dir='ltr'><strong>duanae</strong></span> <span class='ocrx_word' id='word_1_199' title='bbox 311 2451 445 2514; x_wconf 83' lang='lat' dir='ltr'><strong>haeresis</strong></span> <span class='ocrx_word' id='word_1_200' title='bbox 475 2461 600 2531; x_wconf 83' lang='lat' dir='ltr'><strong>propter</strong></span> <span class='ocrx_word' id='word_1_201' title='bbox 627 2450 747 2512; x_wconf 89' lang='lat' dir='ltr'><strong>illorum</strong></span> <span class='ocrx_word' id='word_1_202' title='bbox 777 2450 995 2514; x_wconf 83' lang='lat' dir='ltr'><strong>simulationem</strong></span> <span class='ocrx_word' id='word_1_203' title='bbox 1017 2459 1049 2513; x_wconf 86' lang='lat' dir='ltr'><strong>et</strong></span> <span class='ocrx_word' id='word_1_204' title='bbox 1077 2453 1308 2514; x_wconf 82' lang='lat' dir='ltr'><strong>ostentationem</strong></span> <span class='ocrx_word' id='word_1_205' title='bbox 1329 2469 1393 2512; x_wconf 91' lang='lat' dir='ltr'><strong>non</strong></span> 
     </span>
     <span class='ocr_line' id='line_1_22' title="bbox 159 2549 1392 2633; baseline -0.003 -17"><span class='ocrx_word' id='word_1_206' title='bbox 159 2555 403 2618; x_wconf 75' lang='lat' dir='ltr'><strong>animadvertant.</strong></span> <span class='ocrx_word' id='word_1_207' title='bbox 436 2553 482 2613; x_wconf 79' lang='lat' dir='ltr'><strong>An</strong></span> <span class='ocrx_word' id='word_1_208' title='bbox 504 2570 567 2612; x_wconf 90' lang='lat' dir='ltr'><strong>non</strong></span> <span class='ocrx_word' id='word_1_209' title='bbox 590 2568 662 2628; x_wconf 89' lang='lat' dir='ltr'><strong>ergo</strong></span> <span class='ocrx_word' id='word_1_210' title='bbox 686 2549 731 2611; x_wconf 82' lang='lat' dir='ltr'><strong>rel</strong></span> <span class='ocrx_word' id='word_1_211' title='bbox 752 2551 807 2614; x_wconf 83' lang='lat' dir='ltr'><strong>bae</strong></span> <span class='ocrx_word' id='word_1_212' title='bbox 827 2551 864 2614; x_wconf 88' lang='lat' dir='ltr'><strong>da</strong></span> <span class='ocrx_word' id='word_1_213' title='bbox 879 2571 966 2616; x_wconf 83' lang='lat' dir='ltr'><strong>rausa</strong></span> <span class='ocrx_word' id='word_1_214' title='bbox 982 2553 1053 2614; x_wconf 91' lang='lat' dir='ltr'><strong>odio</strong></span> <span class='ocrx_word' id='word_1_215' title='bbox 1068 2554 1278 2633; x_wconf 84' lang='lat' dir='ltr'><strong>prosequenda</strong></span> <span class='ocrx_word' id='word_1_216' title='bbox 1293 2553 1392 2623; x_wconf 72' lang='lat' dir='ltr'><strong>inerit,</strong></span> 
     </span>
     <span class='ocr_line' id='line_1_23' title="bbox 160 2648 1395 2732; baseline -0.004 -17"><span class='ocrx_word' id='word_1_217' title='bbox 160 2655 241 2732; x_wconf 85' lang='lat' dir='ltr'><strong>qued</strong></span> <span class='ocrx_word' id='word_1_218' title='bbox 270 2655 359 2715; x_wconf 77' lang='lat' dir='ltr'><strong>etibm</strong></span> <span class='ocrx_word' id='word_1_219' title='bbox 391 2651 495 2714; x_wconf 80' lang='lat' dir='ltr'><strong>aruis</strong></span> <span class='ocrx_word' id='word_1_220' title='bbox 524 2649 687 2712; x_wconf 87' lang='lat' dir='ltr'><strong>oeeultetur</strong></span> <span class='ocrx_word' id='word_1_221' title='bbox 713 2660 745 2714; x_wconf 91' lang='lat' dir='ltr'><strong>ut</strong></span> <span class='ocrx_word' id='word_1_222' title='bbox 771 2653 872 2716; x_wconf 86' lang='lat' dir='ltr'><strong>timida</strong></span> <span class='ocrx_word' id='word_1_223' title='bbox 899 2673 934 2716; x_wconf 86' lang='lat' dir='ltr'><strong>aa</strong></span> <span class='ocrx_word' id='word_1_224' title='bbox 963 2653 1052 2716; x_wconf 75' lang='lat' dir='ltr'><strong>veluti</strong></span> <span class='ocrx_word' id='word_1_225' title='bbox 1080 2671 1207 2732; x_wconf 82' lang='lat' dir='ltr'><strong>serpens</strong></span> <span class='ocrx_word' id='word_1_226' title='bbox 1236 2648 1395 2714; x_wconf 76' lang='lat' dir='ltr'><strong>loreaturi</strong></span> 
     </span>
     <span class='ocr_line' id='line_1_24' title="bbox 161 2749 1395 2833; baseline -0.005 -19"><span class='ocrx_word' id='word_1_227' title='bbox 161 2753 248 2814; x_wconf 86' lang='lat' dir='ltr'><strong>Unde</strong></span> <span class='ocrx_word' id='word_1_228' title='bbox 269 2753 349 2812; x_wconf 88' lang='lat' dir='ltr'><strong>enim</strong></span> <span class='ocrx_word' id='word_1_229' title='bbox 370 2751 426 2812; x_wconf 92' lang='lat' dir='ltr'><strong>bas</strong></span> <span class='ocrx_word' id='word_1_230' title='bbox 450 2749 507 2810; x_wconf 86' lang='lat' dir='ltr'><strong>sibi</strong></span> <span class='ocrx_word' id='word_1_231' title='bbox 530 2763 738 2814; x_wconf 79' lang='lat' dir='ltr'><strong>coacervarunt</strong></span> <span class='ocrx_word' id='word_1_232' title='bbox 757 2754 888 2828; x_wconf 82' lang='lat' dir='ltr'><strong>voculas,</strong></span> <span class='ocrx_word' id='word_1_233' title='bbox 910 2763 962 2816; x_wconf 88' lang='lat' dir='ltr'><strong>aut</strong></span> <span class='ocrx_word' id='word_1_234' title='bbox 983 2773 999 2814; x_wconf 87' lang='lat' dir='ltr'><strong>a</strong></span> <span class='ocrx_word' id='word_1_235' title='bbox 1017 2771 1147 2833; x_wconf 83' lang='lat' dir='ltr'><strong>quonam</strong></span> <span class='ocrx_word' id='word_1_236' title='bbox 1161 2759 1300 2829; x_wconf 82' lang='lat' dir='ltr'><strong>aooeptas</strong></span> <span class='ocrx_word' id='word_1_237' title='bbox 1322 2766 1395 2828; x_wconf 83' lang='lat' dir='ltr'><strong>pro-</strong></span> 
     </span>
     <span class='ocr_line' id='line_1_25' title="bbox 163 2847 1395 2931; baseline -0.002 -19"><span class='ocrx_word' id='word_1_238' title='bbox 163 2852 238 2912; x_wconf 83' lang='lat' dir='ltr'><strong>dere</strong></span> <span class='ocrx_word' id='word_1_239' title='bbox 258 2867 321 2911; x_wconf 90' lang='lat' dir='ltr'><strong>non</strong></span> <span class='ocrx_word' id='word_1_240' title='bbox 344 2859 415 2912; x_wconf 91' lang='lat' dir='ltr'><strong>sunt</strong></span> <span class='ocrx_word' id='word_1_241' title='bbox 435 2847 544 2910; x_wconf 80' lang='lat' dir='ltr'><strong>veriti?</strong></span> <span class='ocrx_word' id='word_1_242' title='bbox 587 2851 663 2912; x_wconf 86' lang='lat' dir='ltr'><strong>Sane</strong></span> <span class='ocrx_word' id='word_1_243' title='bbox 684 2853 832 2914; x_wconf 87' lang='lat' dir='ltr'><strong>neminem</strong></span> <span class='ocrx_word' id='word_1_244' title='bbox 854 2853 1025 2926; x_wconf 89' lang='lat' dir='ltr'><strong>bominum,</strong></span> <span class='ocrx_word' id='word_1_245' title='bbox 1053 2853 1105 2931; x_wconf 87' lang='lat' dir='ltr'><strong>qui</strong></span> <span class='ocrx_word' id='word_1_246' title='bbox 1132 2851 1191 2912; x_wconf 88' lang='lat' dir='ltr'><strong>sibi</strong></span> <span class='ocrx_word' id='word_1_247' title='bbox 1214 2849 1280 2910; x_wconf 85' lang='lat' dir='ltr'><strong>illas</strong></span> <span class='ocrx_word' id='word_1_248' title='bbox 1303 2847 1395 2910; x_wconf 85' lang='lat' dir='ltr'><strong>tradi-</strong></span> 
     </span>
     <span class='ocr_line' id='line_1_26' title="bbox 163 2947 1394 3029; baseline -0.003 -15"><span class='ocrx_word' id='word_1_249' title='bbox 163 2952 275 3024; x_wconf 81' lang='lat' dir='ltr'><strong>derint,</strong></span> <span class='ocrx_word' id='word_1_250' title='bbox 296 2957 436 3029; x_wconf 85' lang='lat' dir='ltr'><strong>poterunt</strong></span> <span class='ocrx_word' id='word_1_251' title='bbox 458 2949 597 3012; x_wconf 80' lang='lat' dir='ltr'><strong>indicare.</strong></span> <span class='ocrx_word' id='word_1_252' title='bbox 641 2950 716 3022; x_wconf 85' lang='lat' dir='ltr'><strong>Quia</strong></span> <span class='ocrx_word' id='word_1_253' title='bbox 738 2953 819 3014; x_wconf 84' lang='lat' dir='ltr'><strong>eninr</strong></span> <span class='ocrx_word' id='word_1_254' title='bbox 840 2953 995 3016; x_wconf 90' lang='lat' dir='ltr'><strong>bominum</strong></span> <span class='ocrx_word' id='word_1_255' title='bbox 1016 2953 1079 3014; x_wconf 86' lang='lat' dir='ltr'><strong>sire</strong></span> <span class='ocrx_word' id='word_1_256' title='bbox 1095 2951 1228 3011; x_wconf 77' lang='lat' dir='ltr'><strong>Graecus</strong></span> <span class='ocrx_word' id='word_1_257' title='bbox 1245 2949 1307 3010; x_wconf 87' lang='lat' dir='ltr'><strong>aire</strong></span> <span class='ocrx_word' id='word_1_258' title='bbox 1321 2947 1394 3010; x_wconf 77' lang='lat' dir='ltr'><strong>llar-</strong></span> 
     </span>
     <span class='ocr_line' id='line_1_27' title="bbox 165 3049 1394 3129; baseline -0.002 -15"><span class='ocrx_word' id='word_1_259' title='bbox 165 3053 259 3114; x_wconf 85' lang='lat' dir='ltr'><strong>barus</strong></span> <span class='ocrx_word' id='word_1_260' title='bbox 281 3070 358 3124; x_wconf 88' lang='lat' dir='ltr'><strong>eum,</strong></span> <span class='ocrx_word' id='word_1_261' title='bbox 382 3069 470 3129; x_wconf 86' lang='lat' dir='ltr'><strong>quem</strong></span> <span class='ocrx_word' id='word_1_262' title='bbox 491 3049 585 3112; x_wconf 85' lang='lat' dir='ltr'><strong>Deum</strong></span> <span class='ocrx_word' id='word_1_263' title='bbox 609 3053 780 3126; x_wconf 79' lang='lat' dir='ltr'><strong>confitetur,</strong></span> <span class='ocrx_word' id='word_1_264' title='bbox 803 3071 894 3116; x_wconf 89' lang='lat' dir='ltr'><strong>unaru</strong></span> <span class='ocrx_word' id='word_1_265' title='bbox 916 3053 1046 3114; x_wconf 88' lang='lat' dir='ltr'><strong>erebus</strong></span> <span class='ocrx_word' id='word_1_266' title='bbox 1068 3051 1177 3114; x_wconf 77' lang='lat' dir='ltr'><strong>mettis</strong></span> <span class='ocrx_word' id='word_1_267' title='bbox 1199 3049 1277 3112; x_wconf 88' lang='lat' dir='ltr'><strong>ausit</strong></span> <span class='ocrx_word' id='word_1_268' title='bbox 1297 3049 1394 3112; x_wconf 87' lang='lat' dir='ltr'><strong>dieere</strong></span> 
     </span>
     <span class='ocr_line' id='line_1_28' title="bbox 164 3151 1390 3232; baseline -0.002 -16"><span class='ocrx_word' id='word_1_269' title='bbox 164 3173 221 3216; x_wconf 87' lang='lat' dir='ltr'><strong>neo</strong></span> <span class='ocrx_word' id='word_1_270' title='bbox 242 3153 335 3216; x_wconf 85' lang='lat' dir='ltr'><strong>luisse</strong></span> <span class='ocrx_word' id='word_1_271' title='bbox 356 3161 513 3231; x_wconf 86' lang='lat' dir='ltr'><strong>antequam</strong></span> <span class='ocrx_word' id='word_1_272' title='bbox 536 3153 630 3214; x_wconf 72' lang='lat' dir='ltr'><strong>semus</strong></span> <span class='ocrx_word' id='word_1_273' title='bbox 653 3151 722 3216; x_wconf 79' lang='lat' dir='ltr'><strong>est?</strong></span> <span class='ocrx_word' id='word_1_274' title='bbox 743 3152 789 3214; x_wconf 79' lang='lat' dir='ltr'><strong>rol</strong></span> <span class='ocrx_word' id='word_1_275' title='bbox 810 3153 879 3232; x_wconf 87' lang='lat' dir='ltr'><strong>quis</strong></span> <span class='ocrx_word' id='word_1_276' title='bbox 902 3161 959 3226; x_wconf 79' lang='lat' dir='ltr'><strong>est,</strong></span> <span class='ocrx_word' id='word_1_277' title='bbox 982 3152 1032 3231; x_wconf 88' lang='lat' dir='ltr'><strong>qui</strong></span> <span class='ocrx_word' id='word_1_278' title='bbox 1056 3152 1095 3224; x_wconf 86' lang='lat' dir='ltr'><strong>ei,</strong></span> <span class='ocrx_word' id='word_1_279' title='bbox 1117 3169 1203 3230; x_wconf 82' lang='lat' dir='ltr'><strong>quem</strong></span> <span class='ocrx_word' id='word_1_280' title='bbox 1218 3151 1310 3212; x_wconf 64' lang='lat' dir='ltr'><strong>mum</strong></span> <span class='ocrx_word' id='word_1_281' title='bbox 1324 3169 1390 3214; x_wconf 87' lang='lat' dir='ltr'><strong>ere-</strong></span> 
     </span>
     <span class='ocr_line' id='line_1_29' title="bbox 161 3251 1388 3334; baseline -0.002 -16"><span class='ocrx_word' id='word_1_282' title='bbox 161 3255 248 3328; x_wconf 88' lang='lat' dir='ltr'><strong>didit,</strong></span> <span class='ocrx_word' id='word_1_283' title='bbox 270 3255 358 3316; x_wconf 87' lang='lat' dir='ltr'><strong>lidem</strong></span> <span class='ocrx_word' id='word_1_284' title='bbox 381 3253 504 3333; x_wconf 83' lang='lat' dir='ltr'><strong>deroget</strong></span> <span class='ocrx_word' id='word_1_285' title='bbox 526 3253 653 3316; x_wconf 87' lang='lat' dir='ltr'><strong>dicenti:</strong></span> <span class='ocrx_word' id='word_1_286' title='bbox 677 3253 726 3316; x_wconf 81' lang='lat' dir='ltr'><strong>bie</strong></span> <span class='ocrx_word' id='word_1_287' title='bbox 746 3265 792 3316; x_wconf 82' lang='lat' dir='ltr'><strong>eat</strong></span> <span class='ocrx_word' id='word_1_288' title='bbox 812 3254 901 3334; x_wconf 80' lang='lat' dir='ltr'><strong>filisa</strong></span> <span class='ocrx_word' id='word_1_289' title='bbox 921 3268 1003 3316; x_wconf 77' lang='lat' dir='ltr'><strong>serus</strong></span> <span class='ocrx_word' id='word_1_290' title='bbox 1026 3251 1160 3324; x_wconf 74' lang='lat' dir='ltr'><strong>dilectur,</strong></span> <span class='ocrx_word' id='word_1_291' title='bbox 1183 3271 1308 3332; x_wconf 85' lang='lat' dir='ltr'><strong>eumque</strong></span> <span class='ocrx_word' id='word_1_292' title='bbox 1329 3271 1388 3316; x_wconf 92' lang='lat' dir='ltr'><strong>non</strong></span> 
     </span>
     <span class='ocr_line' id='line_1_30' title="bbox 160 3353 1389 3436; baseline -0.002 -16"><span class='ocrx_word' id='word_1_293' title='bbox 160 3357 252 3420; x_wconf 85' lang='lat' dir='ltr'><strong>lilium</strong></span> <span class='ocrx_word' id='word_1_294' title='bbox 276 3356 328 3418; x_wconf 90' lang='lat' dir='ltr'><strong>sed</strong></span> <span class='ocrx_word' id='word_1_295' title='bbox 351 3373 415 3416; x_wconf 88' lang='lat' dir='ltr'><strong>rem</strong></span> <span class='ocrx_word' id='word_1_296' title='bbox 437 3356 542 3416; x_wconf 76' lang='lat' dir='ltr'><strong>sermm</strong></span> <span class='ocrx_word' id='word_1_297' title='bbox 565 3372 635 3416; x_wconf 88' lang='lat' dir='ltr'><strong>esse</strong></span> <span class='ocrx_word' id='word_1_298' title='bbox 657 3353 751 3416; x_wconf 82' lang='lat' dir='ltr'><strong>velit?</strong></span> <span class='ocrx_word' id='word_1_299' title='bbox 793 3355 908 3435; x_wconf 83' lang='lat' dir='ltr'><strong>Nempe</strong></span> <span class='ocrx_word' id='word_1_300' title='bbox 929 3355 992 3416; x_wconf 87' lang='lat' dir='ltr'><strong>lieri</strong></span> <span class='ocrx_word' id='word_1_301' title='bbox 1016 3373 1075 3416; x_wconf 87' lang='lat' dir='ltr'><strong>non</strong></span> <span class='ocrx_word' id='word_1_302' title='bbox 1096 3361 1207 3434; x_wconf 79' lang='lat' dir='ltr'><strong>potest,</strong></span> <span class='ocrx_word' id='word_1_303' title='bbox 1228 3355 1300 3436; x_wconf 82' lang='lat' dir='ltr'><strong>quin</strong></span> <span class='ocrx_word' id='word_1_304' title='bbox 1322 3373 1389 3418; x_wconf 87' lang='lat' dir='ltr'><strong>ona·</strong></span> 
     </span>
     <span class='ocr_line' id='line_1_31' title="bbox 161 3455 1391 3536; baseline -0.002 -16"><span class='ocrx_word' id='word_1_305' title='bbox 161 3477 215 3520; x_wconf 92' lang='lat' dir='ltr'><strong>nes</strong></span> <span class='ocrx_word' id='word_1_306' title='bbox 236 3458 383 3520; x_wconf 82' lang='lat' dir='ltr'><strong>adversus</strong></span> <span class='ocrx_word' id='word_1_307' title='bbox 410 3455 478 3516; x_wconf 89' lang='lat' dir='ltr'><strong>illes</strong></span> <span class='ocrx_word' id='word_1_308' title='bbox 507 3455 581 3516; x_wconf 87' lang='lat' dir='ltr'><strong>adeo</strong></span> <span class='ocrx_word' id='word_1_309' title='bbox 610 3455 792 3520; x_wconf 86' lang='lat' dir='ltr'><strong>insanientes</strong></span> <span class='ocrx_word' id='word_1_310' title='bbox 824 3457 923 3520; x_wconf 86' lang='lat' dir='ltr'><strong>aerius</strong></span> <span class='ocrx_word' id='word_1_311' title='bbox 951 3457 1149 3536; x_wconf 87' lang='lat' dir='ltr'><strong>indignentur.</strong></span> <span class='ocrx_word' id='word_1_312' title='bbox 1200 3457 1308 3520; x_wconf 82' lang='lat' dir='ltr'><strong>Verum</strong></span> <span class='ocrx_word' id='word_1_313' title='bbox 1336 3475 1391 3518; x_wconf 83' lang='lat' dir='ltr'><strong>neo</strong></span> 
     </span>
     <span class='ocr_line' id='line_1_32' title="bbox 161 3555 1390 3648; baseline -0.002 -30"><span class='ocrx_word' id='word_1_314' title='bbox 161 3559 248 3620; x_wconf 87' lang='lat' dir='ltr'><strong>etiam</strong></span> <span class='ocrx_word' id='word_1_315' title='bbox 270 3559 307 3620; x_wconf 86' lang='lat' dir='ltr'><strong>ad</strong></span> <span class='ocrx_word' id='word_1_316' title='bbox 329 3555 499 3648; x_wconf 72' lang='lat' dir='ltr'><strong>Scripturas</strong></span> <span class='ocrx_word' id='word_1_317' title='bbox 521 3557 682 3636; x_wconf 87' lang='lat' dir='ltr'><strong>oonlugere</strong></span> <span class='ocrx_word' id='word_1_318' title='bbox 703 3557 762 3620; x_wconf 90' lang='lat' dir='ltr'><strong>illis</strong></span> <span class='ocrx_word' id='word_1_319' title='bbox 783 3559 931 3638; x_wconf 83' lang='lat' dir='ltr'><strong>integrum</strong></span> <span class='ocrx_word' id='word_1_320' title='bbox 953 3559 1055 3620; x_wconf 73' lang='lat' dir='ltr'><strong>merit:</strong></span> <span class='ocrx_word' id='word_1_321' title='bbox 1085 3561 1143 3620; x_wconf 88' lang='lat' dir='ltr'><strong>iam</strong></span> <span class='ocrx_word' id='word_1_322' title='bbox 1166 3556 1246 3620; x_wconf 88' lang='lat' dir='ltr'><strong>anim</strong></span> <span class='ocrx_word' id='word_1_323' title='bbox 1269 3559 1390 3636; x_wconf 74' lang='lat' dir='ltr'><strong>saepius</strong></span> 
     </span>
     <span class='ocr_line' id='line_1_33' title="bbox 163 3657 1473 3737; baseline 0 -17"><span class='ocrx_word' id='word_1_324' title='bbox 163 3667 317 3722; x_wconf 87' lang='lat' dir='ltr'><strong>ostensum</strong></span> <span class='ocrx_word' id='word_1_325' title='bbox 339 3665 386 3720; x_wconf 90' lang='lat' dir='ltr'><strong>est</strong></span> <span class='ocrx_word' id='word_1_326' title='bbox 405 3675 532 3737; x_wconf 81' lang='lat' dir='ltr'><strong>moxque</strong></span> <span class='ocrx_word' id='word_1_327' title='bbox 555 3658 748 3732; x_wconf 87' lang='lat' dir='ltr'><strong>ostendetur,</strong></span> <span class='ocrx_word' id='word_1_328' title='bbox 775 3677 864 3722; x_wconf 80' lang='lat' dir='ltr'><strong>voees</strong></span> <span class='ocrx_word' id='word_1_329' title='bbox 892 3659 1064 3722; x_wconf 83' lang='lat' dir='ltr'><strong>huiusmodi</strong></span> <span class='ocrx_word' id='word_1_330' title='bbox 1092 3677 1109 3719; x_wconf 89' lang='lat' dir='ltr'><strong>a</strong></span> <span class='ocrx_word' id='word_1_331' title='bbox 1132 3657 1242 3720; x_wconf 82' lang='lat' dir='ltr'><strong>divinis</strong></span> <span class='ocrx_word' id='word_1_332' title='bbox 1264 3658 1391 3720; x_wconf 78' lang='lat' dir='ltr'><strong>oraculis</strong></span> <span class='ocrx_word' id='word_1_333' title='bbox 1463 3713 1473 3730; x_wconf 86' lang='grc'><em>,</em></span> 
     </span>
     <span class='ocr_line' id='line_1_34' title="bbox 164 3759 1390 3840; baseline -0.001 -19"><span class='ocrx_word' id='word_1_334' title='bbox 164 3777 231 3821; x_wconf 87' lang='lat' dir='ltr'><strong>essa</strong></span> <span class='ocrx_word' id='word_1_335' title='bbox 250 3759 370 3839; x_wconf 80' lang='lat' dir='ltr'><strong>penitus</strong></span> <span class='ocrx_word' id='word_1_336' title='bbox 392 3759 513 3820; x_wconf 84' lang='lat' dir='ltr'><strong>alienas.</strong></span> <span class='ocrx_word' id='word_1_337' title='bbox 557 3759 658 3838; x_wconf 85' lang='lat' dir='ltr'><strong>ltaque</strong></span> <span class='ocrx_word' id='word_1_338' title='bbox 680 3762 803 3840; x_wconf 72' lang='lat' dir='ltr'><strong>qnando</strong></span> <span class='ocrx_word' id='word_1_339' title='bbox 831 3761 889 3822; x_wconf 90' lang='lat' dir='ltr'><strong>illis</strong></span> <span class='ocrx_word' id='word_1_340' title='bbox 914 3769 1010 3822; x_wconf 88' lang='lat' dir='ltr'><strong>restat</strong></span> <span class='ocrx_word' id='word_1_341' title='bbox 1039 3759 1215 3832; x_wconf 77' lang='lat' dir='ltr'><strong>dicendum,</strong></span> <span class='ocrx_word' id='word_1_342' title='bbox 1245 3777 1278 3820; x_wconf 84' lang='lat' dir='ltr'><strong>se</strong></span> <span class='ocrx_word' id='word_1_343' title='bbox 1305 3759 1390 3822; x_wconf 87' lang='lat' dir='ltr'><strong>blaa</strong></span> 
     </span>
     <span class='ocr_line' id='line_1_35' title="bbox 163 3857 1391 3940; baseline 0 -18"><span class='ocrx_word' id='word_1_344' title='bbox 163 3859 285 3922; x_wconf 81' lang='lat' dir='ltr'><strong>Diabolo</strong></span> <span class='ocrx_word' id='word_1_345' title='bbox 308 3861 436 3940; x_wconf 76' lang='lat' dir='ltr'><strong>aesopus</strong></span> <span class='ocrx_word' id='word_1_346' title='bbox 458 3861 608 3922; x_wconf 84' lang='lat' dir='ltr'><strong>insanisse</strong></span> <span class='ocrx_word' id='word_1_347' title='bbox 630 3861 668 3935; x_wconf 90' lang='lat' dir='ltr'><strong>(si</strong></span> <span class='ocrx_word' id='word_1_348' title='bbox 690 3863 810 3940; x_wconf 88' lang='lat' dir='ltr'><strong>quidem</strong></span> <span class='ocrx_word' id='word_1_349' title='bbox 831 3871 983 3922; x_wconf 85' lang='lat' dir='ltr'><strong>tantorum</strong></span> <span class='ocrx_word' id='word_1_350' title='bbox 1004 3859 1150 3920; x_wconf 88' lang='lat' dir='ltr'><strong>malorum</strong></span> <span class='ocrx_word' id='word_1_351' title='bbox 1171 3857 1256 3920; x_wconf 90' lang='lat' dir='ltr'><strong>solus</strong></span> <span class='ocrx_word' id='word_1_352' title='bbox 1277 3858 1325 3921; x_wconf 90' lang='lat' dir='ltr'><strong>ille</strong></span> <span class='ocrx_word' id='word_1_353' title='bbox 1341 3877 1391 3922; x_wconf 85' lang='lat' dir='ltr'><strong>aa·</strong></span> 
     </span>
     <span class='ocr_line' id='line_1_36' title="bbox 164 3959 1393 4042; baseline -0.002 -18"><span class='ocrx_word' id='word_1_354' title='bbox 164 3969 211 4024; x_wconf 90' lang='lat' dir='ltr'><strong>tor</strong></span> <span class='ocrx_word' id='word_1_355' title='bbox 232 3970 303 4039; x_wconf 88' lang='lat' dir='ltr'><strong>est),</strong></span> <span class='ocrx_word' id='word_1_356' title='bbox 325 3981 379 4042; x_wconf 91' lang='lat' dir='ltr'><strong>age</strong></span> <span class='ocrx_word' id='word_1_357' title='bbox 402 3961 430 4022; x_wconf 86' lang='lat' dir='ltr'><strong>ei</strong></span> <span class='ocrx_word' id='word_1_358' title='bbox 452 3960 634 4022; x_wconf 88' lang='lat' dir='ltr'><strong>obsistamus</strong></span> <span class='ocrx_word' id='word_1_359' title='bbox 658 3963 797 4040; x_wconf 81' lang='lat' dir='ltr'><strong>(namque</strong></span> <span class='ocrx_word' id='word_1_360' title='bbox 812 3979 879 4024; x_wconf 82' lang='lat' dir='ltr'><strong>mm</strong></span> <span class='ocrx_word' id='word_1_361' title='bbox 894 3961 944 4020; x_wconf 93' lang='lat' dir='ltr'><strong>illo</strong></span> <span class='ocrx_word' id='word_1_362' title='bbox 965 3959 1053 4020; x_wconf 86' lang='lat' dir='ltr'><strong>nobis</strong></span> <span class='ocrx_word' id='word_1_363' title='bbox 1075 3977 1131 4039; x_wconf 86' lang='lat' dir='ltr'><strong>par</strong></span> <span class='ocrx_word' id='word_1_364' title='bbox 1151 3959 1220 4022; x_wconf 88' lang='lat' dir='ltr'><strong>illos</strong></span> <span class='ocrx_word' id='word_1_365' title='bbox 1242 3969 1393 4034; x_wconf 76' lang='lat' dir='ltr'><strong>certamen</strong></span> 
     </span>
    </p>
   </div>
   <div class='ocr_carea' id='block_1_4' title="bbox 160 4096 1391 4652">
    <p class='ocr_par' dir='ltr' id='par_1_4' title="bbox 160 4096 1391 4652">
     <span class='ocr_line' id='line_1_37' title="bbox 196 4096 1391 4174; baseline -0.004 -9"><span class='ocrx_word' id='word_1_366' title='bbox 196 4130 217 4164; x_wconf 85' lang='lat' dir='ltr'><strong>e.</strong></span> <span class='ocrx_word' id='word_1_367' title='bbox 237 4115 334 4164; x_wconf 83' lang='lat' dir='ltr'><strong>Goblsr.</strong></span> <span class='ocrx_word' id='word_1_368' title='bbox 354 4121 378 4162; x_wconf 84' lang='lat' dir='ltr'><strong>et</strong></span> <span class='ocrx_word' id='word_1_369' title='bbox 395 4107 501 4162; x_wconf 76' lang='lat' dir='ltr'><strong>l&#39;elelm.</strong></span> <span class='ocrx_word' id='word_1_370' title='bbox 515 4111 537 4160; x_wconf 88' lang='lat' dir='ltr'><strong>l.</strong></span> <span class='ocrx_word' id='word_1_371' title='bbox 556 4105 679 4160; x_wconf 70' lang='lat' dir='ltr'><strong>aristas.</strong></span> <span class='ocrx_word' id='word_1_372' title='bbox 707 4115 752 4161; x_wconf 82' lang='lat' dir='ltr'><strong>Se·</strong></span> <span class='ocrx_word' id='word_1_373' title='bbox 840 4112 864 4160; x_wconf 87' lang='lat' dir='ltr'><strong>la.</strong></span> <span class='ocrx_word' id='word_1_374' title='bbox 882 4112 1021 4174; x_wconf 82' lang='lat' dir='ltr'><strong>Seguerian.</strong></span> <span class='ocrx_word' id='word_1_375' title='bbox 1046 4096 1096 4160; x_wconf 79' lang='lat' dir='ltr'><strong>adr</strong></span> <span class='ocrx_word' id='word_1_376' title='bbox 1119 4113 1214 4164; x_wconf 68' lang='lat' dir='ltr'><strong>omittis</strong></span> <span class='ocrx_word' id='word_1_377' title='bbox 1251 4111 1304 4162; x_wconf 69' lang='lat' dir='ltr'><strong>lox</strong></span> <span class='ocrx_word' id='word_1_378' title='bbox 1328 4112 1391 4160; x_wconf 82' lang='lat' dir='ltr'><strong>idem</strong></span> 
     </span>
     <span class='ocr_line' id='line_1_38' title="bbox 160 4171 1391 4244; baseline -0.002 -13"><span class='ocrx_word' id='word_1_379' title='bbox 160 4183 268 4244; x_wconf 75' lang='lat' dir='ltr'><strong>garrias.</strong></span> <span class='ocrx_word' id='word_1_380' title='bbox 288 4183 370 4230; x_wconf 84' lang='lat' dir='ltr'><strong>etalii</strong></span> <span class='ocrx_word' id='word_1_381' title='bbox 389 4173 498 4228; x_wconf 68' lang='lat' dir='ltr'><strong>delier.</strong></span> <span class='ocrx_word' id='word_1_382' title='bbox 805 4188 828 4228; x_wconf 82' lang='lat' dir='ltr'><strong>et</strong></span> <span class='ocrx_word' id='word_1_383' title='bbox 846 4177 942 4230; x_wconf 61' lang='lat' dir='ltr'><strong>notter.</strong></span> <span class='ocrx_word' id='word_1_384' title='bbox 961 4181 1143 4232; x_wconf 68' lang='lat' dir='ltr'><strong>asteterunt.</strong></span> <span class='ocrx_word' id='word_1_385' title='bbox 1163 4171 1296 4238; x_wconf 67' lang='grc' dir='ltr'><em>ἢἚᾺην.</em></span> <span class='ocrx_word' id='word_1_386' title='bbox 1330 4179 1391 4230; x_wconf 78' lang='lat' dir='ltr'><strong>Editi</strong></span> 
     </span>
     <span class='ocr_line' id='line_1_39' title="bbox 195 4237 1060 4310; baseline 0.001 -13"><span class='ocrx_word' id='word_1_387' title='bbox 195 4247 218 4297; x_wconf 85' lang='lat' dir='ltr'><strong>d.</strong></span> <span class='ocrx_word' id='word_1_388' title='bbox 243 4249 284 4298; x_wconf 83' lang='lat' dir='ltr'><strong>Sic</strong></span> <span class='ocrx_word' id='word_1_389' title='bbox 308 4249 407 4310; x_wconf 85' lang='lat' dir='ltr'><strong>Seguer.</strong></span> <span class='ocrx_word' id='word_1_390' title='bbox 433 4247 531 4298; x_wconf 84' lang='lat' dir='ltr'><strong>Gebler.</strong></span> <span class='ocrx_word' id='word_1_391' title='bbox 557 4255 581 4296; x_wconf 85' lang='lat' dir='ltr'><strong>et</strong></span> <span class='ocrx_word' id='word_1_392' title='bbox 604 4247 710 4296; x_wconf 83' lang='lat' dir='ltr'><strong>l&#39;elclru.</strong></span> <span class='ocrx_word' id='word_1_393' title='bbox 729 4247 751 4296; x_wconf 91' lang='lat' dir='ltr'><strong>l.</strong></span> <span class='ocrx_word' id='word_1_394' title='bbox 805 4256 827 4297; x_wconf 82' lang='lat' dir='ltr'><strong>at</strong></span> <span class='ocrx_word' id='word_1_395' title='bbox 845 4247 886 4297; x_wconf 88' lang='lat' dir='ltr'><strong>alli</strong></span> <span class='ocrx_word' id='word_1_396' title='bbox 905 4237 922 4306; x_wconf 75' lang='grc' dir='ltr'><em>ἤ</em></span> <span class='ocrx_word' id='word_1_397' title='bbox 939 4249 1060 4298; x_wconf 84' lang='lat' dir='ltr'><strong>omittunt.</strong></span> 
     </span>
     <span class='ocr_line' id='line_1_40' title="bbox 160 4309 1391 4381; baseline -0.002 -15"><span class='ocrx_word' id='word_1_398' title='bbox 160 4319 190 4366; x_wconf 83' lang='lat' dir='ltr'><strong>tt</strong></span> <span class='ocrx_word' id='word_1_399' title='bbox 207 4317 263 4366; x_wconf 84' lang='lat' dir='ltr'><strong>editi</strong></span> <span class='ocrx_word' id='word_1_400' title='bbox 283 4325 307 4366; x_wconf 89' lang='lat' dir='ltr'><strong>et</strong></span> <span class='ocrx_word' id='word_1_401' title='bbox 325 4317 365 4365; x_wconf 84' lang='lat' dir='ltr'><strong>atii</strong></span> <span class='ocrx_word' id='word_1_402' title='bbox 382 4310 479 4366; x_wconf 74' lang='grc' dir='ltr'><strong>λαλεῖν.</strong></span> <span class='ocrx_word' id='word_1_403' title='bbox 516 4314 568 4366; x_wconf 81' lang='lat' dir='ltr'><strong>tter</strong></span> <span class='ocrx_word' id='word_1_404' title='bbox 587 4328 646 4364; x_wconf 87' lang='lat' dir='ltr'><strong>mss.</strong></span> <span class='ocrx_word' id='word_1_405' title='bbox 664 4329 752 4366; x_wconf 84' lang='lat' dir='ltr'><strong>omnes</strong></span> <span class='ocrx_word' id='word_1_406' title='bbox 838 4316 852 4365; x_wconf 87' lang='lat' dir='ltr'><strong>i.</strong></span> <span class='ocrx_word' id='word_1_407' title='bbox 872 4315 964 4368; x_wconf 84' lang='lat' dir='ltr'><strong>Similia</strong></span> <span class='ocrx_word' id='word_1_408' title='bbox 972 4331 1045 4381; x_wconf 80' lang='lat' dir='ltr'><strong>sapsa</strong></span> <span class='ocrx_word' id='word_1_409' title='bbox 1053 4317 1234 4379; x_wconf 81' lang='lat' dir='ltr'><strong>babenturpag.</strong></span> <span class='ocrx_word' id='word_1_410' title='bbox 1242 4313 1300 4366; x_wconf 75' lang='grc'><strong>244.</strong></span> <span class='ocrx_word' id='word_1_411' title='bbox 1309 4309 1391 4380; x_wconf 67' lang='lat' dir='ltr'><strong>[osu.</strong></span> 
     </span>
     <span class='ocr_line' id='line_1_41' title="bbox 160 4373 956 4450; baseline 0 -18"><span class='ocrx_word' id='word_1_412' title='bbox 160 4373 210 4432; x_wconf 70' lang='lat' dir='ltr'><strong>teir</strong></span> <span class='ocrx_word' id='word_1_413' title='bbox 228 4396 256 4431; x_wconf 77' lang='grc' dir='ltr'><strong>τε</strong></span> <span class='ocrx_word' id='word_1_414' title='bbox 270 4375 334 4448; x_wconf 77' lang='grc' dir='ltr'><em>γάρ.</em></span> <span class='ocrx_word' id='word_1_415' title='bbox 354 4384 413 4433; x_wconf 85' lang='lat' dir='ltr'><strong>Editi</strong></span> <span class='ocrx_word' id='word_1_416' title='bbox 424 4397 480 4433; x_wconf 77' lang='lat' dir='ltr'><strong>vero</strong></span> <span class='ocrx_word' id='word_1_417' title='bbox 493 4373 554 4430; x_wconf 70' lang='grc' dir='ltr'><strong>ἄλλ’</strong></span> <span class='ocrx_word' id='word_1_418' title='bbox 574 4375 624 4430; x_wconf 74' lang='lat' dir='ltr'><strong>ttr</strong></span> <span class='ocrx_word' id='word_1_419' title='bbox 641 4395 670 4432; x_wconf 82' lang='lat' dir='ltr'><strong>ra</strong></span> <span class='ocrx_word' id='word_1_420' title='bbox 686 4376 751 4450; x_wconf 75' lang='grc' dir='ltr'><em>γάρ.</em></span> <span class='ocrx_word' id='word_1_421' title='bbox 804 4384 875 4434; x_wconf 85' lang='lat' dir='ltr'><strong>baina</strong></span> <span class='ocrx_word' id='word_1_422' title='bbox 885 4381 956 4446; x_wconf 84' lang='lat' dir='ltr'><strong>edit]</strong></span> 
     </span>
     <span class='ocr_line' id='line_1_42' title="bbox 195 4441 1391 4512; baseline -0.005 -12"><span class='ocrx_word' id='word_1_423' title='bbox 195 4467 217 4500; x_wconf 83' lang='lat' dir='ltr'><strong>e.</strong></span> <span class='ocrx_word' id='word_1_424' title='bbox 234 4452 306 4512; x_wconf 83' lang='lat' dir='ltr'><strong>Sego.</strong></span> <span class='ocrx_word' id='word_1_425' title='bbox 319 4441 670 4503; x_wconf 73' lang='lat' dir='ltr'><strong>uont.uetctm.t.1etrdnt</strong></span> <span class='ocrx_word' id='word_1_426' title='bbox 685 4449 749 4500; x_wconf 74' lang='grc' dir='ltr'><em>τῶν.</em></span> <span class='ocrx_word' id='word_1_427' title='bbox 839 4452 860 4500; x_wconf 86' lang='lat' dir='ltr'><strong>t.</strong></span> <span class='ocrx_word' id='word_1_428' title='bbox 879 4441 923 4498; x_wconf 79' lang='grc' dir='ltr'><strong>ὅτι</strong></span> <span class='ocrx_word' id='word_1_429' title='bbox 940 4453 1010 4500; x_wconf 84' lang='lat' dir='ltr'><strong>deest</strong></span> <span class='ocrx_word' id='word_1_430' title='bbox 1027 4451 1051 4500; x_wconf 87' lang='lat' dir='ltr'><strong>in</strong></span> <span class='ocrx_word' id='word_1_431' title='bbox 1069 4449 1227 4511; x_wconf 66' lang='lat' dir='ltr'><strong>Segeerianm</strong></span> <span class='ocrx_word' id='word_1_432' title='bbox 1245 4448 1391 4500; x_wconf 82' lang='lat' dir='ltr'><strong>Goblerlana</strong></span> 
     </span>
     <span class='ocr_line' id='line_1_43' title="bbox 194 4513 983 4584; baseline 0 -18"><span class='ocrx_word' id='word_1_433' title='bbox 194 4519 212 4566; x_wconf 85' lang='lat' dir='ltr'><strong>t.</strong></span> <span class='ocrx_word' id='word_1_434' title='bbox 229 4519 292 4568; x_wconf 73' lang='lat' dir='ltr'><strong>llditi</strong></span> <span class='ocrx_word' id='word_1_435' title='bbox 312 4519 426 4568; x_wconf 81' lang='lat' dir='ltr'><strong>mendose</strong></span> <span class='ocrx_word' id='word_1_436' title='bbox 445 4513 614 4584; x_wconf 63' lang='lat' dir='ltr'><strong>donanim.</strong></span> <span class='ocrx_word' id='word_1_437' title='bbox 806 4526 829 4568; x_wconf 85' lang='lat' dir='ltr'><strong>et</strong></span> <span class='ocrx_word' id='word_1_438' title='bbox 843 4519 948 4568; x_wconf 75' lang='lat' dir='ltr'><strong>ietelm.</strong></span> <span class='ocrx_word' id='word_1_439' title='bbox 962 4518 983 4566; x_wconf 91' lang='lat' dir='ltr'><strong>t.</strong></span> 
     </span>
     <span class='ocr_line' id='line_1_44' title="bbox 195 4571 1228 4652; baseline -0.008 -19"><span class='ocrx_word' id='word_1_440' title='bbox 195 4601 218 4644; x_wconf 85' lang='lat' dir='ltr'><strong>g.</strong></span> <span class='ocrx_word' id='word_1_441' title='bbox 236 4585 341 4636; x_wconf 77' lang='lat' dir='ltr'><strong>Feleltm.</strong></span> <span class='ocrx_word' id='word_1_442' title='bbox 360 4587 384 4636; x_wconf 81' lang='lat'><strong>5.</strong></span> <span class='ocrx_word' id='word_1_443' title='bbox 403 4578 619 4652; x_wconf 61' lang='grc' dir='ltr'><strong>σονετμύρησαν,</strong></span> <span class='ocrx_word' id='word_1_444' title='bbox 842 4585 858 4634; x_wconf 94' lang='lat' dir='ltr'><strong>l.</strong></span> <span class='ocrx_word' id='word_1_445' title='bbox 877 4585 1017 4646; x_wconf 80' lang='lat' dir='ltr'><strong>Segoerian.</strong></span> <span class='ocrx_word' id='word_1_446' title='bbox 1036 4573 1074 4633; x_wconf 82' lang='lat' dir='ltr'><strong>uit</strong></span> <span class='ocrx_word' id='word_1_447' title='bbox 1090 4571 1228 4644; x_wconf 64' lang='lat' dir='ltr'><strong>«illisam.</strong></span> 
     </span>
    </p>
   </div>
   <div class='ocr_carea' id='block_1_5' title="bbox 0 0 1626 5286">
    <p class='ocr_par' dir='ltr' id='par_1_5' title="bbox 0 0 1626 5286">
     <span class='ocr_line' id='line_1_45' title="bbox 0 0 1626 5286; baseline 0 0"><span class='ocrx_word' id='word_1_448' title='bbox 0 0 1626 5286; x_wconf 95' lang='lat' dir='ltr'><strong> </strong></span> 
     </span>
    </p>
   </div>
  </div>
 </body>
</html>
