3226 5280
643 345 652 385 l

507 441 650 487 SVMMA
665 443 704 486 Μ
718 441 883 486 suutmtt
898 441 1040 487 otontstt.
1337 427 1398 492 137

162 593 262 666 alium,
286 592 337 672 qui
359 591 488 668 manua,
511 591 600 656 alium
623 593 723 669 ritem,
744 593 833 658 alium
848 593 1017 673 agricolam.
1041 593 1195 674 Quotquot
1209 593 1289 656 enim
1304 593 1487 658 verbosas.

161 693 269 756 Filium
291 691 377 774 quasi
398 693 527 756 alienum
548 694 670 757 aPatra
691 695 850 770 declarant,
873 694 947 756 baec
961 695 999 755 ad
1014 711 1132 754 monem
1148 695 1283 770 attinent,
1306 715 1395 777 wem

161 795 258 857 nostri
281 813 370 858 causa
390 795 527 876 gestavit
572 795 695 876 Opilicia
725 795 835 875 quippe
857 794 1024 858 secundum
1044 800 1180 856 naturam
1203 795 1302 858 allec
1324 805 1397 860 sunt

161 897 274 960 aliena:
303 895 371 958 ideo
393 915 463 960 cum
484 915 554 959 caro
577 897 730 978 opificium
751 897 808 970 sit,
839 895 984 966 Verbum,
1015 893 1113 974 quod,
1143 902 1178 954 ut
1198 895 1239 956 ait
1258 895 1397 973 loannes,

163 1017 236 1061 oure
258 999 375 1078 {umor
397 1008 452 1070 eat,
474 997 544 1060 lioet
564 997 730 1060 seeundum
751 1005 887 1059 naturam
909 995 1066 1076 proprium
1088 994 1128 1058 sit
1148 995 1230 1058 Patri
1253 1003 1283 1058 et
1304 997 1340 1060 ab
1361 1015 1481 1062 enema

163 1098 354 1172 bodiviaibile,
378 1105 506 1162 attamen
528 1099 555 1161 si
578 1117 647 1160 caro
670 1105 836 1178 spectetur,
866 1097 954 1160 Pater
982 1095 1091 1160 dicitur
1112 1095 1149 1158 ab
1171 1095 1223 1158 illo
1245 1106 1398 1175 remutua;

163 1217 240 1280 quae
263 1198 342 1262 euim
364 1199 446 1262 curm
467 1199 588 1280 propria
612 1207 696 1274 sunt,
726 1200 794 1280 ipse
820 1199 955 1260 concedit
983 1206 1015 1262 ut
1043 1197 1080 1260 de
1102 1217 1136 1260 se
1158 1197 1311 1275 dicantur3
1337 1217 1397 1279 quo

163 1301 235 1362 bine
255 1299 351 1381 palam
373 1301 439 1376 liat,
469 1319 531 1362 non
559 1300 682 1362 alterius
714 1299 768 1362 aed
791 1319 879 1363 suum
900 1299 1022 1380 proprie
1043 1317 1152 1380 corpus
1173 1299 1279 1364 luisse.
1324 1299 1399 1364 Cum

163 1401 264 1482 itaque
291 1403 365 1464 baec
392 1421 429 1464 eo
457 1401 549 1464 modo
579 1401 641 1462 sint
667 1401 872 1482 intelligenda,
903 1400 991 1463 citius
1020 1399 1165 1463 Sabellius
1197 1401 1399 1477 convincetur,

164 1521 225 1564 non
248 1521 317 1566 esse
338 1503 475 1576 Patrem,
498 1503 549 1582 qui
577 1521 646 1564 caro
675 1503 769 1564 laetus
792 1511 848 1576 est,
871 1503 925 1564 sed
944 1503 1012 1564 'eius
1035 1501 1180 1577 Verbum,
1209 1503 1289 1582 quod
1317 1503 1396 1568 illam

163 1603 291 1666 redemit
310 1604 452 1684 Patrique
475 1603 591 1666 obtulit.
635 1603 673 1664 Et
694 1603 744 1665 ubi
767 1602 833 1683 quis
856 1603 938 1666 illum
961 1603 999 1665 ita
1023 1603 1190 1684 coarguerit
1214 1621 1248 1666 ac
1268 1621 1396 1686 persua-

163 1705 254 1780 serit,
282 1704 352 1767 binc
372 1704 560 1768 biriuitatem
589 1723 708 1785 qnoque
729 1703 818 1766 Verbi
840 1703 954 1767 facilius
978 1703 1129 1766 edocebit:
1162 1705 1260 1785 ipsum
1288 1725 1396 1787 nempe

163 1824 234 1867 esse
248 1805 378 1866 Verbum
402 1813 432 1866 et
446 1805 637 1886 Sapientiam,
659 1805 766 1868 Filium
783 1813 813 1866 et
825 1805 979 1880 Virtutem,
1003 1805 1197 1884 splendorem
1219 1814 1249 1866 et
1263 1807 1396 1885 liguram.

163 1905 297 1966 Necesse
318 1906 426 1986 quippe
449 1905 575 1968 ostiam
598 1905 696 1967 denuo
719 1905 867 1986 colligere,
889 1925 956 1968 cum
975 1905 1102 1968 Verbum
1125 1905 1241 1978 existat,
1265 1914 1296 1967 et
1308 1905 1397 1969 Verbi

165 2005 286 2068 Patrem
308 2024 375 2068 esse
397 2013 545 2085 oportere,
570 2005 720 2086 Sapientia
743 2025 810 2069 cum
826 2007 875 2080 sit,
898 2006 962 2068 eiua
978 2014 1130 2086 parentem
1146 2025 1226 2082 esse,
1250 2016 1280 2068 et
1294 2006 1396 2087 splen·

163 2103 221 2168 dor
243 2125 310 2168 cum
332 2107 385 2182 sit,
414 2125 485 2170 esse
508 2125 626 2188 quoque
647 2108 761 2182 lucem,
791 2115 880 2190 atque
907 2107 947 2169 ita
967 2107 1086 2168 Patrem
1114 2107 1270 2170 etlilium
1304 2125 1395 2171 unum
1493 2175 1497 2188 ,

163 2225 239 2270 esse.

245 2413 298 2474 27.
342 2409 421 2474 llaec
443 2429 509 2473 cum
531 2410 625 2491 probe
649 2409 741 2472 sciret
762 2407 940 2488 Dionysius,
969 2409 1018 2470 illa
1040 2409 1133 2472 edidit
1154 2409 1279 2491 scripta,
1308 2412 1393 2491 prio·

159 2509 303 2591 ribusque
324 2512 425 2574 uerbis
441 2511 600 2574 Sabellium
624 2509 814 2587 compressit,
836 2509 884 2572 bis
902 2527 974 2572 vero
989 2511 1126 2572 drianam
1142 2513 1306 2590 prosternit
1319 2511 1393 2574 bae-

158 2613 262 2675 resim.
307 2611 346 2674 Ut
367 2613 447 2674 enim
469 2613 597 2673 humana
615 2607 774 2672 Salvatoris
796 2619 862 2690 apta
878 2611 1000 2672 suntad
1018 2611 1178 2673 Sabellium
1194 2612 1394 2685 evertendum,

162 2729 349 2774 econverso
376 2713 407 2772 in
430 2709 628 2772 Ariomanitas
656 2728 716 2772 uon
747 2730 783 2772 ex
804 2710 959 2785 humanis,
989 2713 1042 2774 sed
1064 2731 1100 2775 ex
1121 2712 1176 2784 iis,
1209 2730 1285 2792 quae
1307 2710 1397 2772 Verbi

164 2809 354 2871 Divinitatem
375 2809 521 2884 indicant,
550 2819 720 2889 argumenta
748 2819 820 2873 sunt
840 2812 1018 2886 mutuanda3
1046 2821 1080 2874 ut
1107 2829 1147 2872 ne
1175 2811 1232 2884 illi,
1261 2827 1338 2889 quae
1360 2810 1396 2870 de

71 2899 81 2908 '
163 2908 295 2972 Domino
318 2909 455 2989 corporis
477 2928 564 2972 causa
587 2910 734 2984 dicuntur,
754 2929 845 2989 prave
859 2913 1091 2992 interpretantes
1107 2909 1288 2981 existiment,
1314 2907 1397 2969 eius-

164 3009 249 3073 modi
273 3027 342 3071 esse
363 3007 501 3083 Verbum,
524 3010 625 3090 quales
648 3029 705 3071 nos
728 3009 865 3072 homines
888 3029 1004 3084 sumus,
1031 3031 1066 3072 ac
1087 3011 1208 3070 demum
1229 3009 1261 3070 in
1283 3009 1398 3071 insania

164 3130 220 3175 sua
242 3119 444 3192 perseverent.
490 3111 548 3183 Qui
569 3111 596 3174 si
618 3110 656 3172 de
676 3109 834 3172 bivininte
856 3111 1037 3184 doceantur,
1068 3125 1156 3170 suum
1184 3107 1240 3188 ipsi
1263 3127 1397 3172 emerem

161 3211 386 3294 immobabunt,
409 3229 534 3292 cumque
556 3211 725 3286 didicerint,
746 3211 875 3273 Verbum
898 3229 1015 3272 carnem
1038 3211 1146 3272 lactum
1169 3229 1246 3285 esse,
1268 3212 1396 3276 bumana

160 3315 191 3376 in
213 3321 371 3395 posterum
392 3312 506 3375 facilius
530 3313 714 3394 distinguent
736 3311 773 3374 ab
795 3311 848 3386 iis,
882 3330 957 3392 quae
983 3311 1019 3372 ad
1041 3309 1229 3374 divinitatem
1258 3313 1393 3376 attinent.

161 3415 241 3478 llaec
262 3433 331 3476 cum
353 3413 392 3475 ita
414 3433 448 3476 se
469 3413 606 3487 babeant,
629 3413 846 3493 llionpsiusque
860 3413 1029 3494 Episcopus
1051 3431 1086 3474 er
1108 3412 1171 3475 suis
1191 3413 1310 3494 scriptis
1326 3415 1394 3494 pius

163 3514 384 3578 demonstratus
407 3513 462 3589 sit3
484 3515 553 3595 quid
575 3517 634 3578 iam
658 3514 750 3578 acturi
773 3523 845 3576 sunt
864 3511 1088 3577 driomanitae?
1117 3515 1213 3587 Quem
1228 3515 1305 3576 ultra
1319 3515 1393 3578 falso
1467 3515 1473 3526 ’

163 3633 302 3677 accusare
324 3615 489 3689 audebunt,
519 3633 584 3678 cum
615 3635 651 3678 ex
677 3614 856 3696 supradictis
884 3615 1029 3678 mendacii
1051 3615 1177 3678 conuicti
1202 3613 1288 3677 sint?
1332 3614 1394 3677 Ne-

164 3733 248 3777 cesse
271 3715 350 3776 enim
379 3723 426 3777 est
452 3716 519 3778 illos
547 3737 563 3779 a
591 3717 781 3780 fundamento
810 3717 1021 3796 Apostolorum
1048 3717 1151 3797 lapsos
1182 3715 1395 3796 fluctuantique

163 3825 262 3878 mente
283 3815 434 3896 praeditos
458 3818 689 3881 sustentaculum
715 3835 869 3898 quaerere,
892 3825 1011 3880 etcum
1033 3835 1094 3878 uon
1111 3815 1270 3890 inveniant,
1292 3815 1396 3879 Patres

164 3915 196 3978 in
222 3925 379 3996 posterum
406 3917 480 3992 lalso
508 3936 657 3980 accusare.
708 3918 768 3978 Sed
799 3935 888 3979 nemo
917 3917 975 3978 illis
1007 3915 1084 3977 ultra
1116 3914 1205 3977 fidem
1233 3915 1394 3990 adhibebit,

164 4017 281 4080 etiamsi
302 4019 436 4080 nitantur
457 4017 618 4080 calumnias
641 4034 800 4096 sparger03
822 4015 859 4076 ab
882 4016 1022 4078 omnibus
1045 4017 1123 4078 enim
1142 4035 1245 4080 eorum
1260 4017 1395 4080 haeresis

164 4117 300 4180 damnata
321 4127 383 4192 ast;
415 4117 473 4180 nisi
496 4119 574 4180 torte
596 4115 633 4178 de
655 4115 773 4177 diabolo
796 4115 937 4196 deinceps
958 4117 1131 4196 loquantur,
1159 4119 1186 4181 is
1209 4118 1288 4181 enim
1311 4119 1395 4183 solus

199 4303 224 4353 d.
241 4303 282 4354 Sic
299 4304 355 4366 lies.
374 4303 472 4354 Tauria.
492 4304 598 4356 Colbert.
618 4305 663 4355 les
682 4303 721 4354 l'r.
735 4303 754 4355 l.
806 4304 878 4354 senti.
913 4303 961 4355 Sed
980 4304 1067 4356 melius
1085 4305 1190 4356 ellicum
1205 4305 1275 4358 editis
1291 4297 1395 4375 διακρι-

165 4370 223 4421 editi
241 4385 298 4422 reru
316 4369 402 4420 ταῦτα
420 4385 559 4436 perperam.
805 4370 894 4421 rodus.
931 4371 983 4424 llos
1011 4373 1067 4436 llep.
1093 4373 1165 4423 basil.
1191 4381 1215 4424 et
1233 4373 1289 4424 editi
1309 4357 1393 4424 uitet.

200 4453 221 4487 e.
239 4438 337 4489 Tauria.
355 4431 461 4507 ἔγραψε
473 4431 583 4507 καὶγὰρ
593 4429 681 4506 ὥσπερ
695 4429 755 4489 tirt-
806 4439 855 4489 Atti
874 4431 961 4505 adrat.
997 4439 1072 4490 Panlo
1090 4449 1148 4504 post
1164 4439 1262 4490 laurio.
1287 4439 1395 4494 Colbert.

167 4509 252 4572 speque
269 4507 368 4556 omissis
386 4508 545 4558 intermediis.
581 4506 754 4559 lbidemColb.
806 4507 888 4558 lenuit.
908 4507 946 4556 Fr.
960 4505 978 4556 l.
996 4499 1105 4553 τούτων
1128 4501 1158 4555 δὲ
1185 4497 1272 4560 οὕτως
1296 4499 1394 4558 ὄντων.

166 4572 213 4624 lea.
231 4573 269 4623 l'r.
289 4574 308 4624 l.
326 4564 490 4640 dessartinis.
807 4575 863 4636 lies.
881 4587 936 4624 cum
954 4573 1025 4624 editis
1043 4565 1150 4621 τούτων
1168 4563 1195 4620 δ’
1217 4563 1303 4628 οὕτως
1319 4567 1395 4640 ἐχόν-

200 4640 218 4692 l.
235 4641 293 4705 bag.
312 4649 336 4692 et
352 4641 425 4694 basil.
444 4635 632 4710 διακρίνουσιν
647 4643 755 4708 loprae·
806 4653 872 4690 των.
