3226 5280
480 377 625 420 ariston
639 377 678 422 DE
692 377 835 422 llffllS'l'lS
851 379 995 424 dicamne
1012 379 1129 424 sinum.
1378 369 1416 430 fii

184 513 243 588 net
265 543 302 588 ex
324 525 488 589 substantia
511 527 564 588 liei
586 545 664 600 esee,
688 528 740 588 sed
764 527 898 592 Patribus
921 531 1023 610 potins
1046 533 1236 606 assentiatur,
1260 535 1309 612 qni
1333 533 1504 596 ride-resa.

184 629 273 702 licet,
297 637 330 690 ut
351 629 447 707 ipsam
469 627 513 689 rei
537 627 688 690 notionem
710 639 939 709 perpurgarent,
960 633 1083 694 maioris
1106 635 1325 714 perspicuitatis
1347 654 1417 714 gra-

185 732 228 792 tia
256 728 416 808 verbisque
449 727 539 790 veluti
566 729 737 807 synonymis
766 731 819 792 bas
849 750 938 792 voces
969 751 1008 794 ec
1031 733 1094 794 Deo
1117 733 1183 794 istis
1206 755 1243 796 aa
1264 737 1322 798 Dei
1343 739 1416 800 aub-

185 835 304 893 xtontic
328 829 519 908 explicavere.
563 829 644 892 ldem
667 830 745 892 enim
768 849 837 892 esse
860 832 992 892 arbitrati
1017 843 1096 906 sunt,
1119 835 1218 894 dicere
1238 837 1364 898 Verbum
1379 857 1418 900 ec

185 933 254 995 Deo
285 949 370 1004 esse,
405 950 438 992 ac
467 931 565 992 dicere
592 931 691 1010 ipsum
714 949 783 991 esse
806 951 845 993 ec
867 933 927 994 Dei
947 935 1132 1004 substantio,
1161 936 1280 1012 quando
1302 937 1417 1014 quidem

187 1034 247 1094 ista
270 1050 327 1092 vox
349 1031 447 1104 Dens,
472 1040 504 1093 nt
525 1031 602 1102 dixi,
626 1031 700 1092 nibil
722 1030 800 1092 aliud
824 1033 985 1112 significat,
1016 1053 1102 1112 quarn
1125 1035 1319 1098 substantiam
1343 1039 1417 1110 eius,

185 1135 238 1213 qni
272 1141 329 1194 est.
374 1133 406 1193 Si
434 1132 523 1210 igitur
545 1132 675 1192 Verbum
706 1150 767 1194 non
797 1132 835 1192 ita
866 1143 911 1194 est
938 1153 974 1196 ex
995 1135 1074 1207 Deo,
1108 1145 1140 1197 ut
1164 1155 1250 1198 verns
1274 1157 1308 1198 ex
1333 1139 1418 1201 Patre

187 1245 294 1296 natura
317 1234 357 1294 sit
377 1233 478 1305 Filius,
502 1233 556 1294 sed
579 1233 606 1294 si
627 1252 663 1294 eo
688 1235 891 1296 tantummodo
913 1255 949 1296 ex
970 1235 1032 1297 ileo
1056 1255 1124 1298 esse
1147 1237 1263 1312 dicitur,
1287 1258 1346 1318 quo
1369 1259 1417 1299 res

187 1354 295 1398 omnes
327 1329 466 1408 creatae,
488 1334 555 1413 quia
580 1351 687 1412 nempe
710 1352 726 1394 a
748 1333 810 1394 [leo
833 1336 926 1396 iactae
949 1345 1035 1411 sunt3
1064 1357 1135 1400 sane
1164 1358 1260 1418 neque
1283 1359 1319 1400 ex
1342 1339 1417 1400 sub-

187 1437 298 1500 stantia
320 1436 416 1498 Patris
440 1445 501 1508 est;
530 1452 627 1514 neque
649 1435 714 1514 ipse
735 1434 828 1496 Filius
852 1436 1018 1498 substantia
1040 1446 1087 1498 est
1107 1437 1214 1510 Filius,
1243 1439 1295 1500 sed
1318 1439 1416 1502 solum

188 1559 224 1600 ex
245 1539 365 1612 virtute,
388 1556 450 1598 non
471 1537 557 1598 aliter
578 1555 613 1596 ae
633 1553 701 1606 nos,
724 1537 774 1614 qui
797 1537 890 1615 gratia
911 1537 963 1598 lilii
985 1557 1134 1602 vocamur.
1179 1541 1231 1604 Sin
1247 1552 1345 1604 autem
1361 1561 1414 1602 so-

188 1643 233 1703 lus
257 1659 293 1700 ex
315 1639 377 1700 lleo
401 1647 448 1700 est
469 1647 607 1716 tanquam
629 1656 718 1698 verus
740 1636 849 1710 Filius,
882 1639 924 1700 uti
944 1658 1046 1700 revera
1068 1651 1132 1716 est,
1165 1643 1229 1704 iure
1251 1663 1285 1704 ae
1306 1644 1414 1706 merito

189 1761 225 1804 ex
247 1741 412 1804 substantia
435 1739 488 1800 liei
509 1737 602 1800 Filius
625 1737 768 1800 dicendus
791 1747 847 1799 est
1473 1824 1476 1830 ,

272 1845 323 1907 23.
369 1841 455 1901 Certe
478 1857 542 1900 rem
564 1839 603 1898 ita
627 1857 660 1900 se
682 1838 793 1900 babere
815 1847 895 1918 patet
917 1859 953 1902 ex
975 1842 1111 1920 exeurplo
1132 1841 1207 1904 lucis
1230 1851 1259 1903 at
1274 1844 1414 1922 splendo-

188 1943 240 2004 ris.
281 1941 350 2003 Non
374 1941 454 2002 enim
477 1940 570 2000 instar
591 1940 687 2018 ignis,
717 1940 765 2018 qni
790 1959 825 2002 ex
848 1941 945 2002 calore
969 1941 1043 2002 solis
1060 1943 1235 2012 accenditur
1256 1961 1291 2004 ac
1311 1953 1416 2023 postea

186 2043 262 2105 solet
283 2043 425 2121 extingui,
448 2041 575 2104 Verbum
598 2060 631 2102 se
654 2040 690 2102 ad
705 2041 799 2102 Deum
822 2041 932 2104 habere
948 2043 1047 2104 Sancti
1069 2061 1229 2116 censuere,
1252 2045 1290 2106 ita
1306 2045 1415 2126 quippe

184 2155 338 2206 externum
372 2151 402 2206 et
434 2151 563 2206 creatum
597 2143 747 2204 allectorio
782 2163 859 2224 opus
894 2152 982 2204 esset.
1033 2145 1141 2206 Verum
1170 2145 1275 2208 Filium
1307 2165 1412 2210 omnes

184 2247 374 2325 splendorem
397 2265 464 2307 esse
485 2245 597 2318 dixere,
620 2253 652 2306 ut
674 2263 741 2306 eum
763 2245 887 2324 proprie
909 2265 944 2306 ac
966 2245 1031 2308 sine
1052 2247 1198 2310 divisione
1221 2267 1255 2310 ex
1271 2249 1412 2310 substan-

182 2348 223 2408 tia
245 2367 323 2420 esse,
347 2347 469 2426 eiusque
490 2365 556 2410 cum
570 2347 658 2408 Patre
674 2347 816 2410 unitatem
840 2347 1049 2426 significarent
1095 2349 1227 2428 Namque
1249 2351 1306 2412 boc
1327 2360 1411 2430 pacto

183 2456 309 2520 constat,
333 2467 402 2508 rere
425 2467 493 2509 eum
514 2447 725 2509 immutabilem
748 2449 958 2526 uarietatisque
977 2459 1127 2530 expertem
1144 2469 1222 2512 esse.
1253 2450 1411 2524 Quomodo

184 2551 264 2609 enim
287 2548 370 2607 aliter
391 2547 457 2608 talis
479 2567 546 2608 esse
567 2556 691 2627 posset,
723 2551 781 2610 nisi
809 2549 907 2628 Patris
935 2551 1076 2630 proprius
1108 2561 1188 2613 esset
1218 2551 1321 2614 letus?
1365 2553 1414 2612 Sic

186 2649 267 2707 enim
290 2665 413 2706 necesse
436 2654 571 2707 osteum
593 2647 717 2708 eaodem
738 2669 801 2710 rem
824 2669 892 2711 esee
914 2669 948 2710 ac
969 2669 1056 2712 sunm
1080 2652 1206 2714 Patrem.
1248 2653 1332 2724 Quae
1348 2669 1413 2712 cunr

187 2743 290 2822 pietati
312 2743 396 2802 ualde
417 2753 613 2806 consentanea
636 2765 704 2806 esse
725 2757 882 2810 ostensum
905 2751 1003 2824 luerit,
1025 2755 1160 2831 prolecto
1176 2752 1287 2814 Cbristi
1311 2752 1415 2814 bostea

190 2861 263 2904 voce
288 2843 551 2906 consubstantialis
574 2844 694 2906 minime
716 2848 824 2908 debent
847 2850 966 2918 aliendi,
989 2869 1056 2912 cum
1077 2853 1152 2914 baec
1173 2871 1278 2912 sanam
1294 2849 1415 2912 omniuo

184 2944 339 3014 contineat
360 2943 534 3004 sententiam
565 2944 739 3024 rationeque
765 2948 964 3008 confirmetur.
1010 2951 1169 3014 Enimvero
1198 2970 1265 3012 oum
1288 2949 1416 3014 Verbum

118 3035 124 3040 ’
181 3065 218 3108 ex
242 3043 409 3107 substantia
431 3042 484 3102 Ilei
508 3063 575 3106 esse
598 3043 723 3108 dicimus
756 3048 828 3121 (iam
851 3047 928 3108 enim
951 3049 1060 3127 stipsi
1082 3051 1242 3110 dictionem
1266 3051 1342 3112 bano
1362 3053 1414 3112 ad-

180 3148 321 3222 mittant),
345 3145 415 3225 quid
438 3145 516 3207 aliud
539 3145 751 3225 significamus,
775 3165 864 3226 qnam
879 3167 978 3208 reram
997 3156 1027 3209 et
1048 3157 1195 3212 aeternam
1211 3151 1413 3226 substantiam,

180 3269 215 3310 ex
243 3269 301 3328 qua
330 3248 429 3326 ipsum
455 3247 587 3325 genitum
618 3247 690 3310 est?
732 3235 795 3310 Nec
823 3247 903 3310 enim
931 3247 1047 3310 diversa
1076 3259 1121 3312 est
1141 3252 1253 3330 specie,
1283 3255 1411 3332 nequid

179 3359 332 3412 externum
355 3367 389 3410 ao
410 3349 556 3410 dissimile
579 3368 646 3410 cum
658 3349 754 3412 Patris
778 3349 944 3412 substantia
966 3349 1135 3426 misceatur,
1150 3364 1206 3416 nec
1225 3353 1409 3418 extrinsecus

179 3452 321 3512 duntaxat
342 3449 439 3511 simile
462 3459 523 3524 est,
555 3469 593 3512 ne
616 3451 671 3512 alia
692 3471 726 3514 ex
749 3461 834 3532 parte
857 3451 901 3513 rel
925 3452 1046 3514 omnino
1068 3453 1201 3518 diversae
1224 3457 1409 3518 substantiae

179 3569 248 3612 esse
269 3559 418 3631 appareat,
441 3551 531 3614 veluti
554 3571 605 3614 aes
621 3553 735 3632 lnlgens
751 3563 779 3616 et
794 3573 908 3627 aurum,
933 3563 1086 3633 argentum
1102 3565 1132 3618 et
1147 3565 1296 3618 stannum.
1330 3557 1410 3618 llaec

179 3650 324 3730 siquidem
347 3653 463 3714 diversa
486 3661 516 3714 et
536 3653 592 3716 alia
614 3665 703 3734 atque
731 3665 865 3736 separata
894 3667 964 3718 sunt
992 3667 1053 3720 tom
1081 3667 1186 3719 natura
1216 3665 1280 3718 tum
1302 3659 1410 3718 virtute

179 3769 234 3812 neo
254 3771 306 3813 aes
328 3753 481 3832 proprium
504 3755 567 3816 anri
590 3765 652 3830 eet,
679 3775 735 3818 nec
761 3757 916 3836 palumbes
944 3777 979 3818 ex
1009 3758 1145 3820 columba
1173 3757 1322 3830 nescitum
1356 3757 1408 3818 sed

177 3853 310 3930 quamvis
332 3853 406 3914 baec
426 3862 568 3934 putantur
590 3875 656 3918 esse
679 3857 803 3929 similia,
833 3857 950 3918 diversa
979 3865 1077 3918 umen
1105 3857 1238 3917 interae
1261 3864 1332 3918 sunt
1352 3875 1408 3916 na-

177 3960 251 4012 tura.
295 3953 398 4032 ltaque
421 3953 447 4013 si
469 3953 563 4014 Filius
585 3955 626 4016 ita
647 3974 766 4034 quoque
788 3974 822 4016 se
842 3955 942 4027 habet,
965 3963 1030 4015 esto
1053 3973 1102 4016 res
1124 3964 1221 4018 creata
1243 3966 1276 4018 nt
1297 3965 1327 4018 et
1341 3973 1408 4030 nos,

177 4069 239 4112 non
260 4061 356 4114 antem
379 4052 654 4114 consubstantialis.
699 4055 753 4115 Sin
776 4061 873 4114 auum
895 4053 988 4114 Filius
1011 4061 1057 4114 eat
1080 4055 1222 4131 Verbum,
1253 4054 1407 4134 sapientia,
1515 4049 1520 4056 ’

177 4150 273 4230 imago
295 4153 402 4225 Patris,
426 4153 616 4232 splendorve,
638 4155 745 4216 merito
768 4153 870 4232 utique
884 4153 1145 4218 consubstantialis
1162 4166 1217 4218 est,
1247 4156 1311 4216 Nisi
1328 4155 1405 4216 enim
1420 4181 1496 4223 oneo,

176 4252 365 4328 ostendatur,
394 4252 475 4316 illum
498 4274 559 4317 non
581 4275 618 4318 ex
638 4256 718 4332 Deo,
752 4255 805 4318 sed
829 4265 964 4336 tanquam
988 4275 1130 4336 organum
1153 4266 1259 4320 natura
1281 4267 1312 4316 et
1332 4255 1406 4316 snb-

209 4449 229 4483 c.
249 4435 291 4485 Sic
315 4437 409 4500 liegiue.
445 4441 473 4490 tt
496 4442 521 4490 iu
547 4441 600 4491 eliis
618 4449 641 4492 et
659 4433 763 4492 editiori
851 4440 874 4490 d.
894 4441 1012 4490 l’artienla
1030 4433 1069 4506 μή
1088 4442 1181 4491 ridetur
1199 4439 1307 4490 addenda
1318 4429 1408 4501 portal

174 4499 251 4550 decti-
817 4507 851 4556 rel
882 4517 947 4558 certe
974 4507 1147 4558 subaudienda.
1184 4507 1243 4556 ibid.
1268 4507 1324 4567 lien.
1355 4498 1407 4551 dst-

816 4585 903 4622 wora.
