3234 5282
593 381 703 426 auran
718 381 751 424 ιι.
767 379 884 426 ccum
898 379 1034 424 munos.
1353 363 1418 428 tta

182 553 252 600 ease
273 543 304 596 et
326 550 413 610 unam
435 549 453 594 e
475 530 559 592 laetis
586 501 696 604 celtus,
725 529 778 592 aed
806 537 900 592 artem
929 529 1047 591 creandi
1070 537 1206 608 tauquam
1229 547 1247 590 a
1268 527 1410 607 magistre
1424 543 1505 588 m.

183 646 215 700 et
234 635 346 698 artifice
368 634 527 706 didicisse,
556 639 642 711 atque
663 631 704 692 ita
726 631 784 710 ipsi
806 632 883 703 llee,
906 649 995 711 quem
1019 631 1193 710 magistrum
1216 629 1334 704 habuit,
1356 629 1398 691 mi

142 747 146 750 “
184 736 341 800 nistrasse.
402 735 483 796 llaec
513 732 594 794 enim
627 731 762 794 Asterius
795 731 955 812 Sophiste,
988 739 1092 810 utpote
1124 729 1275 792 Christum
1309 729 1417 792 doctus

183 855 304 917 seqare,
326 855 416 898 ausus
439 843 486 896 est
508 833 651 905 scribere,
674 833 798 895 minime
819 833 855 894 ad
878 851 913 893 ea
934 842 1010 912 quae
1024 831 1093 893 inde
1108 839 1274 910 sequuntur
1288 831 1419 894 absurda

185 939 354 1000 attendens.
397 935 470 997 Nam
495 935 521 996 si
543 953 593 996 ars
616 933 734 996 creandi
757 932 989 1012 potestdcceri,
1012 932 1130 995 videant
1151 951 1190 994 ne
1212 933 1310 1012 ipsum
1328 934 1418 994 etiam

185 1040 279 1101 lirum
310 1056 370 1098 nun
400 1046 503 1098 natura
531 1035 586 1097 sed
614 1043 678 1096 arte
707 1021 943 1116 cpiliccm'esse
964 1033 1080 1106 dicant,
1109 1033 1150 1094 ita
1172 1040 1206 1094 ut
1226 1051 1261 1094 ea
1283 1033 1418 1096 facultate

185 1139 294 1222 privari
316 1139 425 1218 pessit.
470 1136 598 1209 Deinde,
627 1137 654 1198 si
683 1135 736 1198 net
764 1135 915 1215 Sapientia
944 1135 1112 1196 facultatem
1133 1135 1253 1196 meandi
1275 1133 1418 1198 discendo

186 1241 378 1321 compararit,
402 1239 553 1319 quomado
575 1238 722 1316 sapientia
737 1237 879 1318 appellari
895 1243 1002 1317 potest,
1024 1255 1099 1316 quae
1114 1235 1249 1298 docmina
1263 1234 1418 1315 indigeat?

180 1342 266 1416 ‘Quid
289 1359 361 1402 vero
385 1341 449 1420 ipsa
472 1350 534 1400 erat
556 1349 713 1417 antequam
736 1335 887 1400 disceret?
909 1337 971 1398 Nec
984 1336 1063 1398 enim
1079 1335 1226 1417 sapientia
1248 1345 1320 1410 erat,
1344 1353 1420 1417 quae

186 1442 426 1521 doctrina·opus
454 1440 567 1502 habuit.
613 1440 712 1500 lnanis
740 1457 848 1520 nempe
878 1446 908 1500 et
934 1456 1025 1500 vacua
1050 1455 1101 1500 res
1128 1437 1225 1518 aliqua
1253 1439 1323 1512 luit,
1356 1456 1419 1500 aen

176 1553 285 1620 ¹autam
309 1541 515 1604 substantialis
538 1541 700 1618 sapientia,
731 1541 784 1602 sed
815 1539 978 1620 sapientiae
1000 1557 1110 1624 nemen
1131 1539 1313 1620 preficiendo
1336 1539 1418 1606 obti-¹

187 1645 269 1713 nuit.
291 1662 367 1722 quae
391 1643 501 1704 tamdiu
524 1644 620 1704 lutura
644 1649 689 1704 eet
712 1643 874 1722 sapientia,
907 1641 1045 1720 quamdiu
1068 1641 1146 1720 quod
1168 1639 1270 1704 didicit
1291 1659 1418 1703 conser-

186 1755 290 1806 vatura
319 1751 376 1804 est.
420 1744 494 1806 llam
522 1743 602 1823 quod
625 1743 733 1823 aliquis
755 1761 817 1804 non
838 1745 944 1804 natura
966 1741 1019 1805 sed
1041 1742 1138 1804 studio
1161 1750 1339 1805 consecutus
1361 1749 1418 1816 est,

188 1844 220 1904 id
242 1843 399 1922 aliquande
421 1853 523 1924 potest
540 1845 704 1907 dediscere.
749 1843 830 1906 llaec
850 1851 948 1905 autem
971 1843 1008 1906 de
1029 1843 1083 1907 Dei
1104 1843 1202 1906 Verbo
1224 1843 1333 1916 dicere,
1356 1861 1418 1905 uon

187 1946 325 2026 prolecta
348 1945 584 2007 Christianorum
606 1947 660 2008 sed
682 1945 842 2008 Gentilium
866 1954 922 2009 est

275 2147 328 2210 29.
371 2145 488 2208 Etenim
516 2147 542 2208 si
570 2147 692 2210 lacultas
722 2146 841 2209 creandi
864 2142 998 2208 doctrina
1019 2147 1184 2226 comparari
1206 2156 1309 2226 queat,
1337 2146 1417 2209 iuri·

187 2249 268 2310 diam
286 2249 330 2309 ael
347 2248 434 2310 etiam
453 2247 682 2311 imbecillitatem
698 2249 788 2311 stulte
803 2249 833 2308 in
848 2247 942 2322 Deum
957 2247 1111 2322 inducunt,
1133 2247 1271 2310 invidiam
1287 2248 1417 2328 quidem,

187 2351 257 2431 qnia
280 2368 340 2412 uon
363 2351 473 2412 multus
494 2351 631 2413 docuerit
652 2350 772 2412 creandi
794 2357 899 2422 artem,
922 2357 955 2410 ut
975 2347 1222 2428 quemadmodum
1244 2350 1326 2412 multi
1341 2349 1420 2412 cirea

187 2453 269 2515 illurn
291 2461 364 2514 surrt
384 2452 558 2532 Archangeli
581 2460 611 2513 et
624 2453 739 2531 legali,
762 2452 802 2513 ita
825 2460 854 2513 et
875 2433 1082 2513 mutri'essent
1102 2460 1262 2526 creatores,
1284 2450 1420 2512 imbecil-

143 2587 146 2592 ·
184 2551 297 2616 litatem
321 2573 410 2624 rere,
435 2553 503 2632 quia
526 2571 587 2613 nen
611 2551 695 2613 solus
718 2549 773 2614 ree'
790 2553 922 2632 potuerit
943 2553 1058 2626 lacere,
1082 2552 1135 2614 sed
1157 2551 1292 2614 adiutore
1314 2559 1344 2614 et
1365 2552 1420 2614 ad·
1503 2589 1508 2596 ·

188 2655 327 2715 ministro
356 2673 435 2734 opus
464 2652 619 2726 habuerita
651 2671 826 2732 quamquam
854 2654 960 2716 iactam
987 2661 1123 2715 naturam
1144 2673 1162 2714 a
1183 2653 1249 2714 acle
1272 2653 1333 2714 lien
1356 2653 1422 2716 lieri

190 2771 285 2833 passe
305 2763 463 2814 ostensam
485 2753 543 2814 iam
562 2761 619 2824 est,
641 2753 877 2833 quandoquidem
892 2756 995 2828 Filius,
1018 2755 1068 2835 qui
1086 2763 1119 2818 ut
1131 2761 1238 2836 putant
1252 2763 1300 2816 est
1313 2756 1420 2829 iactus,

191 2853 297 2916 aeolo
313 2853 374 2914 llea
398 2853 496 2930 potuit
517 2854 591 2916 fleri:
637 2854 742 2938 llerpm
766 2856 843 2918 nulla
865 2875 898 2917 re
920 2864 1000 2918 certe
1017 2874 1093 2936 epus
1109 2856 1200 2918 habet
1213 2854 1309 2927 Deus3
1332 2855 1420 2918 absit.

192 2955 261 3036 lpse
284 2955 362 3016 enirn
386 2955 473 3016 dixit:
506 2955 618 3017 Plenas
633 2975 718 3030 ,sune
761 2957 823 3019 Nec
839 2957 920 3018 ‘item
943 2956 1070 3018 Verbum
1093 2957 1236 3018 discendo
1258 2957 1351 3020 lactans
1375 2964 1422 3016 est

137 3057 143 3070 ’
191 3064 326 3129 mentor,
355 3055 409 3117 sed
438 3075 504 3117 cnm
533 3056 572 3117 sit
601 3057 696 3136 imago
720 3065 750 3120 et
771 3058 914 3139 sapientia
934 3058 1051 3132 Patris,
1080 3075 1211 3137 eaquae
1233 3055 1509 3121 suntl‘atriec.m.

192 3157 292 3220 allicit.
337 3157 398 3220 Nec
419 3157 505 3219 etiam
529 3157 635 3220 Filium
656 3159 766 3221 crearit
786 3145 1052 3222 rerum'lactarum
1075 3159 1295 3220 efficiendarum
1317 3173 1422 3231 eausa3

191 3277 318 3338 namque
339 3259 471 3338 quamuis
495 3259 601 3321 existat
622 3259 733 3334 Filius,
756 3262 845 3322 Pater
867 3259 1059 3322 nihilominus
1081 3260 1149 3340 agit¹
1174 3267 1207 3322 ut
1228 3261 1293 3339 ipse
1314 3257 1419 3321 Domi-

191 3376 250 3421 nus
272 3359 318 3422 lris
341 3360 438 3422 verbis
454 3362 556 3423 dccet:
583 3361 677 3427 Pater
691 3382 775 3424 meaa
789 3363 985 3444 usquemodo
1002 3372 1159 3442 operatur,
1184 3371 1213 3424 et
1227 3379 1279 3440 cqc
1295 3376 1418 3442 operar.

191 3459 278 3534 Quod
301 3460 342 3533 si,
372 3470 404 3522 ut
425 3464 554 3541 putatis,
576 3463 689 3524 idcirco
711 3462 805 3524 Filius
826 3464 921 3526 lactus
944 3469 1005 3534 est,
1030 3469 1062 3524 ut
1083 3480 1126 3533 ea.
1149 3479 1224 3541 quac
1245 3470 1315 3540 post
1336 3460 1419 3522 illum

190 3560 329 3633 esistunt,
351 3564 542 3642 produceret,
566 3571 596 3624 et
619 3563 684 3642 ipse
707 3571 806 3625 tanam
827 3565 915 3627 Pater
935 3573 1006 3644 poet
1021 3563 1132 3626 editum
1146 3561 1253 3624 Filium
1269 3569 1420 3643 operatur,

190 3681 369 3741 supervacue
392 3683 463 3724 sane
486 3672 535 3726 eet
556 3663 729 3726 huiusmodi
747 3664 813 3726 Filii
835 3666 1013 3744 procreatio.
1058 3665 1216 3726 Praeterea
1231 3680 1284 3728 cnr
1299 3679 1421 3741 quaese,

191 3781 257 3824 cum
286 3781 343 3824 nce
370 3783 472 3825 creare
499 3763 602 3833 vellet,
639 3764 848 3827 intermedium
875 3767 1002 3844 aliquem
1031 3763 1179 3844 quaesivit
1204 3763 1422 3838 administrum,

192 3864 274 3942 quasi
298 3864 412 3924 scilicet
434 3881 493 3923 nnn
516 3843 667 3924 sailllceret
688 3867 754 3926 eius
776 3866 913 3928 voluntas
935 3865 972 3927 ad
1002 3883 1036 3926 ea
1063 3863 1232 3938 efficienda,
1262 3883 1337 3945 quae
1359 3863 1423 3944 lpse

192 3961 343 4026 voluerit?
366 3961 499 4022 Clamant
520 3962 630 4040 quippe
646 3963 833 4042 Scripturae:
859 3966 973 4049 omnic
989 3983 1189 4046 quaecumque
1215 3965 1314 4031 actua
1333 3967 1417 4046 fecit,

191 4117 289 4166 Goltler.
316 4115 422 4164 Frtrtm.
445 4113 466 4162 l.
485 4122 507 4161 el
527 4107 663 4164 &adduci
682 4103 784 4182 ἆρχᾶγ·
869 4131 892 4178 g.
911 4116 1009 4176 Sequar.
1027 4111 1140 4182 γέγονεν
1157 4111 1222 4175 υἱός,

189 4179 265 4249 relos
281 4177 326 4230 arai
344 4173 462 4245 ἄγγελοι.
498 4181 543 4230 tttt
563 4190 587 4231 et
605 4181 783 4240 addictarum.
869 4185 895 4234 la.
912 4177 1048 4235 viciabant
1058 4187 1087 4234 ab
1101 4189 1190 4248 dualia.
1218 4186 1423 4240 llchelclm.l.

191 4244 286 4300 πολλοὶ
304 4241 422 4313 ἄγγελοι.
835 4259 858 4302 et
876 4255 924 4313 sap
927 4269 975 4302 ιιιιι
994 4248 1084 4302 θέλων
1107 4247 1178 4321 ἡμᾶς
1200 4252 1299 4307 acient.
1337 4253 1382 4303 tllli
1399 4258 1424 4300 et

225 4334 247 4366 a.
266 4322 358 4378 svprwr
391 4319 446 4377 lta-p.
471 4315 570 4366 anler.
591 4317 696 4368 l'elrlarn.
717 4318 739 4369 ι.
758 4317 782 4368 t.
834 4320 892 4371 editi
909 4315 999 4368 θέλων
1015 4327 1108 4371 artant

192 4379 398 4450 eteytmaae
428 4385 507 4436 Ceteri
526 4394 550 4433 rt
567 4387 625 4435 editi
642 4381 782 4449 γενέσθαι.
869 4389 883 4439 i.
909 4391 1009 4448 Separor.
1035 4393 1090 4452 lluq.
1117 4393 1215 4444 Gcblrrt
1234 4400 1258 4442 et
1274 4389 1380 4441 l'elrlm.
1401 4383 1423 4430 l·

86 4495 92 4503 .
155 4495 161 4506 .
192 4453 267 4502 Parate
291 4463 347 4515 pust
365 4457 463 4506 staura.
483 4453 580 4503 natur.
599 4462 623 4504 at
642 4455 781 4504 l'elclrn.l.
834 4445 870 4502 aiv
887 4447 969 4521 αὐτῷ.
1005 4459 1152 4510 Editietalii
1169 4451 1219 4509 lde
1237 4451 1319 4523 αὐτῷ.
1347 4449 1422 4499 ΜΙΟ

190 4509 345 4588 ιιιίιόίγίιρ
363 4507 426 4570 εἶπε.
454 4523 497 4569 atii
513 4513 699 4576 etrdrtiaririe
715 4510 780 4571 atrae
851 4533 888 4573 nat
909 4527 1006 4588 Sequar.
1027 4518 1151 4584 inolere·
1168 4522 1214 4584 sai
1233 4520 1272 4591 spi
1288 4517 1344 4588 γὰρ
1361 4513 1424 4575 lm·

138 4607 141 4614 ’
224 4589 242 4638 l.
259 4593 360 4650 aeques.
379 4598 402 4637 et
421 4588 524 4639 deletu.
546 4589 566 4638 l.
586 4581 720 4650 laetare».
857 4583 941 4658 'prere
969 4593 1181 4644 coercerentur.
1195 4596 1216 4645 l.
1228 4594 1284 4644 etl.
1297 4573 1435 4658 lavim(
1452 4625 1457 4640 ,
