3176 5304
641 353 809 420 deussene.
1297 363 1336 427 ³5

103 544 242 605 prorsus
265 535 422 606 expertem
447 526 538 588 luisse
561 545 619 590 nou
641 527 810 600 mirabitur,
833 527 882 607 qui
904 529 1114 610 interpretandi
1142 530 1337 594 consuetudi·

100 647 173 688 nem
198 628 366 707 plerisque
388 629 524 690 omnibus
547 629 622 690 illius
651 631 759 692 saeculi
788 631 957 692 doctoribus
985 631 1138 710 probatam
1160 643 1189 693 et
1211 633 1335 694 ebraeae

97 729 228 808 linguae
252 731 472 807 ignorantiam,
500 749 555 809 qua
577 730 760 807 laborabant,
789 733 962 794 recordatus
985 733 1025 794 sit
1048 743 1078 793 et
1099 733 1189 812 ipsius
1212 745 1332 796 contro-

95 834 225 896 rer-siae
248 831 400 893 rationem
424 841 453 893 et
474 833 530 894 rim
553 833 732 912 expenderit.
775 833 847 896 Nam
877 852 967 912 qurum
990 845 1201 912 quaererentur
1221 845 1249 896 et
1270 836 1332 896 dis·
1440 891 1448 906 ,

24 950 29 1031 p
93 945 313 1012 putarentur,
347 951 420 1013 quae
442 933 548 1013 scripta
570 953 630 995 non
652 945 721 996 suut
748 936 792 996 vel
813 932 897 999 κατὰ
925 931 1022 1018 ῥητόν
1048 935 1079 996 iu
1110 937 1254 1013 scriptura
1276 955 1334 996 nou

98 1038 315 1096 confinentur
336 1054 392 1096 nec
407 1035 462 1096 nisi
485 1037 684 1098 ratiocinando
707 1037 775 1098 inde
796 1037 860 1098 elici
882 1049 1026 1117 possunt,
1050 1045 1080 1099 et
1101 1057 1192 1116 quum
1215 1037 1244 1096 in
1268 1035 1335 1096 uni-

97 1156 238 1198 versum
263 1137 411 1215 expositio
426 1138 588 1216 scripturae
604 1138 798 1217 implicaretur
811 1140 1065 1218 argumentatione
1080 1139 1242 1208 dialectica,
1265 1157 1337 1216 pro-

17 1269 21 1327 s
95 1239 176 1298 clive
206 1247 279 1300 erat
302 1223 532 1318 disputatoribus
555 1240 584 1300 in
608 1239 665 1300 hoc
692 1239 821 1302 incidere
848 1242 966 1314 sitium,
995 1251 1027 1304 ιιι
1057 1239 1161 1320 cupide
1189 1241 1338 1318 scriptura

97 1351 278 1402 uterentur
310 1349 340 1400 et
367 1360 400 1400 ex
424 1340 614 1420 opinionibus
635 1342 707 1402 suis.
753 1341 837 1403 Certe
860 1343 981 1420 exiguus
1011 1342 1065 1403 luit
1091 1343 1138 1402 illa
1160 1352 1255 1405 aetate
1278 1360 1336 1402 nu-

97 1461 219 1504 merus
250 1443 473 1520 theologorum,
503 1445 552 1522 qui
586 1442 630 1504 sic
659 1443 821 1520 sentirent,
854 1444 897 1504 uti
925 1443 1084 1505 Eusebium
1106 1444 1274 1505 Emisenum
1298 1444 1335 1505 de

98 1545 290 1624 scripturae
312 1563 368 1605 usu
391 1545 420 1606 in
441 1545 488 1604 his
511 1546 721 1606 controversiis
745 1545 879 1606 sensisse
900 1563 956 1605 nos
980 1545 1047 1606 olim
1070 1545 1220 1606 docuimus
1243 1546 1272 1606 in
1294 1545 1332 1606 li·

95 1645 187 1708 bello
227 1646 323 1708 Ueber
356 1648 401 1707 die
426 1645 582 1724 Schriften
618 1647 667 1706 des
695 1646 842 1710 Eusebius
869 1665 927 1709 voa
953 1647 1156 1708 Alexandrina
1190 1648 1253 1708 raud
1282 1649 1340 1708 des

99 1748 266 1811 Eusebius
290 1766 349 1809 oou
371 1748 470 1809 Emt'so
492 1747 585 1822 (llalle
610 1749 714 1822 1832.)
736 1767 765 1826 p.
790 1752 839 1812 72.
862 1767 906 1828 sq.
951 1749 1064 1821 Quanta
1079 1768 1150 1808 sero
1173 1748 1332 1808 subtilitate

102 1863 136 1909 ct
162 1849 335 1912 intentione
355 1849 533 1910 dilianasius
554 1849 819 1927 argumentationes
840 1850 1013 1924 brianorum
1037 1869 1071 1910 ex
1094 1850 1240 1930 scriptura
1260 1869 1334 1940 con·

107 1961 162 2010 tra
177 1954 285 2030 dogma
301 1950 461 2012 Nicaenum
477 1951 583 2029 petitas
599 1951 768 2011 relutarerit
781 1961 810 2012 et
831 1952 935 2028 dogma
956 1951 1027 2012 illud
1050 1951 1181 2012 eiusdem
1204 1950 1336 2011 auctori·

114 2059 179 2113 tate
200 2051 428 2124 confirmaverit,
451 2071 505 2130 qua
523 2052 687 2112 constantia
704 2052 817 2130 singula
832 2053 907 2113 dicta
923 2070 957 2113 ex
972 2055 1166 2114 consensione
1180 2053 1336 2114 universae

107 2155 282 2235 scripturae
311 2163 340 2216 et
367 2155 401 2216 ad
429 2173 550 2216 sensum
579 2153 721 2216 ecelesiae
747 2162 828 2214 recte
856 2153 1017 2232 intelligere
1046 2161 1075 2214 ct
1103 2155 1245 2233 explicare
1267 2163 1333 2214 stu-

106 2256 233 2330 duerit,
262 2256 291 2316 id
321 2257 436 2336 egregie
464 2256 675 2318 demonstravit
704 2265 733 2318 et
756 2255 898 2335 exemplis
927 2256 1090 2324 illustrarit¹
1107 2255 1273 2316 lloehlcrus
1302 2256 1331 2316 in

101 2357 194 2418 libro
216 2359 484 2448 praestantissimo,
505 2359 552 2420 cui
573 2357 748 2436 inscriptum
771 2367 832 2418 est:
855 2357 1040 2420 Atlouou'us
1063 2358 1118 2418 der
1141 2357 1249 2418 Grosse
1270 2357 1333 2418 uad

103 2462 164 2520 die
195 2459 303 2522 Kirebe
331 2466 431 2522 semer
452 2461 522 2524 Zeit.
571 2460 635 2520 ttot.
664 2459 687 2520 1.
717 2479 745 2539 p.
775 2462 965 2524 ult—304.
997 2459 1080 2520 Coul.
1110 2458 1194 2518 [lion.
1221 2456 1331 2518 Patavii

106 2560 267 2640 naaman
281 2561 443 2639 cleoneae
458 2561 543 2622 rom.
558 2561 596 2622 n.
610 2562 647 2622 ue
659 2545 799 2622 rnnrme
814 2562 880 2624 tior.
896 2561 932 2622 n.
950 2562 997 2622 eu
1011 2561 1157 2638 tarwerp.
1174 2578 1204 2639 p.
1220 2563 1271 2622 os.
1287 2577 1331 2635 sq.

207 2660 326 2730 Restat,
354 2671 388 2720 ut
414 2661 515 2738 paucis
537 2662 629 2722 dicam
653 2663 688 2722 de
710 2662 869 2740 theologica
890 2662 1042 2724 Athanasii
1065 2662 1187 2722 seientia
1209 2672 1239 2720 et
1258 2667 1334 2730 arte,

121 2777 184 2835 (pua
206 2759 237 2818 iu
259 2759 444 2835 dogmatibus
465 2761 531 2820 lidei
553 2763 731 2838 exponendis
753 2775 838 2841 atque
859 2764 1050 2825 ‹lelendendis
1074 2782 1148 2824 usus
1166 2771 1223 2822 est.
1252 2759 1335 2818 llanc
1380 2767 1387 2778 ·

124 2859 231 2936 otianti
265 2860 483 2918 aestimaverint
514 2860 666 2922 clarissimi
692 2863 799 2922 vetetis
828 2865 967 2925 ecclesiae
990 2865 1128 2926 doctores
1151 2859 1336 2940 temporibus

120 2961 182 3021 illis
207 2960 363 3039 aequales,
388 2960 524 3037 cognosci
546 2970 645 3038 potest
667 2981 699 3022 ex
721 2981 843 3035 summa,
866 2983 920 3042 qua
943 2966 1101 3043 episcopus
1124 2961 1335 3024 Alexandrinus

115 3063 201 3142 apud
225 3081 280 3124 eos
305 3060 409 3133 valuit,
438 3062 623 3122 atrctoritate.
666 3061 746 3122 Duos
769 3071 876 3126 tantum
898 3067 1047 3143 proteram
1069 3072 1178 3132 testes,
1200 3061 1336 3124 basilium

111 3167 255 3242 Magnum
286 3171 316 3224 et
344 3163 522 3240 Gregorium
550 3162 775 3224 nazianzenum.
819 3164 868 3226 llle
895 3174 1014 3243 praeter
1041 3164 1096 3224 alia
1119 3164 1146 3224 in
1168 3163 1219 3242 Ep.
1244 3143 1332 3224 dun:

112 3267 164 3328 cd.
181 3266 290 3326 Bencd.
313 3283 343 3343 p.
359 3267 432 3328 243.
449 3265 484 3326 D.
506 3264 625 3326 scribit:
647 3259 686 3326 τὸ
706 3260 768 3346 γὰρ
791 3266 867 3347 περὶ
890 3263 948 3328 τὸν
968 3262 1211 3346 μακαριώτατον
1227 3254 1329 3326 Ἀθα-

110 3365 232 3432 odoror
254 3363 497 3430 ἐσπουδακέναι
517 3365 635 3450 δεῖγμα
657 3361 890 3450 ἐναργέστατον
912 3367 971 3432 τοῦ
992 3360 1089 3450 ὑγιῶς
1102 3364 1182 3447 ἔχειν
1196 3367 1272 3450 περὶ
1289 3363 1329 3432 τὰ

112 3467 265 3553 μέγιστα.
311 3468 389 3530 Νααι
411 3470 574 3532 beatissimi
585 3469 746 3530 Athanasii
765 3471 931 3532 studiosum
953 3487 1024 3540 esre,
1048 3481 1255 3549 argumentum
1267 3473 1328 3531 eoi-

116 3575 326 3634 ‘lentissimum
359 3583 529 3633 estserae
559 3575 592 3634 ia
619 3573 709 3650 rebus
737 3576 874 3634 maximia
903 3576 1074 3634 sententiae.
1119 3571 1172 3633 llic
1193 3572 1224 3633 iu
1247 3572 1328 3632 Orat.

117 3673 193 3734 ΧΗ.
217 3673 246 3732 in
269 3671 384 3733 laudem
400 3671 549 3733 Athanasii
574 3691 635 3752 cap.
652 3675 703 3738 20.
726 3672 772 3734 ed.
788 3672 897 3733 bened.
919 3693 949 3753 p.
966 3675 1039 3737 398.
1061 3673 1111 3742 ait,
1126 3672 1206 3732 viros
1222 3673 1327 3732 uirtute

117 3774 296 3835 excellentes
319 3782 429 3834 tantum
454 3773 593 3836 uibuisse
606 3774 779 3848 Athanasio,
802 3782 843 3846 ut,
866 3773 1006 3853 quidquid
1028 3773 1070 3835 illi
1085 3773 1251 3852 placuisset,
1275 3791 1329 3852 pro

118 3877 181 3953 lege
205 3874 356 3946 baberent,
380 3893 537 3935 aurursus
560 3876 679 3938 vetitum
702 3876 758 3938 sibi
782 3885 869 3955 atque
890 3875 1097 3946 interdictum,
1120 3875 1259 3953 quidquid
1282 3875 1329 3934 ille

119 3977 267 4038 sententia
291 3994 344 4036 sua
369 3975 576 4054 improbasset,
600 3977 802 4038 existimarent
823 3977 958 4054 illiusque
981 3976 1095 4036 decreta
1117 3995 1172 4056 pro
1195 3976 1330 4036 llosaicis

121 4077 228 4140 tabulis
256 4077 413 4148 ducerent,
441 4095 474 4138 ae
495 4076 616 4148 maiori,
639 4095 724 4156 quam
747 4095 821 4155 quae
844 4078 953 4138 sanctis
976 4075 1045 4137 viris
1067 4079 1167 4138 deberi
1190 4079 1330 4148 rideatur,

120 4181 216 4260 ipsius
251 4179 440 4240 veneratione
468 4179 662 4240 allicerentur.
707 4179 816 4240 Graeca
843 4187 925 4239 sunt:
959 4179 1013 4242 καὶ
1040 4180 1138 4242 τοῦτο
1168 4165 1204 4261 ἦν
1233 4174 1329 4258 νόμος

119 4275 245 4355 αὐτοῖς,
269 4273 287 4342 ὅ
308 4303 341 4342 τι
364 4276 474 4364 ἐκείνῳ
496 4276 619 4344 e'dc'raet·
641 4279 694 4344 καὶ
717 4280 814 4344 τοῦτο
836 4273 1016 4362 ἀπώμοτον
1037 4278 1149 4354 πάλιν,
1168 4275 1242 4364 bgr,
1258 4276 1329 4343 ἐδό-

119 4407 179 4461 κει,
202 4381 256 4446 καὶ
280 4379 402 4458 πλάκες
422 4377 597 4458 Μωυσέως
620 4375 734 4457 αὐτοῖς
754 4378 795 4446 τὰ
818 4379 938 4447 ἐκείνου
962 4379 1117 4465 δόγματα,
1140 4380 1192 4444 καὶ
1214 4380 1328 4445 πλεῖον

120 4485 157 4548 τὸ
174 4481 290 4568 ‘oddag
314 4475 334 4568 ἦ
356 4480 448 4566 παρὰ
470 4476 659 4567 ἀνθρώπων
680 4491 753 4561 τοῖς
775 4479 880 4568 ἁγίοις
903 4477 1080 4568 ὀφείλεται.
1122 4483 1201 4542 ldem
1225 4485 1253 4542 in
1276 4503 1328 4543 er-

122 4595 212 4650 trema
230 4588 363 4649 oratione
379 4605 440 4666 cap.
456 4590 507 4652 37.
529 4608 558 4668 p.
574 4593 663 4652 411.;
685 4583 797 4672 Ζήσας
818 4585 854 4650 δὲ
876 4578 963 4650 olba
984 4584 1038 4646 καὶ
1060 4577 1255 4658 παιδευθεὶς
1274 4579 1333 4646 καὶ
