3162 5308
529 367 673 410 norsroua
688 369 708 410 1.
724 369 760 411 sn
776 367 970 410 susurrones.
1291 353 1351 418 ttt

131 521 199 601 quis
221 519 278 582 iam
306 518 350 579 vel
371 517 476 580 Filium
498 537 515 578 a
535 517 622 580 Patre
650 517 695 580 rei
717 517 859 597 Spiritum
886 517 998 579 aFilio
1028 527 1077 580 aut
1106 518 1141 595 ab
1172 519 1238 597 ipso
1266 521 1436 582 Petronios.

132 640 272 702 separare
293 618 422 682 audeat?
443 619 489 680 rei
512 619 579 698 quis
601 637 636 680 eo
660 620 833 682 temeritatis
856 619 1002 686 deveniet.
1026 627 1056 679 nt
1077 619 1231 681 dissimilis
1254 629 1283 682 et
1304 619 1350 682 di·

130 741 235 786 versae
255 729 377 794 naturae
400 720 573 782 Trinitatem
596 740 680 794 esse,
712 721 857 799 aliamque
884 720 1010 781 aPatre
1032 719 1225 783 substantiam
1246 721 1352 784 Titium

130 789 251 896 haberi,
273 843 308 884 an
329 823 455 903 deniqne
478 821 623 902 Spiritum
643 816 718 884 Fiiio
742 831 895 883 externum
918 839 985 882 esse
1007 821 1188 883 contendant
1233 823 1352 904 Siquis
1415 899 1420 912 ‚

130 945 202 988 varo
224 944 330 988 rursm
352 924 528 997 sciscitetur,
552 923 772 1002 quonammodo
787 923 859 984 haec
875 941 944 984 esse
958 922 1084 1002 possint,
1108 931 1140 984 ut
1162 923 1271 986 seilicet
1286 945 1351 987 oum

129 1026 261 1108 Spiritus
283 1027 313 1089 in
336 1025 422 1088 nobis
446 1033 508 1100 est,
536 1025 628 1088 Titius
659 1026 688 1086 in
717 1023 804 1086 nobis
828 1043 896 1086 esse
918 1023 1045 1099 dicatur,
1080 1033 1109 1086 et
1130 1025 1265 1086 similiter
1285 1045 1352 1088 oum

14 1205 18 1212 .
129 1130 222 1192 Filius
245 1130 276 1190 in
296 1129 386 1192 nobis
407 1139 465 1202 est,
486 1128 573 1189 Pater
594 1128 624 1188 in
648 1126 734 1202 nobis
757 1146 823 1188 esso
846 1126 948 1188 itidem
970 1126 1101 1201 dicatur,
1123 1129 1169 1188 vet
1191 1127 1351 1207 quomodo,

130 1251 199 1294 enm
223 1231 262 1292 sit
283 1230 429 1302 Trinitas,
458 1229 488 1290 in
518 1247 577 1290 uno
605 1239 704 1291 tamen
732 1227 912 1307 significetur
934 1227 1080 1301 Trinitas,
1109 1230 1259 1307 quomodo
1281 1231 1352 1292 item

132 1351 201 1394 oum
223 1351 298 1394 unus
321 1334 350 1392 in
373 1331 460 1393 nohis
484 1341 545 1404 est,
575 1331 705 1393 Trinitas
728 1329 758 1390 in
786 1329 872 1392 nobis
900 1347 968 1390 esse
997 1329 1054 1390 diei
1083 1339 1188 1409 queat,
1217 1331 1351 1412 quisquis

131 1435 250 1512 inquam
272 1434 311 1495 ita
333 1432 567 1511 interrogaverit,
591 1432 635 1493 vol
657 1432 739 1512 prius
762 1432 827 1510 ipse
850 1429 1071 1510 splendorema
1092 1431 1156 1492 lune
1179 1441 1209 1496 et
1230 1435 1350 1514 sapien·

129 1535 201 1596 dam
222 1540 240 1597 'a
262 1536 397 1614 sapiente
418 1535 542 1606 diuidat,
575 1533 620 1595 vel
636 1533 800 1614 quomodo
818 1533 901 1594 daeo
927 1533 988 1594 sint
1015 1533 1170 1596 edisserat.
1215 1535 1303 1608 Quod
1324 1539 1351 1599 si

129 1645 285 1716 praestare
306 1653 367 1696 non
389 1635 497 1708 odeat,
521 1635 613 1696 multo
635 1635 728 1714 magis
750 1635 822 1696 haee
843 1634 881 1696 de
895 1634 957 1696 Deo
981 1626 1130 1715 inquirere
1152 1655 1283 1699 summae
1305 1647 1351 1700 te·

9 1811 11 1822 Ι
128 1729 277 1798 maritatis
299 1743 328 1796 et
350 1737 481 1798 insaniae
504 1755 571 1798 esse
586 1737 734 1798 fatendum
750 1745 804 1798 est.
849 1735 1002 1816 Siquidem
1017 1737 1163 1812 divinitas,
1186 1740 1227 1802 uti
1243 1741 1353 1804 dietntm

130 1846 192 1911 est,
221 1855 283 1898 non
311 1838 491 1917 argumentis
519 1838 660 1911 traditur,
690 1838 743 1900 sed
772 1838 829 1899 tide
855 1829 914 1900 nee
936 1857 997 1899 non
1019 1840 1134 1901 ratione
1156 1843 1351 1922 onm'pietate

130 1939 298 2002 coniuncta.
341 1940 414 2000 Nam
437 1939 463 2000 si
485 1959 560 2020 quae
581 1941 617 2002 ad
640 1939 799 2002 salutarem
821 1959 940 2002 ornnem
960 1941 1126 2020 pertinent,
1157 1961 1220 2006 noa
1247 1949 1279 2022 in
1300 1964 1352 2008 so-

125 2044 244 2123 pientio
265 2042 357 2114 verda,
382 2043 434 2104 sed
455 2047 486 2104 in
509 2047 676 2105 ostensione
699 2048 827 2123 spiritns
851 2056 880 2107 et
895 2047 1020 2105 virtutis
1042 2043 1219 2122 praedicavit
1232 2045 1351 2121 Paulus,

128 2155 160 2207 et
180 2138 296 2206 audiuit
323 2162 439 2206 ortano
466 2145 558 2206 uerbo
586 2145 616 2206 in
637 2145 794 2225 paradiso,
824 2163 900 2226 quoe
928 2163 990 2207 non
1020 2145 1089 2211 iicet
1121 2147 1236 2210 domnae·
1262 2149 1350 2233 loqui,

128 2245 198 2324 quis
225 2245 261 2306 de
290 2254 390 2308 saneta
419 2246 562 2308 Trinitate
590 2247 739 2310 disserere
767 2245 901 2326 poterit?
945 2247 1151 2310 Verumtamen
1179 2250 1435 2316 huiusmodirooo.

127 2347 283 2410 haesitatio
310 2367 376 2410 otum
404 2347 579 2428 praesertim
611 2349 668 2410 tide
704 2348 802 2410 sanari
830 2348 955 2428 poterit,
989 2357 1050 2412 tum
1078 2352 1167 2414 etiamr
1193 2353 1351 2432 praedictis

128 2451 270 2530 exemplis
299 2451 452 2530 imaginis,
480 2451 665 2530 splendoris,
700 2451 807 2525 tontis,
836 2452 932 2526 florii,
965 2452 1147 2514 substantiae
1175 2455 1350 2540 etdgurae.

129 2551 384 2622 Quemadmodum
406 2553 486 2614 enim
507 2553 598 2614 Titius
620 2553 650 2614 in
670 2554 782 2633 Spiritu
804 2563 942 2634 tanquam
965 2555 996 2614 in
1017 2555 1137 2634 propria
1153 2555 1280 2636 imagine
1295 2565 1350 2630 est,

130 2651 171 2710 ita
193 2659 227 2711 et
243 2651 329 2712 Pater
351 2654 380 2713 in
403 2653 488 2716 Filio.
532 2655 650 2718 Sciiioet
670 2655 766 2717 divina
788 2655 941 2736 Scriptura
970 2665 1003 2718 ut
1032 2664 1166 2718 nostram
1193 2659 1349 2720 infirmita-

130 2757 190 2812 tom
212 2751 335 2827 ieraret,
368 2772 421 2832 per
449 2775 536 2835 quam
558 2757 647 2820 nobis
668 2777 717 2820 res
739 2765 835 2820 tantas
858 2759 936 2820 hand
960 2757 1029 2820 licet
1050 2759 1301 2838 eonrproirendere
1322 2771 1352 2820 et

130 2871 271 2915 ammone
298 2854 458 2933 explicare,
488 2853 574 2921 nobis
602 2861 660 2922 ista
681 2861 813 2940 exempla
836 2857 1090 2930 subministravit,
1117 2867 1150 2922 nt
1175 2861 1233 2922 hoo
1260 2859 1349 2922 modo

127 2963 251 3035 propter
271 2956 465 3035 petulantium
491 2960 644 3022 hominum
667 2960 868 3022 infidelitatem
889 2959 1054 3038 simpdoius
1077 2969 1107 3021 et
1128 2969 1208 3022 extra
1231 2961 1350 3040 perien-

128 3055 190 3118 ium
212 3056 248 3117 de
269 3057 316 3120 his
338 3058 420 3138 loqui
440 3079 611 3140 possemus,
632 3063 792 3140 iioeretque
815 3061 882 3121 sine
903 3058 988 3139 eulpa
1009 3079 1058 3123 res
1079 3063 1118 3123 ita
1138 3064 1245 3126 arduas
1261 3061 1348 3124 intel-

128 3152 235 3237 ligere,
265 3177 299 3220 ae
325 3159 451 3240 denique
478 3162 599 3224 eredere
627 3181 714 3224 unam
746 3172 828 3222 esse'
847 3161 1109 3225 sanctificationem
1131 3183 1165 3226 ex
1188 3166 1274 3227 Patre
1295 3179 1349 3245 per

128 3259 235 3322 Titium
256 3261 286 3322 in
309 3262 422 3342 Spiritu
446 3270 550 3326 saneto
571 3263 752 3344 productam.
797 3263 870 3326 Nam
901 3265 1150 3342 quemadmodum
1182 3266 1348 3345 unigenitus

128 3369 174 3423 est
194 3359 306 3438 Filius,
334 3365 379 3427 sio
400 3373 429 3426 et
451 3365 598 3445 Spiritus,
626 3367 676 3446 qui
704 3385 720 3428 a
741 3359 816 3426 Filio
844 3365 931 3428 datur
953 3375 983 3428 et
1007 3368 1149 3443 mittitur,
1179 3387 1255 3431 rmus
1277 3369 1348 3432 item

126 3576 236 3649 τριάδος
253 3597 294 3637 τις
310 3577 423 3640 ἐξειπεῖν
439 3577 601 3645 δυνήσεται
618 3587 644 3636 in
658 3587 707 3638 θο-
757 3587 813 3637 sditi
839 3595 886 3636 nrt.
907 3581 941 3634 roi
966 3593 989 3638 st
1014 3578 1046 3635 ἵν’
1073 3592 1187 3640 omittant
1211 3589 1354 3658 habentque

127 3651 185 3702 bier.
204 3653 307 3702 Teiekm.
322 3655 343 3702 i.
363 3662 386 3703 et
395 3654 466 3704 dasii.
486 3667 528 3704 ron
546 3645 563 3702 oi
583 3647 707 3707 innocen.
757 3648 863 3706 ἔδωκεν.

127 3719 185 3769 item
205 3721 537 3771 conresuscitemur.
573 3715 708 3782 υνιὶσεται.
794 3739 816 3786 q.
836 3723 949 3785 SioReq.
973 3725 993 3772 l.
1018 3726 1147 3787 stingiic.
1188 3723 1305 3778 tutent.
1325 3738 1348 3779 et

126 3787 216 3847 tnqtte.
235 3796 312 3837 sutem
331 3803 384 3837 eum
403 3789 508 3850 iieqioi.
527 3790 708 3852 Sequentiasit.
762 3791 955 3843 tuctuamtt.
973 3777 1056 3850 ἒξῆς.
1095 3793 1225 3859 Utrumque
1243 3797 1347 3847 abesto

127 3847 247 3902 δύναται.
290 3855 340 3904 tior
367 3856 423 3916 [teg.
444 3857 464 3903 i.
490 3857 588 3917 Sequor.
613 3859 709 3908 Gobter.
765 3858 862 3909 Gobier.
882 3867 905 3908 et
923 3857 1059 3909 toreuma.
1096 3861 1156 3911 Editi
1181 3878 1236 3912 uero
1261 3871 1284 3913 et
1307 3865 1346 3914 aiii

129 3929 152 3970 et
170 3923 274 3972 Toletum.
295 3923 317 3972 ι.
340 3917 508 3990 θεραπεύειν.
545 3925 591 3974 ut'n
615 3934 638 3975 et
656 3928 714 3976 editi
764 3917 831 3984 ἑξῆς.
858 3927 931 3976 Pnuto
950 3928 1348 3992 portitorietSequer.itsbent

128 3985 304 4055 θεραπεῦσαι.
764 3985 793 4040 ἐκ
809 3986 914 4058 πατρὸς
931 3987 964 4042 dl
984 3985 1052 4044 niori.
1086 3996 1234 4048 Editiatrtii
1252 3991 1281 4048 ἒν
1297 4013 1347 4050 aa·

162 4059 185 4106 d.
205 4058 261 4118 ttep.
282 4057 304 4104 i.
323 4057 462 4118 etSegner.
481 4049 599 4123 φημὶδέ
616 4065 660 4108 eto.
763 4051 974 4124 tpdraoiot‘od.
1010 4063 1069 4112 item
1094 4065 1134 4114 iid.
1159 4075 1181 4116 et
1199 4066 1270 4116 Basil.
1290 4069 1346 4118 ibid.

164 4137 186 4172 e.
205 4125 245 4172 Sie
262 4125 319 4185 tteg.
341 4124 362 4172 i.
380 4132 404 4172 et
421 4123 520 4185 Sequor.
554 4125 598 4172 atti
617 4139 672 4175 tero
690 4135 713 4176 et
762 4121 916 4194 γινόμενον,
943 4129 988 4180 stit
1006 4140 1029 4180 et
1042 4126 1268 4200 ιιιιίιίγενόμενον.
1295 4137 1347 4185 ttox

129 4191 184 4244 editi
203 4186 296 4257 πατρί,
316 4191 359 4241 sed
377 4191 492 4241 mendose
510 4198 536 4241 ot
553 4193 649 4242 evidens
667 4203 711 4245 est.
763 4198 819 4246 item
837 4193 936 4258 Sequor.
957 4198 1026 4250 Gobt.
1053 4208 1076 4250 et
1095 4201 1197 4252 Teletos.
1219 4204 1241 4253 t.
1260 4203 1348 4254 habeut

128 4261 177 4311 Neo
195 4261 258 4310 enim
268 4260 338 4309 Pater
354 4259 397 4309 sed
412 4260 515 4323 Spiritus
525 4269 623 4311 sanctos
633 4262 710 4325 imago
760 4258 912 4329 μονογενὴς
930 4257 944 4312 ὁ
962 4258 1026 4319 υἱός,
1060 4269 1207 4321 attineant
1224 4267 1347 4338 γέννημα

129 4337 165 4379 ιιι
181 4329 253 4390 Titii,
271 4335 297 4378 ut
313 4328 366 4392 ipss
383 4327 457 4377 Titios
475 4329 552 4390 imago
571 4337 608 4379 est
625 4330 711 4394 Patris,
759 4328 905 4397 μονογενὲς
922 4326 936 4381 d
954 4326 1018 4388 υἱός.

129 4397 200 4460 idque
218 4397 307 4461 passim
327 4397 398 4446 doeet
415 4397 440 4445 S.
457 4398 608 4448 Athanasius.
795 4403 817 4451 ιι.
837 4403 938 4452 terbum
961 4396 1184 4457 intremuimus
1202 4421 1230 4457 ex
1246 4408 1303 4471 Reg.
1324 4410 1347 4459 t.

163 4467 178 4513 t.
198 4463 237 4515 Sic
255 4465 456 4526 menusanum.
474 4463 601 4528 etdngtie.
634 4465 710 4516 tidem
761 4469 901 4532 etSeqner.
936 4471 997 4522 ibid.
1016 4473 1097 4534 iidem,
1116 4475 1172 4537 itaq.
1191 4474 1214 4526 2.
1233 4465 1364 4528 eruant‘

131 4530 187 4592 [teg.
207 4533 229 4581 i.
252 4541 275 4582 st
292 4534 391 4595 Sequor.
417 4533 473 4611 itpjd.
492 4527 614 4612 δέδωκεν.
651 4535 709 4586 item
760 4527 826 4583 nir·
851 4538 966 4606 πνεῦμα.
1012 4541 1057 4591 atti
1088 4549 1111 4592 et
1137 4544 1194 4593 editi
1223 4535 1290 4591 αιίνὸ
1313 4537 1345 4592 τὸ

133 4595 202 4648 iidem
219 4607 242 4649 et
258 4601 329 4650 ussit.
354 4615 408 4652 mox
433 4593 464 4650 ν’
489 4615 582 4656 aanor.
617 4601 662 4654 atu
686 4612 710 4654 et
759 4603 872 4672 πνεῦμα,
1243 4623 1245 4634 ⁴
