3236 5286
231 383 295 450 218
633 400 661 444 τ.
675 369 1067 444 ιτκευλειιιιιοιυεοιτοοτι

94 605 97 620 ,
144 541 291 614 mo&
312 539 487 633 ἀλλότριόν
509 545 582 614 ἐστι
602 548 740 612 τοιαῦτα
761 547 866 631 λέγειν
886 570 924 612 τε
944 548 999 612 καί
1013 541 1166 632 ’φρονεῖν
1189 541 1284 625 ἀπαξ
1294 546 1357 632 γὰρ
1372 547 1460 616 πλά·

231 671 348 728 σαντες
376 646 508 726 λοιποῖς
536 645 572 728 ίξ
598 641 657 714 οῦκ
679 645 783 714 ὄντων
804 644 888 713 θεὸν
908 645 965 713 καὶ
985 645 1118 714 κτιστὸν
1139 643 1227 725 υλδν,
1263 643 1460 728 ἀκολούθως

231 745 277 829 ὥς
298 745 483 836 ἁρμόζοντα
503 753 659 833 κτίσματι
679 747 741 814 ’τὰ
758 749 899 814 τοιαῦτα
910 745 968 814 καὶ
981 746 1156 826 συνέλεξαν
1171 746 1302 826 ἑαυτοῖς
1315 748 1455 836 ῥήματα.

230 849 347 936 ἐπειδὴ
376 851 413 917 δὲ
439 847 527 934 πρὸς
552 847 630 928 τοῦς
658 843 728 916 ἀπὸ
750 851 808 934 τῆς
830 847 1001 935 ἐκκλησίας
1022 845 1262 932 διαμαχόμενοι
1282 852 1337 917 καί
1359 845 1457 917 ἀκού-

230 975 322 1030 οντες
343 946 421 1036 παρ’
445 944 555 1018 αάιιῦν
576 943 656 1036 περὶ
677 952 736 1016 τοῦ
759 943 923 1037 ἀληθινοῦ
945 946 1003 1017 καλ
1021 947 1127 1033 μόνου
1141 948 1241 1036 λόγου
1255 953 1315 1017 τοῦ
1330 950 1458 1038 πατρὸς

229 1055 368 1120 τοιαῦτα
389 1054 467 1137 περί
489 1045 591 1117 αάτὸῦ
609 1055 823 1140 φθέγγεσθαι
836 1047 994 1134 τολμῶσι,
1017 1055 1069 1129 τίς
1082 1049 1203 1118 τούτου
1218 1054 1278 1118 τοῦ
1294 1050 1458 1138 δάγματος

229 1152 434 1240 μιαρώτερον
455 1146 496 1219 άν
518 1153 605 1235 λ’δοις
637 1158 689 1230 τίς
709 1149 835 1218 τούτων
855 1153 910 1218 καί
932 1154 945 1190 λ
952 1148 1055 1234 μόνον
1076 1146 1220 1234 ἀκούων,
1249 1145 1311 1240 κάν
1332 1153 1378 1240 μὴ
1400 1149 1457 1221 ἀν·

149 1261 155 1266 ’
228 1255 368 1340 τιίέγειν
390 1252 543 1342 δύνηται,
567 1247 606 1320 οῦ
628 1252 826 1339 ταράττεται
847 1250 903 1318 καὶ
924 1250 982 1337 τὴν
1006 1245 1106 1340 ἀκοὴν
1129 1247 1342 1336 ἀποκλείσει,
1372 1257 1457 1334 ξενι-

231 1354 365 1444 ζόμενος
392 1348 442 1442 ἐφ’
467 1349 519 1434 οἷς
540 1353 677 1422 ιἐκεῖνοί
703 1377 739 1421 τε
760 1354 899 1420 λαλοῦσι
920 1351 977 1419 καὶ
998 1346 1099 1432 αάτδς
1120 1357 1243 1422 καινῶν
1265 1348 1378 1423 ἀκούει
1397 1357 1456 1442 ῥη-

229 1455 359 1542 μάτων,
390 1455 529 1539 έχόντων
551 1448 696 1522 αὐτόθεν
717 1457 771 1521 καλ
794 1448 851 1520 ἀπ’
876 1447 977 1540 αὐτῆς
999 1457 1058 1542 τῆς
1079 1457 1256 1542 προφορᾶς
1277 1455 1335 1540 τὴν
1351 1456 1457 1541 -βλας-

230 1563 376 1646 φημίανς
402 1557 432 1625 εί
452 1555 515 1644 γὰρ
536 1555 679 1642 τρεπτὸς
699 1557 753 1621 καὶ
776 1549 1010 1638 ἀλλοιούμενδς
1025 1553 1114 1622 ἐστιν
1128 1550 1148 1620 6
1163 1554 1267 1640 λόγος,
1291 1557 1376 1622 ¹qu
1389 1553 1456 1642 ἀρα

130 1699 133 1708 ·
230 1659 395 1748 στήσεται,
417 1656 474 1726 καί
495 1665 596 1724 ποῖον
619 1650 720 1723 αάτοῦ
742 1655 896 1734 τὸτέλος
919 1655 1013 1722 έσται
1033 1657 1092 1742 τῆς
1113 1653 1315 1738 έπιδόσεωςς
1337 1650 1358 1744 ἢ
1379 1657 1454 1734 πῶς

230 1756 346 1844 ὅμοιος
377 1761 425 1844 τῷ
458 1751 611 1843 ἀτρέπτῳ
645 1753 664 1823 6
692 1749 835 1842 τρεπτδς
863 1750 949 1824 εἶναι
978 1755 1169 1843 δυνήσεταις
1201 1759 1275 1836 πῶς
1297 1758 1334 1825 δὲ
1356 1753 1375 1823 6
1396 1755 1454 1824 τὸν

228 1860 371 1948 τρεπτδν
399 1856 553 1945 έωρακώς
574 1857 752 1942 ἑωρακέναι
766 1855 830 1923 τὸν
852 1855 1223 1951 ἄτρεπτονχνομίοειινς
1256 1857 1291 1926 έν
1312 1863 1397 1944 ’ποίᾳ
1419 1858 1456 1926 δὲ

229 1960 296 2049 ἀρα
324 1961 380 2029 ἐὰν
408 1965 542 2046 γένηται
567 1956 781 2037 καταστάσει,
812 1957 987 2046 δυνήσεταί
1005 1983 1058 2037 τις
1079 1959 1138 2025 τὸν
1160 1963 1291 2045 πατέρα
1311 1959 1346 2027 έν
1368 1953 1456 2046 αύτῷ

228 2067 365 2152 βλέπειν
372 2090 383 2143 ‚·
418 2061 516 2147 δῆλον
543 2057 605 2146 γάρ
633 2054 679 2138 ὥς
708 2055 766 2125 οὐκ
787 2052 842 2126 ἀεί
861 2083 913 2137 τις
935 2056 1057 2142 ὄψεται
1079 2058 1114 2126 έν
1136 2053 1226 2146 αύτῷ
1247 2059 1305 2126 τὸν
1328 2065 1458 2145 πατέρα

230 2161 347 2232 διὰτὸ
368 2156 423 2229 ἀεὶ
442 2166 631 2246 τρέπεσθαι
652 2157 709 2225 τὸν
731 2158 881 2225 υλὸνκαὶ
902 2153 1139 2246 ἀλλοιουμένης
1160 2155 1261 2226 αὐτὸν
1284 2156 1372 2228 εἶναι
1393 2159 1458 2249 φά-

131 2255 138 2268 ’
230 2285 322 2342 σεως.
368 2258 386 2330 6
407 2264 467 2347 μὲν
489 2260 550 2348 γὰρ
574 2260 683 2351 πατὴρ
707 2258 870 2346 ἄτρεπτος
891 2263 944 2326 καί
968 2253 1208 2341 ἀναλλοίωτος,
1232 2260 1306 2328 ’καί
1328 2257 1380 2330 άελ
1401 2265 1456 2330 καί

230 2361 383 2446 ὡςαάτοις
405 2363 471 2448 ἔχει
491 2358 588 2431 καλά
610 2356 709 2442 αύτδς
731 2361 830 2441 ἐστιν,
855 2356 873 2426 6
896 2361 932 2428 δέ
945 2359 1016 2438 υίὸς
1031 2359 1061 2427 εί
1074 2355 1143 2426 κατ’
1160 2359 1304 2440 ἐκείνους
1313 2362 1459 2447 τρεπτδς

144 2468 284 2552 μοικαὶ
307 2460 365 2533 οάκ
386 2459 440 2534 ἀεὶ
462 2461 481 2532 6
503 2459 618 2544 αάτάς,
649 2459 717 2531 ἀλλ’
743 2458 797 2531 ἀεὶ
824 2457 1058 2549 ἀλλοιουμένης
1080 2460 1212 2549 φύσεώς
1234 2461 1315 2541 ἐστι,
1339 2465 1415 2540 πῶς
1437 2458 1456 2528 6

229 2570 381 2648 τοιοῦτος
404 2566 498 2635 εἰκὼν
520 2568 579 2634 τοῦ
602 2562 731 2652 πατρὸς
753 2559 839 2630 εἶναι
861 2556 1091 2662 δύναταιμοάκ
1113 2562 1193 2646 έχων
1208 2561 1247 2628 τὸ
1264 2557 1382 2645 ὅμοιον
1396 2564 1456 2649 τῆς

230 2664 411 2756 ἀτρεψίαςς
444 2670 520 2747 πῶς
541 2667 578 2736 δὲ
599 2667 653 2733 καί
677 2661 763 2742 ὅλως
785 2663 820 2730 έν
840 2667 888 2750 τῷ
911 2669 1015 2751 πατρί
1036 2663 1141 2745 ἐστιν,
1165 2659 1352 2751 ἀμφίβολον
1375 2661 1457 2745 έχων

229 2769 288 2859 τὴν
310 2773 540 2858 ’προαίρεσινς
573 2765 657 2849 τάχα
685 2767 721 2833 δὲ
743 2766 797 2832 καί
819 2764 962 2850 τρεπτδς
984 2758 1106 2834 ιάνκαί
1127 2759 1203 2832 καθ’
1226 2759 1351 2853 ἡμέραν
1372 2786 1461 2850 προ-·

228 2870 363 2940 κάπτων
392 2868 487 2937 ούπω
515 2865 640 2946 τέλειός
666 2867 765 2934 ἐστιν.
810 2859 880 2932 ἀλλ’
903 2859 924 2950 6
952 2866 1012 2949 μὲν
1033 2866 1170 2953 τοιαύτη
1191 2867 1258 2932 τῶν
1277 2859 1458 2952 ’Λρειανιῦν

230 2973 376 3056 οίχέσθω
397 2966 509 3051 μανία,
533 2965 552 3056 6
575 2970 612 3036 δὲ
634 2963 779 3056 ἀλήθεια
800 2968 959 3050 λαμπέτω
980 2965 1037 3033 καλ
1058 2967 1214 3035 δεικνύτω
1235 2966 1374 3044 τούτους
1391 2989 1459 3052 πμ-

229 3077 487 3162 ραφρονοῦντας.
532 3073 606 3150 πῶς
624 3061 700 3156 ’γὰρ
718 3063 771 3135 ὀύ
803 3068 931 3146 τέλειος
951 3063 991 3133 ⁸6
1025 3062 1098 3146 ἶσος
1129 3069 1222 3154 θεηῦς
1261 3059 1379 3158 ἢπιῦς
1400 3061 1457 3132 οάκ

230 3171 394 3258 ἀτρεπτος
416 3169 434 3237 6
455 3172 539 3256 μετὰ
560 3175 620 3238 τοῦ
642 3168 771 3256 πατρὸς
793 3171 827 3236 ἓν
849 3161 896 3234 ὢν
916 3169 971 3234 καί
992 3170 1051 3252 τῆς
1072 3162 1188 3247 οὐσίας
1209 3168 1296 3245 ἴδιος
1318 3160 1365 3234 ὢν
1387 3165 1457 3246 υἱὸς

230 3265 351 3352 αύτούς
383 3275 443 3356 τῆς
471 3273 507 3339 δὲ
536 3267 651 3350 οὐσίας
673 3273 732 3336 τοῦ
754 3267 883 3353 πατρὸς
904 3264 1003 3352 οάσης
1025 3261 1205 3353 ἀτρίπτου,
1230 3265 1395 3354 άτρεπτον
1416 3261 1456 3334 ἀν

230 3370 281 3459 τίη
313 3370 371 3438 καὶ
401 3369 441 3436 τὸ
470 3370 506 3450 ἐξ
532 3369 633 3458 αὐτῆς
661 3370 749 3436 λ’διον
770 3374 920 3452 γέννημα.
964 3365 1015 3432 ΙΙεί
1036 3366 1072 3432 δέ
1093 3367 1212 3436 τούτου
1235 3365 1341 3448 οὕτως
1360 3365 1455 3445 ὄντος

229 3474 289 3538 τοῦ
318 3470 416 3556 λόγου
444 3470 572 3554 τροπὴν
600 3464 883 3552 καταψεύδονται,
915 3471 1179 3548 μανθανέτωσαν
1201 3472 1268 3535 ποῦ
1290 3468 1414 3536 τούτων
1437 3461 1456 3534 6

231 3571 329 3658 λόγος
350 3568 539 3644 κινδυνεύει.
571 3567 606 3636 ἐκ
627 3567 688 3652 γὰρ
710 3568 769 3632 τοῦ
791 3569 920 3652 καρποῦ
942 3569 995 3634 καὶ
1019 3567 1057 3634 τὸ
1074 3570 1208 3656 δένδρον
1230 3569 1457 3656 ἰἐπιγινώσκε-

229 3694 301 3742 ται·
325 3671 382 3739 διὰ
402 3673 500 3738 τοῦτο
523 3671 576 3734 καὶ
600 3663 618 3734 6
641 3665 793 3753 ἑωρακὼς
814 3666 872 3734 τὸν
894 3667 965 3735 υἱὸν
988 3667 1111 3755 ἑώρακε
1132 3667 1190 3736 τὸν
1212 3673 1379 3758 πατέρα“),
1402 3671 1458 3736 καὶ

231 3770 251 3862 6
273 3777 333 3868 τοῦ
354 3773 427 3840 υλοῦ
449 3773 571 3859 γνῶσις
592 3771 713 3856 γνῶσίς
734 3767 807 3836 έστι
827 3772 886 3836 τοῦ
909 3768 1045 3857 πατρός.

254 3893 256 3902 ’
296 3950 300 3960 ,
318 3881 367 3946 36.
418 3867 543 3941 Οάκοῦν
565 3866 788 3950 ἀναλλοίωτος
809 3866 829 3960 6
853 3869 948 3939 είκών
969 3873 1028 3937 τοῦ
1052 3864 1217 3956 ἀτρίπτου
1231 3874 1317 3940 θεοῦ
1333 3865 1373 3938 ἀν
1389 3869 1456 3958 εἴη·

227 3971 350 4066 Ἰησοῦς
371 3975 432 4062 γάρ
454 3973 603 4060 Χριστὸς
622 3973 705 4057 χθὲς
725 3975 780 4040 καί
803 3970 946 4061 σήμερον
968 3969 986 4040 6
1009 3965 1110 4050 αάτὸς
1129 3973 1183 4038 καὶ
1207 3972 1254 4052 είς
1275 3971 1353 4052 τοὺς
1376 3971 1458 4038 αἰῶ-

275 4109 279 4116 ·
302 4134 325 4191 1)
344 4134 409 4182 Ιοιο.
431 4131 471 4192 14,
489 4131 512 4181 9.

265 4285 286 4318 ι.
306 4269 405 4330 δεςοετ.
424 4257 459 4314 τά
477 4265 571 4314 οιολιιίῑ.
608 4265 681 4315 Paulo
700 4260 820 4328 μοεικαέ
904 4277 925 4312 ε.
947 4263 1047 4322 ὃιςυει.
1073 4261 1169 4313 Gobler.
1189 4261 1336 4312 etFelrkm.
1354 4262 1374 4310 Ι.
1392 4253 1459 4308 ἐκεῖ·

230 4343 285 4388 unte
304 4325 448 4387 ἀκούοντες
461 4332 529 4382 deest
540 4331 785 4384 ἰυῦοο1.ει1·“ι1ιλω.
796 4333 817 4382 1.
869 4343 914 4376 νοι
930 4324 1052 4383 λαλοῦσι,
1069 4323 1117 4378 καὶ
1133 4319 1216 4382 αῦτός
1230 4326 1323 4378 κενοῦν.
1355 4328 1456 4386 Seguer.

265 4404 287 4454 b.
306 4403 405 4464 Seguer.
428 4393 518 4468 μόνον
540 4390 655 4448 ἀκούων.
690 4397 817 4448 Basilicus.
870 4397 927 4446 ibid.
946 4387 1062 4444 ἀκούων.
1100 4398 1179 4448 Ceteri
1197 4405 1221 4446 ιι
1239 4395 1294 4444 editi
1312 4384 1412 4440 έκεῖνού
1427 4403 1459 4442 τε

228 4472 350 4534 Anguem.
376 4471 433 4533 neg.
451 4477 475 4520 ει
492 4467 597 4518 Felckm.
616 4467 641 4517 5.
657 4457 768 4544 μύησιν,
789 4467 819 4514 ii·
867 4459 979 4514 λαλοῦσι
995 4458 1041 4513 καὶ
1059 4455 1141 4520 αὐτὸς
1155 4459 1258 4512 καινοῦν
1274 4453 1375 4510 ἀκούει.

229 4539 333 4604 demque
365 4553 418 4589 cum
452 4537 523 4586 edilis
555 4534 668 4586 ominum
699 4528 814 4580 ακούιυν.
902 4532 926 4582 d.
943 4529 991 4582 'Sic
1018 4537 1117 4600 εεςοετ.
1145 4533 1201 4593 λος.
1225 4527 1297 4578 fluuii.
1314 4526 1406 4589 λοςΙία
1433 4533 1458 4576 ει

229 4609 329 4670 διςυιτ.
348 4607 407 4656 ibid.
425 4597 548 4656 δύναται.
868 4598 973 4651 λὐΙελαι.
992 4599 1016 4650 ἀ.
1052 4603 1081 4652 λι
1097 4600 1138 4652 ulii
1156 4607 1180 4650 ιι
1197 4597 1254 4650 editi
1271 4593 1361 4646 πολιν.
