<?xml version="1.0" encoding="UTF-8"?>
<!DOCTYPE html PUBLIC "-//W3C//DTD XHTML 1.0 Transitional//EN"
    "http://www.w3.org/TR/xhtml1/DTD/xhtml1-transitional.dtd">
<html xmlns="http://www.w3.org/1999/xhtml" xml:lang="en" lang="en">
 <head>
  <title>
</title>
<meta http-equiv="Content-Type" content="text/html;charset=utf-8" />
  <meta name='ocr-system' content='tesseract 3.04.00' />
  <meta name='ocr-capabilities' content='ocr_page ocr_carea ocr_par ocr_line ocrx_word'/>
</head>
<body>
  <div class='ocr_page' id='page_1' title='image "./sanctiathanasii00athagoog_0046.png"; bbox 0 0 3176 5304; ppageno 0'>
   <div class='ocr_carea' id='block_1_1' title="bbox 656 349 1352 412">
    <p class='ocr_par' dir='ltr' id='par_1_1' title="bbox 656 349 1352 412">
     <span class='ocr_line' id='line_1_1' title="bbox 656 349 1352 412; baseline 0 -2"><span class='ocrx_word' id='word_1_1' title='bbox 656 365 827 410; x_wconf 80' lang='lat' dir='ltr'>rnuerarro.</span> <span class='ocrx_word' id='word_1_2' title='bbox 1313 349 1352 412; x_wconf 78' lang='lat' dir='ltr'>ll</span> 
     </span>
    </p>
   </div>
   <div class='ocr_carea' id='block_1_2' title="bbox 42 511 1356 1412">
    <p class='ocr_par' dir='ltr' id='par_1_2' title="bbox 42 511 1356 1412">
     <span class='ocr_line' id='line_1_2' title="bbox 118 511 1354 596; baseline 0.006 -25"><span class='ocrx_word' id='word_1_3' title='bbox 118 511 245 573; x_wconf 88' lang='lat' dir='ltr'>multus</span> <span class='ocrx_word' id='word_1_4' title='bbox 269 529 365 576; x_wconf 89' lang='lat' dir='ltr'>annos</span> <span class='ocrx_word' id='word_1_5' title='bbox 388 516 579 596; x_wconf 78' lang='lat' dir='ltr'>cogitaverat,</span> <span class='ocrx_word' id='word_1_6' title='bbox 606 518 749 588; x_wconf 89' lang='lat' dir='ltr'>libromm</span> <span class='ocrx_word' id='word_1_7' title='bbox 774 515 917 579; x_wconf 89' lang='lat' dir='ltr'>delectum</span> <span class='ocrx_word' id='word_1_8' title='bbox 939 515 1078 576; x_wconf 87' lang='lat' dir='ltr'>contiuuo</span> <span class='ocrx_word' id='word_1_9' title='bbox 1100 525 1198 578; x_wconf 88' lang='lat' dir='ltr'>mente</span> <span class='ocrx_word' id='word_1_10' title='bbox 1221 517 1354 591; x_wconf 83' lang='lat' dir='ltr'>voluens,</span> 
     </span>
     <span class='ocr_line' id='line_1_3' title="bbox 121 613 1351 701; baseline 0.008 -30"><span class='ocrx_word' id='word_1_11' title='bbox 121 613 265 678; x_wconf 85' lang='lat' dir='ltr'>selectos</span> <span class='ocrx_word' id='word_1_12' title='bbox 294 616 408 678; x_wconf 73' lang='lat' dir='ltr'><strong>iteratis</strong></span> <span class='ocrx_word' id='word_1_13' title='bbox 433 619 544 682; x_wconf 81' lang='lat' dir='ltr'>vicibus</span> <span class='ocrx_word' id='word_1_14' title='bbox 566 620 720 701; x_wconf 80' lang='lat' dir='ltr'><strong>explorans</strong></span> <span class='ocrx_word' id='word_1_15' title='bbox 741 629 962 696; x_wconf 88' lang='lat' dir='ltr'>retractansqne</span> <span class='ocrx_word' id='word_1_16' title='bbox 984 626 1015 677; x_wconf 91' lang='lat' dir='ltr'>et</span> <span class='ocrx_word' id='word_1_17' title='bbox 1034 615 1082 676; x_wconf 85' lang='lat' dir='ltr'>vix</span> <span class='ocrx_word' id='word_1_18' title='bbox 1103 635 1137 678; x_wconf 91' lang='lat' dir='ltr'>ac</span> <span class='ocrx_word' id='word_1_19' title='bbox 1155 637 1194 679; x_wconf 91' lang='lat' dir='ltr'>ue</span> <span class='ocrx_word' id='word_1_20' title='bbox 1214 619 1262 680; x_wconf 83' lang='lat' dir='ltr'>riu</span> <span class='ocrx_word' id='word_1_21' title='bbox 1284 619 1351 699; x_wconf 91' lang='lat' dir='ltr'>qui-</span> 
     </span>
     <span class='ocr_line' id='line_1_4' title="bbox 121 714 1353 814; baseline 0.006 -40"><span class='ocrx_word' id='word_1_22' title='bbox 121 714 199 776; x_wconf 90' lang='lat' dir='ltr'>dem</span> <span class='ocrx_word' id='word_1_23' title='bbox 225 715 288 779; x_wconf 92' lang='lat' dir='ltr'>sibi</span> <span class='ocrx_word' id='word_1_24' title='bbox 310 718 510 814; x_wconf 60' lang='lat' dir='ltr'>satisfaciens,</span> <span class='ocrx_word' id='word_1_25' title='bbox 544 741 604 784; x_wconf 90' lang='lat' dir='ltr'>nou</span> <span class='ocrx_word' id='word_1_26' title='bbox 637 723 694 783; x_wconf 92' lang='lat' dir='ltr'>nisi</span> <span class='ocrx_word' id='word_1_27' title='bbox 716 720 864 800; x_wconf 90' lang='lat' dir='ltr'>locuplete</span> <span class='ocrx_word' id='word_1_28' title='bbox 886 716 1012 797; x_wconf 89' lang='lat' dir='ltr'>quadam</span> <span class='ocrx_word' id='word_1_29' title='bbox 1035 717 1104 778; x_wconf 87' lang='lat' dir='ltr'>dote</span> <span class='ocrx_word' id='word_1_30' title='bbox 1125 721 1353 782; x_wconf 86' lang='lat' dir='ltr'>commendatam</span> 
     </span>
     <span class='ocr_line' id='line_1_5' title="bbox 123 816 1353 899; baseline 0.006 -23"><span class='ocrx_word' id='word_1_31' title='bbox 123 816 154 876; x_wconf 91' lang='lat' dir='ltr'>in</span> <span class='ocrx_word' id='word_1_32' title='bbox 182 817 287 879; x_wconf 88' lang='lat' dir='ltr'>lucem</span> <span class='ocrx_word' id='word_1_33' title='bbox 309 819 455 898; x_wconf 77' lang='lat' dir='ltr'><strong>publicam</strong></span> <span class='ocrx_word' id='word_1_34' title='bbox 477 823 651 887; x_wconf 80' lang='lat' dir='ltr'>dimissurus</span> <span class='ocrx_word' id='word_1_35' title='bbox 665 823 789 884; x_wconf 81' lang='lat' dir='ltr'>&#39;luisset</span> <span class='ocrx_word' id='word_1_36' title='bbox 831 820 926 882; x_wconf 81' lang='lat' dir='ltr'>Periit</span> <span class='ocrx_word' id='word_1_37' title='bbox 947 819 1035 897; x_wconf 77' lang='lat' dir='ltr'>igitar</span> <span class='ocrx_word' id='word_1_38' title='bbox 1048 837 1144 880; x_wconf 87' lang='lat' dir='ltr'>uorus</span> <span class='ocrx_word' id='word_1_39' title='bbox 1160 819 1275 899; x_wconf 88' lang='lat' dir='ltr'>qnidam</span> <span class='ocrx_word' id='word_1_40' title='bbox 1290 825 1353 884; x_wconf 85' lang='lat' dir='ltr'>iru-</span> 
     </span>
     <span class='ocr_line' id='line_1_6' title="bbox 127 921 1354 1006; baseline 0.006 -29"><span class='ocrx_word' id='word_1_41' title='bbox 127 929 202 980; x_wconf 85' lang='lat' dir='ltr'>rtus</span> <span class='ocrx_word' id='word_1_42' title='bbox 227 938 334 982; x_wconf 90' lang='lat' dir='ltr'>eorum</span> <span class='ocrx_word' id='word_1_43' title='bbox 356 923 530 998; x_wconf 88' lang='lat' dir='ltr'>studiorum,</span> <span class='ocrx_word' id='word_1_44' title='bbox 556 925 663 1006; x_wconf 92' lang='lat' dir='ltr'>quibos</span> <span class='ocrx_word' id='word_1_45' title='bbox 686 933 795 986; x_wconf 73' lang='lat' dir='ltr'>butam</span> <span class='ocrx_word' id='word_1_46' title='bbox 816 921 921 986; x_wconf 89' lang='lat' dir='ltr'>aetatis</span> <span class='ocrx_word' id='word_1_47' title='bbox 939 939 1014 982; x_wconf 87' lang='lat' dir='ltr'>-suae</span> <span class='ocrx_word' id='word_1_48' title='bbox 1034 928 1149 1002; x_wconf 87' lang='lat' dir='ltr'>partem</span> <span class='ocrx_word' id='word_1_49' title='bbox 1165 923 1354 994; x_wconf 84' lang='lat' dir='ltr'>consecrarit,</span> 
     </span>
     <span class='ocr_line' id='line_1_7' title="bbox 127 1023 1355 1106; baseline 0.005 -26"><span class='ocrx_word' id='word_1_50' title='bbox 127 1039 196 1082; x_wconf 89' lang='lat' dir='ltr'>oon</span> <span class='ocrx_word' id='word_1_51' title='bbox 227 1041 354 1101; x_wconf 80' lang='lat' dir='ltr'>maguus</span> <span class='ocrx_word' id='word_1_52' title='bbox 380 1024 429 1086; x_wconf 94' lang='lat' dir='ltr'>ille</span> <span class='ocrx_word' id='word_1_53' title='bbox 458 1027 575 1106; x_wconf 90' lang='lat' dir='ltr'>quidem</span> <span class='ocrx_word' id='word_1_54' title='bbox 604 1027 649 1088; x_wconf 81' lang='lat' dir='ltr'>rel</span> <span class='ocrx_word' id='word_1_55' title='bbox 671 1025 856 1105; x_wconf 87' lang='lat' dir='ltr'>splendidus,</span> <span class='ocrx_word' id='word_1_56' title='bbox 886 1023 912 1084; x_wconf 91' lang='lat' dir='ltr'>si</span> <span class='ocrx_word' id='word_1_57' title='bbox 935 1031 1029 1084; x_wconf 87' lang='lat' dir='ltr'>cetera</span> <span class='ocrx_word' id='word_1_58' title='bbox 1052 1023 1228 1085; x_wconf 87' lang='lat' dir='ltr'>immortalis</span> <span class='ocrx_word' id='word_1_59' title='bbox 1250 1023 1305 1084; x_wconf 84' lang='lat' dir='ltr'>riri</span> <span class='ocrx_word' id='word_1_60' title='bbox 1325 1025 1355 1086; x_wconf 92' lang='lat' dir='ltr'>iu</span> 
     </span>
     <span class='ocr_line' id='line_1_8' title="bbox 129 1123 1355 1204; baseline 0.002 -21"><span class='ocrx_word' id='word_1_61' title='bbox 129 1123 321 1203; x_wconf 79' lang='lat' dir='ltr'>theologiam</span> <span class='ocrx_word' id='word_1_62' title='bbox 344 1126 448 1188; x_wconf 90' lang='lat' dir='ltr'>merita</span> <span class='ocrx_word' id='word_1_63' title='bbox 471 1127 641 1201; x_wconf 88' lang='lat' dir='ltr'>contuleris,</span> <span class='ocrx_word' id='word_1_64' title='bbox 665 1128 716 1189; x_wconf 90' lang='lat' dir='ltr'>sed</span> <span class='ocrx_word' id='word_1_65' title='bbox 739 1137 874 1188; x_wconf 87' lang='lat' dir='ltr'>maturus</span> <span class='ocrx_word' id='word_1_66' title='bbox 894 1136 1002 1195; x_wconf 86' lang='lat' dir='ltr'>tamen,</span> <span class='ocrx_word' id='word_1_67' title='bbox 1024 1123 1053 1184; x_wconf 92' lang='lat' dir='ltr'>id</span> <span class='ocrx_word' id='word_1_68' title='bbox 1076 1124 1154 1203; x_wconf 92' lang='lat' dir='ltr'>quod</span> <span class='ocrx_word' id='word_1_69' title='bbox 1175 1143 1222 1186; x_wconf 86' lang='lat' dir='ltr'>me</span> <span class='ocrx_word' id='word_1_70' title='bbox 1238 1124 1355 1204; x_wconf 88' lang='lat' dir='ltr'>quidem</span> 
     </span>
     <span class='ocr_line' id='line_1_9' title="bbox 131 1225 1356 1308; baseline 0.003 -24"><span class='ocrx_word' id='word_1_71' title='bbox 131 1225 238 1286; x_wconf 87' lang='lat' dir='ltr'>iudice</span> <span class='ocrx_word' id='word_1_72' title='bbox 255 1226 314 1288; x_wconf 90' lang='lat' dir='ltr'>boc</span> <span class='ocrx_word' id='word_1_73' title='bbox 335 1229 487 1291; x_wconf 76' lang='lat' dir='ltr'>exordium</span> <span class='ocrx_word' id='word_1_74' title='bbox 511 1239 635 1292; x_wconf 77' lang='lat' dir='ltr'>testatur</span> <span class='ocrx_word' id='word_1_75' title='bbox 656 1229 692 1290; x_wconf 93' lang='lat' dir='ltr'>ab</span> <span class='ocrx_word' id='word_1_76' title='bbox 714 1229 781 1308; x_wconf 90' lang='lat' dir='ltr'>ipso</span> <span class='ocrx_word' id='word_1_77' title='bbox 803 1229 898 1289; x_wconf 90' lang='lat' dir='ltr'>adbuc</span> <span class='ocrx_word' id='word_1_78' title='bbox 917 1236 1038 1287; x_wconf 89' lang='lat' dir='ltr'>anctore</span> <span class='ocrx_word' id='word_1_79' title='bbox 1060 1227 1135 1306; x_wconf 81' lang='lat' dir='ltr'>typis</span> <span class='ocrx_word' id='word_1_80' title='bbox 1154 1227 1356 1296; x_wconf 86' lang='lat' dir='ltr'>commissum,</span> 
     </span>
     <span class='ocr_line' id='line_1_10' title="bbox 42 1324 1356 1412; baseline 0.004 -26"><span class='ocrx_word' id='word_1_81' title='bbox 42 1395 43 1410; x_wconf 55' lang='lat'>,</span> <span class='ocrx_word' id='word_1_82' title='bbox 129 1327 321 1407; x_wconf 75' lang='lat' dir='ltr'>reliquisque</span> <span class='ocrx_word' id='word_1_83' title='bbox 338 1331 414 1396; x_wconf 34' lang='lat' dir='ltr'>,eius</span> <span class='ocrx_word' id='word_1_84' title='bbox 443 1331 561 1412; x_wconf 89' lang='lat' dir='ltr'>scriptis</span> <span class='ocrx_word' id='word_1_85' title='bbox 590 1331 812 1410; x_wconf 80' lang='lat' dir='ltr'>haudquaquam</span> <span class='ocrx_word' id='word_1_86' title='bbox 833 1324 966 1388; x_wconf 90' lang='lat' dir='ltr'>iulerior.</span> <span class='ocrx_word' id='word_1_87' title='bbox 1011 1327 1100 1388; x_wconf 80' lang='lat' dir='ltr'>Periit</span> <span class='ocrx_word' id='word_1_88' title='bbox 1124 1328 1261 1409; x_wconf 69' lang='lat' dir='ltr'>iuquam,</span> <span class='ocrx_word' id='word_1_89' title='bbox 1290 1329 1356 1391; x_wconf 88' lang='lat' dir='ltr'>illae</span> 
     </span>
    </p>
   </div>
   <div class='ocr_carea' id='block_1_3' title="bbox 131 1427 1463 1509">
    <p class='ocr_par' dir='ltr' id='par_1_3' title="bbox 131 1427 1463 1509">
     <span class='ocr_line' id='line_1_11' title="bbox 131 1427 1463 1509; baseline 0.004 -21"><span class='ocrx_word' id='word_1_90' title='bbox 131 1429 220 1490; x_wconf 87' lang='lat' dir='ltr'>enim</span> <span class='ocrx_word' id='word_1_91' title='bbox 251 1447 323 1508; x_wconf 88' lang='lat' dir='ltr'>quas</span> <span class='ocrx_word' id='word_1_92' title='bbox 346 1431 405 1492; x_wconf 84' lang='lat' dir='ltr'>dixi</span> <span class='ocrx_word' id='word_1_93' title='bbox 427 1433 544 1495; x_wconf 89' lang='lat' dir='ltr'>notulae</span> <span class='ocrx_word' id='word_1_94' title='bbox 568 1443 679 1494; x_wconf 90' lang='lat' dir='ltr'>tantum</span> <span class='ocrx_word' id='word_1_95' title='bbox 704 1432 787 1494; x_wconf 87' lang='lat' dir='ltr'>abest</span> <span class='ocrx_word' id='word_1_96' title='bbox 815 1439 848 1491; x_wconf 93' lang='lat' dir='ltr'>ut</span> <span class='ocrx_word' id='word_1_97' title='bbox 873 1427 1027 1490; x_wconf 89' lang='lat' dir='ltr'>consilium</span> <span class='ocrx_word' id='word_1_98' title='bbox 1059 1438 1145 1509; x_wconf 88' lang='lat' dir='ltr'>atque</span> <span class='ocrx_word' id='word_1_99' title='bbox 1178 1431 1353 1492; x_wconf 87' lang='lat' dir='ltr'>senteutiam</span> <span class='ocrx_word' id='word_1_100' title='bbox 1455 1465 1463 1480; x_wconf 75' lang='lat'>=</span> 
     </span>
    </p>
   </div>
   <div class='ocr_carea' id='block_1_4' title="bbox 130 1529 1394 4554">
    <p class='ocr_par' dir='ltr' id='par_1_4' title="bbox 130 1529 1394 4554">
     <span class='ocr_line' id='line_1_12' title="bbox 130 1529 1355 1613; baseline 0.005 -24"><span class='ocrx_word' id='word_1_101' title='bbox 130 1529 218 1590; x_wconf 86' lang='lat' dir='ltr'>beati</span> <span class='ocrx_word' id='word_1_102' title='bbox 255 1531 310 1592; x_wconf 84' lang='lat' dir='ltr'>riri</span> <span class='ocrx_word' id='word_1_103' title='bbox 343 1534 486 1612; x_wconf 82' lang='lat' dir='ltr'>prodant,</span> <span class='ocrx_word' id='word_1_104' title='bbox 519 1544 552 1597; x_wconf 90' lang='lat' dir='ltr'>ut</span> <span class='ocrx_word' id='word_1_105' title='bbox 582 1535 629 1596; x_wconf 83' lang='lat' dir='ltr'>vix</span> <span class='ocrx_word' id='word_1_106' title='bbox 662 1533 732 1613; x_wconf 91' lang='lat' dir='ltr'>quid</span> <span class='ocrx_word' id='word_1_107' title='bbox 763 1533 799 1594; x_wconf 89' lang='lat' dir='ltr'>de</span> <span class='ocrx_word' id='word_1_108' title='bbox 829 1533 886 1592; x_wconf 89' lang='lat' dir='ltr'>boo</span> <span class='ocrx_word' id='word_1_109' title='bbox 913 1531 998 1592; x_wconf 78' lang='lat' dir='ltr'>illone</span> <span class='ocrx_word' id='word_1_110' title='bbox 1026 1543 1198 1610; x_wconf 85' lang='lat' dir='ltr'>argumento</span> <span class='ocrx_word' id='word_1_111' title='bbox 1225 1533 1355 1596; x_wconf 78' lang='lat' dir='ltr'>tortasse</span> 
     </span>
     <span class='ocr_line' id='line_1_13' title="bbox 132 1633 1354 1718; baseline 0.004 -27"><span class='ocrx_word' id='word_1_112' title='bbox 132 1639 260 1710; x_wconf 88' lang='lat' dir='ltr'>praeter</span> <span class='ocrx_word' id='word_1_113' title='bbox 298 1633 367 1718; x_wconf 70' lang='lat' dir='ltr'>alia¹</span> <span class='ocrx_word' id='word_1_114' title='bbox 384 1635 516 1697; x_wconf 90' lang='lat' dir='ltr'>dicturus</span> <span class='ocrx_word' id='word_1_115' title='bbox 552 1635 660 1698; x_wconf 87' lang='lat' dir='ltr'>luisset</span> <span class='ocrx_word' id='word_1_116' title='bbox 697 1633 841 1696; x_wconf 89' lang='lat' dir='ltr'>coniicere</span> <span class='ocrx_word' id='word_1_117' title='bbox 871 1633 991 1713; x_wconf 83' lang='lat' dir='ltr'>possis,</span> <span class='ocrx_word' id='word_1_118' title='bbox 1027 1652 1123 1713; x_wconf 86' lang='lat' dir='ltr'>neque</span> <span class='ocrx_word' id='word_1_119' title='bbox 1157 1643 1272 1712; x_wconf 86' lang='lat' dir='ltr'>praeter</span> <span class='ocrx_word' id='word_1_120' title='bbox 1303 1653 1354 1696; x_wconf 86' lang='lat' dir='ltr'>eas</span> 
     </span>
     <span class='ocr_line' id='line_1_14' title="bbox 135 1733 1354 1816; baseline 0.002 -22"><span class='ocrx_word' id='word_1_121' title='bbox 135 1733 301 1814; x_wconf 88' lang='lat' dir='ltr'>quidquam</span> <span class='ocrx_word' id='word_1_122' title='bbox 336 1743 445 1809; x_wconf 84' lang='lat' dir='ltr'>exstat,</span> <span class='ocrx_word' id='word_1_123' title='bbox 477 1738 554 1816; x_wconf 92' lang='lat' dir='ltr'>quod</span> <span class='ocrx_word' id='word_1_124' title='bbox 577 1737 806 1799; x_wconf 88' lang='lat' dir='ltr'>continuationis</span> <span class='ocrx_word' id='word_1_125' title='bbox 822 1735 973 1797; x_wconf 87' lang='lat' dir='ltr'>materiem</span> <span class='ocrx_word' id='word_1_126' title='bbox 997 1735 1110 1796; x_wconf 87' lang='lat' dir='ltr'>olierat</span> <span class='ocrx_word' id='word_1_127' title='bbox 1158 1734 1239 1806; x_wconf 85' lang='lat' dir='ltr'>Quae</span> <span class='ocrx_word' id='word_1_128' title='bbox 1266 1755 1354 1813; x_wconf 87' lang='lat' dir='ltr'>quum</span> 
     </span>
     <span class='ocr_line' id='line_1_15' title="bbox 134 1832 1356 1917; baseline 0.002 -23"><span class='ocrx_word' id='word_1_129' title='bbox 134 1836 179 1895; x_wconf 87' lang='lat' dir='ltr'>ita</span> <span class='ocrx_word' id='word_1_130' title='bbox 210 1837 286 1909; x_wconf 90' lang='lat' dir='ltr'>sint,</span> <span class='ocrx_word' id='word_1_131' title='bbox 316 1855 371 1916; x_wconf 82' lang='lat' dir='ltr'>ego</span> <span class='ocrx_word' id='word_1_132' title='bbox 400 1832 562 1917; x_wconf 67' lang='lat' dir='ltr'>equidem,</span> <span class='ocrx_word' id='word_1_133' title='bbox 579 1840 625 1900; x_wconf 89' lang='lat' dir='ltr'>cni</span> <span class='ocrx_word' id='word_1_134' title='bbox 655 1839 826 1900; x_wconf 89' lang='lat' dir='ltr'>secundaria</span> <span class='ocrx_word' id='word_1_135' title='bbox 857 1835 997 1916; x_wconf 88' lang='lat' dir='ltr'>quaedam</span> <span class='ocrx_word' id='word_1_136' title='bbox 1026 1835 1055 1896; x_wconf 92' lang='lat' dir='ltr'>in</span> <span class='ocrx_word' id='word_1_137' title='bbox 1085 1837 1144 1898; x_wconf 91' lang='lat' dir='ltr'>hoc</span> <span class='ocrx_word' id='word_1_138' title='bbox 1171 1853 1263 1916; x_wconf 88' lang='lat' dir='ltr'>opere</span> <span class='ocrx_word' id='word_1_139' title='bbox 1284 1855 1356 1915; x_wconf 91' lang='lat' dir='ltr'>pro-</span> 
     </span>
     <span class='ocr_line' id='line_1_16' title="bbox 133 1935 1357 2019; baseline 0.002 -23"><span class='ocrx_word' id='word_1_140' title='bbox 133 1937 236 2000; x_wconf 77' lang='lat' dir='ltr'>vincia</span> <span class='ocrx_word' id='word_1_141' title='bbox 265 1939 438 2001; x_wconf 89' lang='lat' dir='ltr'>demandata</span> <span class='ocrx_word' id='word_1_142' title='bbox 466 1941 534 2014; x_wconf 88' lang='lat' dir='ltr'>luit,</span> <span class='ocrx_word' id='word_1_143' title='bbox 567 1959 582 2002; x_wconf 89' lang='lat' dir='ltr'>a</span> <span class='ocrx_word' id='word_1_144' title='bbox 615 1939 774 2019; x_wconf 83' lang='lat' dir='ltr'>bibliopola</span> <span class='ocrx_word' id='word_1_145' title='bbox 797 1947 919 2016; x_wconf 78' lang='lat' dir='ltr'>rogatus</span> <span class='ocrx_word' id='word_1_146' title='bbox 945 1946 979 1997; x_wconf 91' lang='lat' dir='ltr'>ut</span> <span class='ocrx_word' id='word_1_147' title='bbox 1001 1935 1163 1998; x_wconf 84' lang='lat' dir='ltr'>inchoatam</span> <span class='ocrx_word' id='word_1_148' title='bbox 1196 1937 1357 2016; x_wconf 84' lang='lat' dir='ltr'>praelatio·</span> 
     </span>
     <span class='ocr_line' id='line_1_17' title="bbox 136 2037 1356 2122; baseline 0 -22"><span class='ocrx_word' id='word_1_149' title='bbox 136 2057 210 2100; x_wconf 83' lang='lat' dir='ltr'>uem</span> <span class='ocrx_word' id='word_1_150' title='bbox 246 2040 282 2103; x_wconf 93' lang='lat' dir='ltr'>ad</span> <span class='ocrx_word' id='word_1_151' title='bbox 314 2041 401 2103; x_wconf 81' lang='lat' dir='ltr'>linem</span> <span class='ocrx_word' id='word_1_152' title='bbox 433 2042 643 2122; x_wconf 83' lang='lat' dir='ltr'>perducerem,</span> <span class='ocrx_word' id='word_1_153' title='bbox 677 2059 736 2104; x_wconf 90' lang='lat' dir='ltr'>non</span> <span class='ocrx_word' id='word_1_154' title='bbox 769 2041 806 2102; x_wconf 84' lang='lat' dir='ltr'>ad</span> <span class='ocrx_word' id='word_1_155' title='bbox 834 2058 897 2100; x_wconf 89' lang='lat' dir='ltr'>cam</span> <span class='ocrx_word' id='word_1_156' title='bbox 924 2039 1120 2117; x_wconf 74' lang='lat' dir='ltr'>arrogantiam</span> <span class='ocrx_word' id='word_1_157' title='bbox 1149 2037 1356 2120; x_wconf 83' lang='lat' dir='ltr'>audaciamque</span> 
     </span>
     <span class='ocr_line' id='line_1_18' title="bbox 138 2130 1355 2221; baseline 0 -19"><span class='ocrx_word' id='word_1_158' title='bbox 138 2159 320 2221; x_wconf 81' lang='lat' dir='ltr'>progressus</span> <span class='ocrx_word' id='word_1_159' title='bbox 348 2163 413 2206; x_wconf 87' lang='lat' dir='ltr'>sum</span> <span class='ocrx_word' id='word_1_160' title='bbox 447 2154 478 2206; x_wconf 93' lang='lat' dir='ltr'>ut</span> <span class='ocrx_word' id='word_1_161' title='bbox 505 2144 659 2208; x_wconf 80' lang='lat' dir='ltr'>absolvere</span> <span class='ocrx_word' id='word_1_162' title='bbox 687 2161 812 2206; x_wconf 85' lang='lat' dir='ltr'>conarer</span> <span class='ocrx_word' id='word_1_163' title='bbox 840 2130 918 2220; x_wconf 90' lang='lat' dir='ltr'>quud</span> <span class='ocrx_word' id='word_1_164' title='bbox 947 2149 1046 2202; x_wconf 75' lang='lat' dir='ltr'>mutus</span> <span class='ocrx_word' id='word_1_165' title='bbox 1068 2140 1222 2220; x_wconf 72' lang='lat' dir='ltr'>beologus</span> <span class='ocrx_word' id='word_1_166' title='bbox 1245 2141 1355 2220; x_wconf 91' lang='lat' dir='ltr'>imper·</span> 
     </span>
     <span class='ocr_line' id='line_1_19' title="bbox 135 2241 1352 2336; baseline 0 -32"><span class='ocrx_word' id='word_1_167' title='bbox 135 2246 248 2308; x_wconf 87' lang='lat' dir='ltr'>lectum</span> <span class='ocrx_word' id='word_1_168' title='bbox 277 2246 409 2336; x_wconf 78' lang='lat' dir='ltr'>reliquit,</span> <span class='ocrx_word' id='word_1_169' title='bbox 443 2247 618 2316; x_wconf 86' lang='lat' dir='ltr'>sedsatius</span> <span class='ocrx_word' id='word_1_170' title='bbox 646 2245 721 2318; x_wconf 83' lang='lat' dir='ltr'>dixi,</span> <span class='ocrx_word' id='word_1_171' title='bbox 752 2264 804 2318; x_wconf 90' lang='lat' dir='ltr'>ea,</span> <span class='ocrx_word' id='word_1_172' title='bbox 839 2261 914 2322; x_wconf 91' lang='lat' dir='ltr'>quae</span> <span class='ocrx_word' id='word_1_173' title='bbox 936 2241 1039 2304; x_wconf 87' lang='lat' dir='ltr'>heatus</span> <span class='ocrx_word' id='word_1_174' title='bbox 1060 2251 1162 2303; x_wconf 81' lang='lat' dir='ltr'>auctor</span> <span class='ocrx_word' id='word_1_175' title='bbox 1185 2241 1248 2322; x_wconf 85' lang='lat' dir='ltr'>ipse</span> <span class='ocrx_word' id='word_1_176' title='bbox 1270 2243 1352 2324; x_wconf 89' lang='lat' dir='ltr'>prelo</span> 
     </span>
     <span class='ocr_line' id='line_1_20' title="bbox 139 2343 1354 2429; baseline 0 -23"><span class='ocrx_word' id='word_1_177' title='bbox 139 2347 303 2410; x_wconf 88' lang='lat' dir='ltr'>tradiderat</span> <span class='ocrx_word' id='word_1_178' title='bbox 323 2349 368 2410; x_wconf 83' lang='lat' dir='ltr'>rel</span> <span class='ocrx_word' id='word_1_179' title='bbox 389 2357 628 2429; x_wconf 87' lang='lat' dir='ltr'>praeparaverat,</span> <span class='ocrx_word' id='word_1_180' title='bbox 658 2348 752 2428; x_wconf 90' lang='lat' dir='ltr'>qualia</span> <span class='ocrx_word' id='word_1_181' title='bbox 776 2355 845 2408; x_wconf 89' lang='lat' dir='ltr'>snut</span> <span class='ocrx_word' id='word_1_182' title='bbox 868 2345 973 2407; x_wconf 87' lang='lat' dir='ltr'>intacta</span> <span class='ocrx_word' id='word_1_183' title='bbox 998 2363 1063 2406; x_wconf 88' lang='lat' dir='ltr'>cum</span> <span class='ocrx_word' id='word_1_184' title='bbox 1085 2343 1247 2406; x_wconf 87' lang='lat' dir='ltr'>lectoribus</span> <span class='ocrx_word' id='word_1_185' title='bbox 1270 2363 1354 2406; x_wconf 89' lang='lat' dir='ltr'>oom-</span> 
     </span>
     <span class='ocr_line' id='line_1_21' title="bbox 138 2445 1352 2529; baseline -0.003 -19"><span class='ocrx_word' id='word_1_186' title='bbox 138 2449 295 2510; x_wconf 90' lang='lat' dir='ltr'>muuicari.</span> <span class='ocrx_word' id='word_1_187' title='bbox 350 2451 478 2512; x_wconf 86' lang='lat' dir='ltr'>llruditis</span> <span class='ocrx_word' id='word_1_188' title='bbox 510 2461 588 2513; x_wconf 85' lang='lat' dir='ltr'>certe</span> <span class='ocrx_word' id='word_1_189' title='bbox 620 2450 722 2529; x_wconf 87' lang='lat' dir='ltr'>reique</span> <span class='ocrx_word' id='word_1_190' title='bbox 752 2447 850 2527; x_wconf 81' lang='lat' dir='ltr'>goaris</span> <span class='ocrx_word' id='word_1_191' title='bbox 875 2447 971 2509; x_wconf 87' lang='lat' dir='ltr'>&#39;hrerc</span> <span class='ocrx_word' id='word_1_192' title='bbox 1004 2447 1061 2508; x_wconf 90' lang='lat' dir='ltr'>boc</span> <span class='ocrx_word' id='word_1_193' title='bbox 1086 2445 1202 2526; x_wconf 89' lang='lat' dir='ltr'>abrupti</span> <span class='ocrx_word' id='word_1_194' title='bbox 1240 2445 1352 2507; x_wconf 81' lang='lat' dir='ltr'>exordii</span> 
     </span>
     <span class='ocr_line' id='line_1_22' title="bbox 140 2547 1357 2638; baseline -0.002 -29"><span class='ocrx_word' id='word_1_195' title='bbox 140 2549 295 2627; x_wconf 85' lang='lat' dir='ltr'>specimen</span> <span class='ocrx_word' id='word_1_196' title='bbox 316 2559 451 2634; x_wconf 85' lang='lat' dir='ltr'>tanquam</span> <span class='ocrx_word' id='word_1_197' title='bbox 473 2561 694 2612; x_wconf 90' lang='lat' dir='ltr'>monumentum</span> <span class='ocrx_word' id='word_1_198' title='bbox 717 2551 874 2630; x_wconf 85' lang='lat' dir='ltr'>quoddam,</span> <span class='ocrx_word' id='word_1_199' title='bbox 896 2548 975 2628; x_wconf 90' lang='lat' dir='ltr'>qnod</span> <span class='ocrx_word' id='word_1_200' title='bbox 998 2548 1101 2610; x_wconf 83' lang='lat' dir='ltr'>artilex</span> <span class='ocrx_word' id='word_1_201' title='bbox 1117 2547 1198 2627; x_wconf 91' lang='lat' dir='ltr'>quasi</span> <span class='ocrx_word' id='word_1_202' title='bbox 1220 2549 1285 2638; x_wconf 75' lang='lat' dir='ltr'>ipse</span> <span class='ocrx_word' id='word_1_203' title='bbox 1299 2547 1357 2608; x_wconf 91' lang='lat' dir='ltr'>sibi</span> 
     </span>
     <span class='ocr_line' id='line_1_23' title="bbox 145 2640 1358 2730; baseline 0 -24"><span class='ocrx_word' id='word_1_204' title='bbox 145 2647 261 2708; x_wconf 88' lang='lat' dir='ltr'>inscius</span> <span class='ocrx_word' id='word_1_205' title='bbox 282 2649 393 2727; x_wconf 88' lang='lat' dir='ltr'>posuit,</span> <span class='ocrx_word' id='word_1_206' title='bbox 415 2651 524 2728; x_wconf 74' lang='lat' dir='ltr'>gratim</span> <span class='ocrx_word' id='word_1_207' title='bbox 543 2640 732 2714; x_wconf 88' lang='lat' dir='ltr'>hauddubie</span> <span class='ocrx_word' id='word_1_208' title='bbox 753 2661 839 2730; x_wconf 92' lang='lat' dir='ltr'>atque</span> <span class='ocrx_word' id='word_1_209' title='bbox 861 2650 991 2712; x_wconf 88' lang='lat' dir='ltr'>sanctius</span> <span class='ocrx_word' id='word_1_210' title='bbox 1013 2651 1077 2709; x_wconf 89' lang='lat' dir='ltr'>lore</span> <span class='ocrx_word' id='word_1_211' title='bbox 1100 2667 1200 2727; x_wconf 88' lang='lat' dir='ltr'>spero,</span> <span class='ocrx_word' id='word_1_212' title='bbox 1225 2645 1358 2726; x_wconf 87' lang='lat' dir='ltr'>quamsi</span> 
     </span>
     <span class='ocr_line' id='line_1_24' title="bbox 150 2729 1359 2830; baseline -0.002 -22"><span class='ocrx_word' id='word_1_213' title='bbox 150 2747 272 2810; x_wconf 87' lang='lat' dir='ltr'>adiectis</span> <span class='ocrx_word' id='word_1_214' title='bbox 294 2729 339 2808; x_wconf 59' lang='lat' dir='ltr'>ab&#39;</span> <span class='ocrx_word' id='word_1_215' title='bbox 352 2738 444 2810; x_wconf 80' lang='lat' dir='ltr'>alicua</span> <span class='ocrx_word' id='word_1_216' title='bbox 465 2769 551 2810; x_wconf 89' lang='lat' dir='ltr'>manu</span> <span class='ocrx_word' id='word_1_217' title='bbox 574 2751 661 2812; x_wconf 91' lang='lat' dir='ltr'>rebus</span> <span class='ocrx_word' id='word_1_218' title='bbox 683 2751 886 2814; x_wconf 88' lang='lat' dir='ltr'>communibus</span> <span class='ocrx_word' id='word_1_219' title='bbox 908 2760 937 2812; x_wconf 88' lang='lat' dir='ltr'>et</span> <span class='ocrx_word' id='word_1_220' title='bbox 952 2753 982 2813; x_wconf 94' lang='lat' dir='ltr'>in</span> <span class='ocrx_word' id='word_1_221' title='bbox 998 2750 1102 2830; x_wconf 82' lang='lat' dir='ltr'>vulgus</span> <span class='ocrx_word' id='word_1_222' title='bbox 1117 2751 1197 2811; x_wconf 89' lang='lat' dir='ltr'>uotis</span> <span class='ocrx_word' id='word_1_223' title='bbox 1220 2747 1359 2825; x_wconf 89' lang='lat' dir='ltr'>amphora</span> 
     </span>
     <span class='ocr_line' id='line_1_25' title="bbox 146 2849 1376 2940; baseline 0.001 -31"><span class='ocrx_word' id='word_1_224' title='bbox 146 2849 265 2910; x_wconf 90' lang='lat' dir='ltr'>institui</span> <span class='ocrx_word' id='word_1_225' title='bbox 289 2859 392 2928; x_wconf 87' lang='lat' dir='ltr'>coepta</span> <span class='ocrx_word' id='word_1_226' title='bbox 415 2868 517 2911; x_wconf 87' lang='lat' dir='ltr'>urceus</span> <span class='ocrx_word' id='word_1_227' title='bbox 540 2849 653 2912; x_wconf 81' lang='lat' dir='ltr'>exiiset.</span> <span class='ocrx_word' id='word_1_228' title='bbox 1373 2929 1376 2940; x_wconf 30' lang='lat'><em>¹</em></span> 
     </span>
     <span class='ocr_line' id='line_1_26' title="bbox 234 2947 1359 3032; baseline 0 -22"><span class='ocrx_word' id='word_1_229' title='bbox 234 2949 322 3023; x_wconf 85' lang='lat' dir='ltr'>Quod</span> <span class='ocrx_word' id='word_1_230' title='bbox 352 2969 422 3011; x_wconf 81' lang='lat' dir='ltr'>vero</span> <span class='ocrx_word' id='word_1_231' title='bbox 449 2951 484 3014; x_wconf 88' lang='lat' dir='ltr'>ad</span> <span class='ocrx_word' id='word_1_232' title='bbox 507 2951 603 3032; x_wconf 88' lang='lat' dir='ltr'>ipsam</span> <span class='ocrx_word' id='word_1_233' title='bbox 625 2951 700 3014; x_wconf 92' lang='lat' dir='ltr'>hanc</span> <span class='ocrx_word' id='word_1_234' title='bbox 720 2949 926 3012; x_wconf 78' lang='lat' dir='ltr'>bibliothecam</span> <span class='ocrx_word' id='word_1_235' title='bbox 949 2953 1072 3021; x_wconf 85' lang='lat' dir='ltr'>attinet,</span> <span class='ocrx_word' id='word_1_236' title='bbox 1094 2969 1127 3010; x_wconf 89' lang='lat' dir='ltr'>ea</span> <span class='ocrx_word' id='word_1_237' title='bbox 1149 2948 1283 3028; x_wconf 81' lang='lat' dir='ltr'>quamvis</span> <span class='ocrx_word' id='word_1_238' title='bbox 1306 2947 1359 3010; x_wconf 86' lang='lat' dir='ltr'>tri·</span> 
     </span>
     <span class='ocr_line' id='line_1_27' title="bbox 145 3050 1356 3131; baseline -0.003 -17"><span class='ocrx_word' id='word_1_239' title='bbox 145 3051 278 3114; x_wconf 89' lang='lat' dir='ltr'>stissimo</span> <span class='ocrx_word' id='word_1_240' title='bbox 300 3051 351 3112; x_wconf 89' lang='lat' dir='ltr'>illo</span> <span class='ocrx_word' id='word_1_241' title='bbox 374 3071 442 3114; x_wconf 88' lang='lat' dir='ltr'>casu</span> <span class='ocrx_word' id='word_1_242' title='bbox 465 3054 523 3114; x_wconf 90' lang='lat' dir='ltr'>hoc</span> <span class='ocrx_word' id='word_1_243' title='bbox 543 3052 672 3114; x_wconf 88' lang='lat' dir='ltr'>iacturae</span> <span class='ocrx_word' id='word_1_244' title='bbox 692 3052 795 3124; x_wconf 84' lang='lat' dir='ltr'>lecerit</span> <span class='ocrx_word' id='word_1_245' title='bbox 815 3061 849 3114; x_wconf 90' lang='lat' dir='ltr'>ut</span> <span class='ocrx_word' id='word_1_246' title='bbox 866 3053 1144 3131; x_wconf 80' lang='lat' dir='ltr'>prolegomenorum</span> <span class='ocrx_word' id='word_1_247' title='bbox 1170 3050 1356 3112; x_wconf 87' lang='lat' dir='ltr'>commenda-</span> 
     </span>
     <span class='ocr_line' id='line_1_28' title="bbox 147 3151 1356 3235; baseline 0 -20"><span class='ocrx_word' id='word_1_248' title='bbox 147 3155 227 3216; x_wconf 84' lang='lat' dir='ltr'>tione</span> <span class='ocrx_word' id='word_1_249' title='bbox 249 3160 357 3227; x_wconf 90' lang='lat' dir='ltr'>careat,</span> <span class='ocrx_word' id='word_1_250' title='bbox 379 3162 477 3216; x_wconf 90' lang='lat' dir='ltr'>tameo</span> <span class='ocrx_word' id='word_1_251' title='bbox 500 3155 526 3216; x_wconf 88' lang='lat' dir='ltr'>si</span> <span class='ocrx_word' id='word_1_252' title='bbox 549 3155 663 3235; x_wconf 86' lang='lat' dir='ltr'>coeptis</span> <span class='ocrx_word' id='word_1_253' title='bbox 686 3155 759 3216; x_wconf 82' lang='lat' dir='ltr'>deus</span> <span class='ocrx_word' id='word_1_254' title='bbox 781 3152 916 3217; x_wconf 87' lang='lat' dir='ltr'>adnuerit</span> <span class='ocrx_word' id='word_1_255' title='bbox 930 3169 1119 3234; x_wconf 76' lang='lat' dir='ltr'>progressum</span> <span class='ocrx_word' id='word_1_256' title='bbox 1131 3171 1216 3213; x_wconf 89' lang='lat' dir='ltr'>suum</span> <span class='ocrx_word' id='word_1_257' title='bbox 1231 3151 1356 3215; x_wconf 88' lang='lat' dir='ltr'>babebit.</span> 
     </span>
     <span class='ocr_line' id='line_1_29' title="bbox 148 3253 1355 3336; baseline 0 -20"><span class='ocrx_word' id='word_1_258' title='bbox 148 3255 282 3318; x_wconf 85' lang='lat' dir='ltr'>Deiectus</span> <span class='ocrx_word' id='word_1_259' title='bbox 304 3255 382 3318; x_wconf 90' lang='lat' dir='ltr'>enim</span> <span class='ocrx_word' id='word_1_260' title='bbox 405 3255 559 3330; x_wconf 87' lang='lat' dir='ltr'>librorum,</span> <span class='ocrx_word' id='word_1_261' title='bbox 582 3255 633 3336; x_wconf 89' lang='lat' dir='ltr'>qui</span> <span class='ocrx_word' id='word_1_262' title='bbox 656 3256 818 3318; x_wconf 89' lang='lat' dir='ltr'>secuudum</span> <span class='ocrx_word' id='word_1_263' title='bbox 839 3253 983 3335; x_wconf 88' lang='lat' dir='ltr'>principia</span> <span class='ocrx_word' id='word_1_264' title='bbox 1006 3271 1094 3332; x_wconf 87' lang='lat' dir='ltr'>supra</span> <span class='ocrx_word' id='word_1_265' title='bbox 1113 3273 1142 3334; x_wconf 94' lang='lat' dir='ltr'>p.</span> <span class='ocrx_word' id='word_1_266' title='bbox 1162 3256 1200 3317; x_wconf 90' lang='lat'>16</span> <span class='ocrx_word' id='word_1_267' title='bbox 1218 3273 1282 3334; x_wconf 88' lang='lat' dir='ltr'>sqq.</span> <span class='ocrx_word' id='word_1_268' title='bbox 1305 3274 1355 3316; x_wconf 92' lang='lat' dir='ltr'>ac-</span> 
     </span>
     <span class='ocr_line' id='line_1_30' title="bbox 148 3355 1355 3441; baseline 0.001 -23"><span class='ocrx_word' id='word_1_269' title='bbox 148 3357 274 3420; x_wconf 89' lang='lat' dir='ltr'>curatius</span> <span class='ocrx_word' id='word_1_270' title='bbox 298 3357 439 3441; x_wconf 81' lang='lat' dir='ltr'>explicata</span> <span class='ocrx_word' id='word_1_271' title='bbox 460 3359 649 3438; x_wconf 87' lang='lat' dir='ltr'>recipientur,</span> <span class='ocrx_word' id='word_1_272' title='bbox 672 3357 781 3420; x_wconf 91' lang='lat' dir='ltr'>dudum</span> <span class='ocrx_word' id='word_1_273' title='bbox 803 3359 897 3419; x_wconf 88' lang='lat' dir='ltr'>laetus</span> <span class='ocrx_word' id='word_1_274' title='bbox 920 3365 980 3418; x_wconf 88' lang='lat' dir='ltr'>erat</span> <span class='ocrx_word' id='word_1_275' title='bbox 1003 3365 1152 3434; x_wconf 88' lang='lat' dir='ltr'>autequam</span> <span class='ocrx_word' id='word_1_276' title='bbox 1175 3355 1213 3416; x_wconf 93' lang='lat' dir='ltr'>ad</span> <span class='ocrx_word' id='word_1_277' title='bbox 1228 3357 1355 3436; x_wconf 88' lang='lat' dir='ltr'>primum</span> 
     </span>
     <span class='ocr_line' id='line_1_31' title="bbox 148 3457 1355 3540; baseline 0.001 -21"><span class='ocrx_word' id='word_1_278' title='bbox 148 3459 203 3520; x_wconf 93' lang='lat' dir='ltr'>hoc</span> <span class='ocrx_word' id='word_1_279' title='bbox 223 3459 359 3521; x_wconf 83' lang='lat' dir='ltr'>volumen</span> <span class='ocrx_word' id='word_1_280' title='bbox 383 3461 459 3540; x_wconf 73' lang='lat' dir='ltr'>typis</span> <span class='ocrx_word' id='word_1_281' title='bbox 482 3459 705 3522; x_wconf 83' lang='lat' dir='ltr'>exscribendum</span> <span class='ocrx_word' id='word_1_282' title='bbox 720 3459 918 3536; x_wconf 77' lang='lat' dir='ltr'>accederetur,</span> <span class='ocrx_word' id='word_1_283' title='bbox 940 3475 1034 3537; x_wconf 91' lang='lat' dir='ltr'>aeque</span> <span class='ocrx_word' id='word_1_284' title='bbox 1050 3457 1222 3520; x_wconf 90' lang='lat' dir='ltr'>crediderim</span> <span class='ocrx_word' id='word_1_285' title='bbox 1237 3458 1355 3520; x_wconf 85' lang='lat' dir='ltr'>beatum</span> 
     </span>
     <span class='ocr_line' id='line_1_32' title="bbox 150 3559 1355 3640; baseline -0.001 -17"><span class='ocrx_word' id='word_1_286' title='bbox 150 3559 301 3634; x_wconf 91' lang='lat' dir='ltr'>editorem,</span> <span class='ocrx_word' id='word_1_287' title='bbox 323 3560 394 3622; x_wconf 88' lang='lat' dir='ltr'>licet</span> <span class='ocrx_word' id='word_1_288' title='bbox 413 3560 483 3622; x_wconf 92' lang='lat' dir='ltr'>illud</span> <span class='ocrx_word' id='word_1_289' title='bbox 508 3562 581 3625; x_wconf 69' lang='lat' dir='ltr'>daero</span> <span class='ocrx_word' id='word_1_290' title='bbox 604 3563 649 3624; x_wconf 82' lang='lat' dir='ltr'>die</span> <span class='ocrx_word' id='word_1_291' title='bbox 671 3563 773 3625; x_wconf 75' lang='lat' dir='ltr'>doceri</span> <span class='ocrx_word' id='word_1_292' title='bbox 791 3581 857 3624; x_wconf 89' lang='lat' dir='ltr'>oum</span> <span class='ocrx_word' id='word_1_293' title='bbox 878 3561 1002 3623; x_wconf 78' lang='lat' dir='ltr'>maxime</span> <span class='ocrx_word' id='word_1_294' title='bbox 1022 3559 1057 3620; x_wconf 90' lang='lat' dir='ltr'>ad</span> <span class='ocrx_word' id='word_1_295' title='bbox 1073 3579 1105 3621; x_wconf 90' lang='lat' dir='ltr'>se</span> <span class='ocrx_word' id='word_1_296' title='bbox 1119 3559 1267 3640; x_wconf 89' lang='lat' dir='ltr'>pertinere</span> <span class='ocrx_word' id='word_1_297' title='bbox 1282 3579 1355 3622; x_wconf 90' lang='lat' dir='ltr'>ceu·</span> 
     </span>
     <span class='ocr_line' id='line_1_33' title="bbox 151 3661 1355 3744; baseline 0 -22"><span class='ocrx_word' id='word_1_298' title='bbox 151 3669 229 3724; x_wconf 89' lang='lat' dir='ltr'>seret</span> <span class='ocrx_word' id='word_1_299' title='bbox 251 3671 279 3723; x_wconf 90' lang='lat' dir='ltr'>et</span> <span class='ocrx_word' id='word_1_300' title='bbox 301 3662 336 3723; x_wconf 92' lang='lat' dir='ltr'>de</span> <span class='ocrx_word' id='word_1_301' title='bbox 359 3662 532 3744; x_wconf 91' lang='lat' dir='ltr'>quibusdam</span> <span class='ocrx_word' id='word_1_302' title='bbox 555 3665 631 3725; x_wconf 84' lang='lat' dir='ltr'>torte</span> <span class='ocrx_word' id='word_1_303' title='bbox 652 3664 747 3726; x_wconf 90' lang='lat' dir='ltr'>adbuc</span> <span class='ocrx_word' id='word_1_304' title='bbox 767 3663 913 3726; x_wconf 89' lang='lat' dir='ltr'>dubitaret</span> <span class='ocrx_word' id='word_1_305' title='bbox 933 3661 993 3738; x_wconf 83' lang='lat' dir='ltr'>(vd.</span> <span class='ocrx_word' id='word_1_306' title='bbox 1016 3681 1047 3741; x_wconf 92' lang='lat' dir='ltr'>p.</span> <span class='ocrx_word' id='word_1_307' title='bbox 1062 3663 1137 3738; x_wconf 65' lang='lat' dir='ltr'>bt),</span> <span class='ocrx_word' id='word_1_308' title='bbox 1159 3661 1248 3724; x_wconf 86' lang='lat' dir='ltr'>multa</span> <span class='ocrx_word' id='word_1_309' title='bbox 1270 3662 1355 3723; x_wconf 91' lang='lat' dir='ltr'>dein-</span> 
     </span>
     <span class='ocr_line' id='line_1_34' title="bbox 152 3763 1394 3844; baseline 0 -20"><span class='ocrx_word' id='word_1_310' title='bbox 152 3781 219 3842; x_wconf 88' lang='lat' dir='ltr'>ceps</span> <span class='ocrx_word' id='word_1_311' title='bbox 247 3763 466 3826; x_wconf 89' lang='lat' dir='ltr'>immutaturum</span> <span class='ocrx_word' id='word_1_312' title='bbox 496 3765 598 3827; x_wconf 89' lang='lat' dir='ltr'>luisse.</span> <span class='ocrx_word' id='word_1_313' title='bbox 641 3764 769 3827; x_wconf 77' lang='lat' dir='ltr'>Alterum</span> <span class='ocrx_word' id='word_1_314' title='bbox 798 3763 888 3844; x_wconf 84' lang='lat' dir='ltr'>igitur</span> <span class='ocrx_word' id='word_1_315' title='bbox 913 3764 1052 3825; x_wconf 82' lang='lat' dir='ltr'>uolumen</span> <span class='ocrx_word' id='word_1_316' title='bbox 1080 3763 1147 3843; x_wconf 88' lang='lat' dir='ltr'>ipso</span> <span class='ocrx_word' id='word_1_317' title='bbox 1169 3763 1264 3824; x_wconf 88' lang='lat' dir='ltr'>adhuc</span> <span class='ocrx_word' id='word_1_318' title='bbox 1285 3781 1355 3825; x_wconf 86' lang='lat' dir='ltr'>suu·</span> <span class='ocrx_word' id='word_1_319' title='bbox 1391 3833 1394 3840; x_wconf 49' lang='grc'>,</span> 
     </span>
     <span class='ocr_line' id='line_1_35' title="bbox 154 3864 1359 3945; baseline -0.002 -20"><span class='ocrx_word' id='word_1_320' title='bbox 154 3881 220 3925; x_wconf 88' lang='lat' dir='ltr'>sore</span> <span class='ocrx_word' id='word_1_321' title='bbox 252 3872 338 3942; x_wconf 88' lang='lat' dir='ltr'>atque</span> <span class='ocrx_word' id='word_1_322' title='bbox 367 3874 442 3925; x_wconf 89' lang='lat' dir='ltr'>teste</span> <span class='ocrx_word' id='word_1_323' title='bbox 472 3865 599 3944; x_wconf 90' lang='lat' dir='ltr'>imprimi</span> <span class='ocrx_word' id='word_1_324' title='bbox 627 3875 762 3945; x_wconf 90' lang='lat' dir='ltr'>coeptum</span> <span class='ocrx_word' id='word_1_325' title='bbox 792 3875 821 3926; x_wconf 91' lang='lat' dir='ltr'>et</span> <span class='ocrx_word' id='word_1_326' title='bbox 849 3867 904 3926; x_wconf 91' lang='lat' dir='ltr'>iam</span> <span class='ocrx_word' id='word_1_327' title='bbox 933 3864 968 3925; x_wconf 92' lang='lat' dir='ltr'>ad</span> <span class='ocrx_word' id='word_1_328' title='bbox 996 3864 1085 3925; x_wconf 89' lang='lat' dir='ltr'>linem</span> <span class='ocrx_word' id='word_1_329' title='bbox 1106 3882 1268 3945; x_wconf 90' lang='lat' dir='ltr'>properans</span> <span class='ocrx_word' id='word_1_330' title='bbox 1288 3871 1359 3943; x_wconf 84' lang='lat' dir='ltr'>post</span> 
     </span>
     <span class='ocr_line' id='line_1_36' title="bbox 153 3963 1358 4045; baseline 0 -21"><span class='ocrx_word' id='word_1_331' title='bbox 153 3981 255 4044; x_wconf 86' lang='lat' dir='ltr'>paneas</span> <span class='ocrx_word' id='word_1_332' title='bbox 285 3965 464 4045; x_wconf 87' lang='lat' dir='ltr'>septimanas</span> <span class='ocrx_word' id='word_1_333' title='bbox 492 3965 522 4025; x_wconf 93' lang='lat' dir='ltr'>in</span> <span class='ocrx_word' id='word_1_334' title='bbox 549 3963 643 4026; x_wconf 90' lang='lat' dir='ltr'>lucem</span> <span class='ocrx_word' id='word_1_335' title='bbox 669 3965 816 4044; x_wconf 88' lang='lat' dir='ltr'>prodibit,</span> <span class='ocrx_word' id='word_1_336' title='bbox 847 3983 920 4044; x_wconf 90' lang='lat' dir='ltr'>qnae</span> <span class='ocrx_word' id='word_1_337' title='bbox 946 3963 1058 4044; x_wconf 89' lang='lat' dir='ltr'>reliqua</span> <span class='ocrx_word' id='word_1_338' title='bbox 1079 3973 1147 4027; x_wconf 91' lang='lat' dir='ltr'>sunt</span> <span class='ocrx_word' id='word_1_339' title='bbox 1168 3965 1241 4038; x_wconf 88' lang='lat' dir='ltr'>tria,</span> <span class='ocrx_word' id='word_1_340' title='bbox 1268 3970 1358 4044; x_wconf 89' lang='lat' dir='ltr'>prout</span> 
     </span>
     <span class='ocr_line' id='line_1_37' title="bbox 154 4065 1314 4146; baseline -0.003 -18"><span class='ocrx_word' id='word_1_341' title='bbox 154 4083 199 4128; x_wconf 87' lang='lat' dir='ltr'>res</span> <span class='ocrx_word' id='word_1_342' title='bbox 219 4065 369 4146; x_wconf 88' lang='lat' dir='ltr'>postulare</span> <span class='ocrx_word' id='word_1_343' title='bbox 391 4065 539 4128; x_wconf 85' lang='lat' dir='ltr'>ridebitur</span> <span class='ocrx_word' id='word_1_344' title='bbox 561 4075 591 4126; x_wconf 89' lang='lat' dir='ltr'>et</span> <span class='ocrx_word' id='word_1_345' title='bbox 613 4073 777 4145; x_wconf 90' lang='lat' dir='ltr'>temporum</span> <span class='ocrx_word' id='word_1_346' title='bbox 800 4067 927 4128; x_wconf 88' lang='lat' dir='ltr'>rationes</span> <span class='ocrx_word' id='word_1_347' title='bbox 941 4065 1121 4146; x_wconf 84' lang='lat' dir='ltr'>permittent,</span> <span class='ocrx_word' id='word_1_348' title='bbox 1144 4072 1314 4146; x_wconf 88' lang='lat' dir='ltr'>sequentur.</span> 
     </span>
     <span class='ocr_line' id='line_1_38' title="bbox 234 4165 1357 4249; baseline 0 -22"><span class='ocrx_word' id='word_1_349' title='bbox 234 4166 314 4239; x_wconf 84' lang='lat' dir='ltr'>Quae</span> <span class='ocrx_word' id='word_1_350' title='bbox 345 4169 467 4232; x_wconf 87' lang='lat' dir='ltr'>dicenda</span> <span class='ocrx_word' id='word_1_351' title='bbox 495 4175 607 4230; x_wconf 87' lang='lat' dir='ltr'>restant</span> <span class='ocrx_word' id='word_1_352' title='bbox 636 4165 822 4249; x_wconf 87' lang='lat' dir='ltr'>paucissimis</span> <span class='ocrx_word' id='word_1_353' title='bbox 844 4167 1041 4230; x_wconf 82' lang='lat' dir='ltr'>absolvantur.</span> <span class='ocrx_word' id='word_1_354' title='bbox 1086 4165 1196 4230; x_wconf 83' lang='lat' dir='ltr'>Textus</span> <span class='ocrx_word' id='word_1_355' title='bbox 1220 4166 1357 4230; x_wconf 83' lang='lat' dir='ltr'>editionis</span> 
     </span>
     <span class='ocr_line' id='line_1_39' title="bbox 156 4265 1357 4352; baseline 0 -24"><span class='ocrx_word' id='word_1_356' title='bbox 156 4266 353 4332; x_wconf 79' lang='lat' dir='ltr'>benedictinae</span> <span class='ocrx_word' id='word_1_357' title='bbox 385 4289 476 4352; x_wconf 87' lang='lat' dir='ltr'>opera</span> <span class='ocrx_word' id='word_1_358' title='bbox 504 4269 601 4332; x_wconf 92' lang='lat' dir='ltr'>lacohi</span> <span class='ocrx_word' id='word_1_359' title='bbox 622 4269 729 4350; x_wconf 81' lang='lat' dir='ltr'>Lupini</span> <span class='ocrx_word' id='word_1_360' title='bbox 760 4281 790 4332; x_wconf 88' lang='lat' dir='ltr'>et</span> <span class='ocrx_word' id='word_1_361' title='bbox 816 4270 957 4332; x_wconf 88' lang='lat' dir='ltr'>Bernardi</span> <span class='ocrx_word' id='word_1_362' title='bbox 986 4269 1196 4332; x_wconf 84' lang='lat' dir='ltr'>Moutlaucouii</span> <span class='ocrx_word' id='word_1_363' title='bbox 1224 4265 1357 4330; x_wconf 84' lang='lat' dir='ltr'>Lutetiae</span> 
     </span>
     <span class='ocr_line' id='line_1_40' title="bbox 158 4367 1359 4454; baseline 0.001 -25"><span class='ocrx_word' id='word_1_364' title='bbox 158 4367 331 4433; x_wconf 83' lang='lat' dir='ltr'>Parisionum</span> <span class='ocrx_word' id='word_1_365' title='bbox 359 4375 450 4438; x_wconf 79' lang='lat'><strong>1698.</strong></span> <span class='ocrx_word' id='word_1_366' title='bbox 480 4371 588 4454; x_wconf 89' lang='lat' dir='ltr'>publici</span> <span class='ocrx_word' id='word_1_367' title='bbox 615 4371 689 4434; x_wconf 89' lang='lat' dir='ltr'>iuris</span> <span class='ocrx_word' id='word_1_368' title='bbox 717 4373 808 4434; x_wconf 85' lang='lat' dir='ltr'>laetae</span> <span class='ocrx_word' id='word_1_369' title='bbox 838 4380 894 4434; x_wconf 87' lang='lat' dir='ltr'>tam</span> <span class='ocrx_word' id='word_1_370' title='bbox 917 4382 1051 4434; x_wconf 76' lang='lat' dir='ltr'>accurate</span> <span class='ocrx_word' id='word_1_371' title='bbox 1072 4369 1214 4450; x_wconf 79' lang='lat' dir='ltr'>repetitur</span> <span class='ocrx_word' id='word_1_372' title='bbox 1237 4377 1298 4442; x_wconf 89' lang='lat' dir='ltr'>est,</span> <span class='ocrx_word' id='word_1_373' title='bbox 1325 4376 1359 4430; x_wconf 94' lang='lat' dir='ltr'>ut</span> 
     </span>
     <span class='ocr_line' id='line_1_41' title="bbox 159 4469 1358 4554; baseline -0.003 -21"><span class='ocrx_word' id='word_1_374' title='bbox 159 4479 270 4552; x_wconf 84' lang='lat' dir='ltr'>praeter</span> <span class='ocrx_word' id='word_1_375' title='bbox 288 4473 467 4554; x_wconf 86' lang='lat' dir='ltr'>paucissima</span> <span class='ocrx_word' id='word_1_376' title='bbox 488 4475 567 4548; x_wconf 88' lang='lat' dir='ltr'>loca,</span> <span class='ocrx_word' id='word_1_377' title='bbox 595 4472 646 4536; x_wconf 90' lang='lat' dir='ltr'>ubi</span> <span class='ocrx_word' id='word_1_378' title='bbox 668 4491 757 4554; x_wconf 90' lang='lat' dir='ltr'>quum</span> <span class='ocrx_word' id='word_1_379' title='bbox 778 4473 865 4536; x_wconf 89' lang='lat' dir='ltr'>lectio</span> <span class='ocrx_word' id='word_1_380' title='bbox 886 4491 902 4534; x_wconf 88' lang='lat' dir='ltr'>a</span> <span class='ocrx_word' id='word_1_381' title='bbox 924 4471 1075 4552; x_wconf 82' lang='lat' dir='ltr'>prioribus</span> <span class='ocrx_word' id='word_1_382' title='bbox 1098 4469 1275 4532; x_wconf 87' lang='lat' dir='ltr'>editionibus</span> <span class='ocrx_word' id='word_1_383' title='bbox 1296 4485 1358 4530; x_wconf 88' lang='lat' dir='ltr'>nou</span> 
     </span>
    </p>
   </div>
   <div class='ocr_carea' id='block_1_5' title="bbox 159 4569 1361 4722">
    <p class='ocr_par' dir='ltr' id='par_1_5' title="bbox 159 4569 1361 4722">
     <span class='ocr_line' id='line_1_42' title="bbox 159 4569 1361 4653; baseline -0.005 -19"><span class='ocrx_word' id='word_1_384' title='bbox 159 4571 263 4636; x_wconf 88' lang='lat' dir='ltr'>munito</span> <span class='ocrx_word' id='word_1_385' title='bbox 285 4573 394 4637; x_wconf 87' lang='lat' dir='ltr'>lectore</span> <span class='ocrx_word' id='word_1_386' title='bbox 416 4575 590 4652; x_wconf 87' lang='lat' dir='ltr'>discederet,</span> <span class='ocrx_word' id='word_1_387' title='bbox 612 4577 709 4639; x_wconf 89' lang='lat' dir='ltr'>miuus</span> <span class='ocrx_word' id='word_1_388' title='bbox 733 4577 770 4640; x_wconf 88' lang='lat' dir='ltr'>do</span> <span class='ocrx_word' id='word_1_389' title='bbox 792 4571 996 4640; x_wconf 87' lang='lat' dir='ltr'>emendatione</span> <span class='ocrx_word' id='word_1_390' title='bbox 1011 4572 1197 4653; x_wconf 81' lang='lat' dir='ltr'>cogitandum</span> <span class='ocrx_word' id='word_1_391' title='bbox 1212 4569 1361 4632; x_wconf 86' lang='lat' dir='ltr'>videretur</span> 
     </span>
     <span class='ocr_line' id='line_1_43' title="bbox 1119 4669 1157 4722; baseline 0 -18"><span class='ocrx_word' id='word_1_392' title='bbox 1119 4669 1157 4722; x_wconf 58' lang='lat' dir='ltr'>c*</span> 
     </span>
    </p>
   </div>
   <div class='ocr_carea' id='block_1_6' title="bbox 0 0 1620 5304">
    <p class='ocr_par' dir='ltr' id='par_1_6' title="bbox 0 0 1620 5304">
     <span class='ocr_line' id='line_1_44' title="bbox 0 0 1620 5304; baseline 0 0"><span class='ocrx_word' id='word_1_393' title='bbox 0 0 1620 5304; x_wconf 95' lang='lat' dir='ltr'> </span> 
     </span>
    </p>
   </div>
  </div>
 </body>
</html>
