3176 5304
210 349 255 414 94
609 363 634 404 ε.
650 359 817 404 ιτειιιιειι
814 357 1042 404 ιεοοιεειεοονι

124 529 203 574 ευειι
212 511 429 599 ἐγενήθησαν·
451 501 550 584 αῦτὸς
572 505 763 586 ἐνετείλατο,
788 507 843 572 καὶ
866 504 1067 592 ἐκτίσθησαν
1076 507 1106 582 ¹)
1144 508 1196 581 τίς
1209 508 1322 570 τοίνυν
1337 502 1437 584 ἐστίν,
1500 557 1505 568 .

211 601 240 699 ᾧ
261 606 279 676 6
302 607 383 686 θεὸς
405 605 637 687 ένετείλατο,“
622 631 677 672 ινα
697 609 751 672 καλ
776 594 872 684 οῦτος
892 607 1034 692 κτισθῇ,·
1065 597 1207 670 ελναι
1171 627 1232 689 γαρ
1255 604 1308 668 δεῖ
1328 603 1436 689 λόγον,

211 702 239 799 ᾧ
267 711 451 778 ἐντέλλεται
479 703 617 785 όθεός,
641 709 697 810 καὶ
720 695 806 774 έν
776 733 804 826 ην
826 705 869 773 τὰ
892 705 1066 794 ποιήματα
1087 704 1239 784 κτίζεται.
1286 698 1355 770 ἀλλ’
1380 700 1439 772 οῦκ

211 806 251 880 όν
275 811 380 894 έχοιτε
402 809 548 888 δεῖξαι”
531 832 641 893 ετερον
663 795 757 894 ’παρ’
784 806 820 874 όν
843 802 1003 894 ἆρνεῖσθε
1025 804 1131 890 λόγον,
1157 805 1186 871 εἰ
1207 805 1252 892 μὴ
1275 801 1341 928 ἄρα
1361 805 1438 874 τινόι

210 911 355 980 πόλιν”
338 934 466 978 εννοιαν
489 906 695 997 ἐπινοὴσητε.
740 907 796 974 ναὶ
815 907 889 1032 γάρ,
911 907 1091 996 φήσουσιν,
1116 902 1268 1026 εῦρομεν·
1290 902 1330 992 ἡν
1352 930 1438 975 ποτε

212 1012 372 1100 λεγόντων
399 1015 456 1078 καὶ
483 1014 549 1076 τιῦν
577 1013 657 1094 περί
678 1005 841 1096 Εῦσέβιον
867 1006 1009 1094 ἤκουσα·
1040 1005 1097 1074 διὰ
1125 1010 1223 1074 τοῦτο
1246 1008 1349 1074 πλέον
1369 1010 1436 1076 τιῦν

213 1113 363 1182 ῦλλων”
345 1137 428 1196 εχειν
449 1110 507 1180 τὸν
529 1115 587 1177 τοῦ
609 1113 695 1178 θεοῦ
718 1109 799 1189 υἱόν,
822 1112 876 1176 καί
899 1110 1057 1194 λέγεσθαι
1077 1111 1236 1196 μονογενῆ
1251 1112 1367 1175 τοῦτον
1383 1133 1438 1177 νο-

212 1215 357 1300 μίζομεν,
383 1211 498 1299 έπειδὴ
520 1211 621 1295 μόνος
641 1213 702 1296 μέν
685 1205 825 1288 ναῦτός
845 1215 973 1294 μετέχει
993 1211 1052 1332 τοῦ
1074 1208 1211 1296 πατρός,
1234 1205 1332 1275 τὰδ
1353 1205 1438 1278 ἀλλὰ

213 1314 324 1382 πάντα
345 1316 404 1380 τοῦ
426 1314 499 1380 υίοῦ
522 1319 658 1397 μετέχει
704 1311 882 1397 κεκμήκασι
910 1311 970 1394 μέν
993 1299 1050 1375 οῦν
1072 1308 1133 1397 ἤδη
1155 1311 1439 1395 μεταβαλλόμενοι

211 1419 267 1484 ιιαλ
288 1413 571 1501 μεταλλάσσοντες
598 1412 641 1479 τό
662 1407 839 1499 ῥήματαί
813 1437 859 1489 ως
880 1410 922 1476 τὰ
941 1408 1115 1495 χρώματα·
1145 1410 1438 1536 δειχθησοπαιιλλ

214 1514 304 1602 ὅμως
325 1520 379 1584 καί
402 1510 577 1594 1ὀιί”τως“
553 1539 597 1593 ως
620 1513 652 1580 06
675 1512 710 1580 ἐκ
731 1517 789 1600 τῆς
809 1515 885 1599 γῆς2
886 1525 895 1592 γ
917 1512 1179 1598 κενολογοῦντες,
1209 1515 1263 1578 καί
1286 1511 1438 1597 κυλιόμε-

213 1642 267 1688 νοι
289 1613 334 1696 (ῦς
356 1617 390 1684 ἐν
410 1616 562 1704 βορβόρῳ
584 1625 659 1692 ταῖς
682 1613 784 1692 ι’δίαις
805 1613 956 1690 ἐννοίαις.

301 1726 349 1786 10.
394 1716 437 1784 El
457 1718 517 1802 μέν
539 1714 600 1801 γὰρ
624 1714 747 1794 ἐκεῖνος
768 1715 828 1799 μέν
849 1717 907 1780 τοῦ
923 1715 1007 1781 θεοῦ
1023 1710 1104 1792 υλός,
1127 1709 1223 1800 ἡμεῖς
1239 1714 1275 1780 δέ
1289 1716 1348 1780 ’τοῦ
1363 1713 1437 1780 οἱοῦ

213 1820 280 1886 υίολ
303 1817 527 1902 οκαλούμεθα,
551 1813 702 1882 πιθανὸν
724 1805 764 1900 ἡν
786 1810 894 1882 αῦτιῦν
916 1814 955 1880 τὸ
977 1811 1135 1897 πλάσμα·
1165 1814 1194 1882 εί
1217 1815 1253 1880 δέ
1273 1817 1332 1880 τοῦ
1354 1817 1438 1882 θεοῦ
1472 1827 1476 1833 ’

212 1924 265 1990 καί
288 1916 383 2006 ἡμεῖς
405 1917 469 1983 υἱοὶ
493 1915 668 2002 λεγόμεθα,
693 1905 732 1982 οῦ
752 1919 807 1983 καί
830 1913 930 1994 αὐτός
952 1914 1042 1982 ἐστιν
1064 1913 1145 1993 υἱός,
1169 1914 1289 2002 ’ῑδὴλσν
1311 1910 1364 1981 ὅτι
1384 1919 1440 1982 καὶ
1544 2002 1546 2008 ¹

211 2018 306 2108 ἡμεῖς
338 2020 396 2084 τοῦ
429 2015 558 2104 πατρὸς
589 2023 765 2103 μετέχομεν
797 2021 856 2084 τοῦ
889 2019 1057 2102 λέγοντος·
1091 2015 1183 2094 υἱοὺς
1211 2015 1365 2103 ἐγέννησα
1385 2019 1438 2084 καὶ

211 2118 374 2206 ῦψωσαἿ.
420 2118 450 2186 εἰ
469 2117 515 2206 μὴ
536 2118 597 2204 γὰρ
619 2125 809 2203 μετείχομεν
833 2112 949 2196 αὐτοῦ,
975 2110 1032 2182 οῦκ
1055 2117 1178 2202 ἔλεγεν·
1208 2116 1370 2204 ἐγέννησα.
1410 2119 1439 2185 εί

213 2221 250 2289 δέ
273 2214 372 2298 αῦτὸς
394 2219 575 2306 ἐγέννησεν,
598 2214 657 2302 οόχ
680 2219 790 2305 ἕτερος
812 2212 881 2287 ἀλλ’
906 2212 1006 2296 αὐτὸς
1027 2213 1120 2304 ἡμῶν
1143 2215 1215 2284 ἐστι
1236 2218 1361 2306 πατήρ·
1383 2223 1437 2286 καὶ

213 2317 251 2390 οῦ
286 2323 438 2408 διαφέρει
470 2320 590 2401 πόλιν,
629 2321 659 2388 εἰ
686 2323 789 2387 πλέον
818 2319 940 2398 ἐκεῖνος
969 2319 1035 2402 ἔχει
1061 2321 1118 2384 καί
1137 2321 1272 2405 πρῶτον
1293 2325 1439 2406 γέγονεν·

211 2419 307 2510 ἡμεῖς
329 2423 365 2488 δὲ
388 2423 417 2489 εί
440 2422 584 2502 ἔλαττον,
607 2425 661 2488 καὶ
683 2417 820 2508 ὕστερον
841 2420 1026 2508 γεγόναμεν,
1050 2419 1112 2498 ἕως
1126 2423 1186 2485 τοῦ
1201 2414 1302 2488 αῦτοῦ
1317 2421 1440 2502 πάντες

212 2529 388 2610 μετέχομεν
410 2525 464 2589 καὶ
486 2525 545 2587 τοῦ
568 2516 669 2588 αῦτοῦ
691 2522 820 2610 πατρὸς
842 2524 908 2590 υἱοὶ
931 2518 1105 2607 λεγόμεθα.
1136 2520 1174 2586 τὸ
1189 2519 1250 2608 γὰρ
1266 2523 1369 2589 πλέον
1383 2525 1438 2589 καί

213 2625 348 2693 έλαττον
372 2618 410 2690 οῦ
432 2622 490 2711 τὴν
513 2622 614 2711 φύσιν
637 2621 738 2710 όλλην
761 2625 940 2692 δείκνυσιν·
964 2619 1091 2708 ἑκάστῳ
1112 2621 1174 2708 γὰρ
1197 2625 1255 2702 τῦς
1277 2618 1396 2711 ἀρετῆς
1417 2619 1437 2712 ἡ

212 2728 334 2814 πρᾶξις
355 2727 453 2790 τοῦτο
475 2730 694 2810 προςτίθησι·
721 2727 775 2791 καί
799 2721 817 2792 6
838 2728 899 2809 μίν
922 2725 978 2792 έπλ
1002 2725 1080 2790 δέκα
1101 2722 1250 2805 πόλεων,
1282 2719 1299 2790 6
1322 2726 1358 2791 δέ
1381 2723 1438 2792 ἐπὶ

212 2834 312 2896 πέντε
339 2829 588 2906 καθίσταταιῆ·
616 2829 670 2892 καὶ
700 2826 733 2892 ολ
758 2828 818 2910 μέν
846 2827 1046 2907 καθέζονται
1068 2824 1124 2892 ἐπὶ
1148 2824 1274 2892 δώδεκα
1294 2821 1441 2912 θρόνους

211 2934 376 3014 κρίνοντες
397 2925 457 3008 τὰς
479 2926 606 2993 δώδεκα
630 2925 737 3014 φυλὰς
758 2931 817 2992 τοῦ
836 2922 1011 3016 Ἰσραὴλὸ),
1036 2927 1070 2993 ολ
1092 2927 1128 2993 δὲ
1152 2921 1324 2994 ἇκσόουσι·
1348 2928 1440 2995 δεῦτε

213 3029 246 3096 σί
268 3024 479 3117 εὐλογημένοι
501 3032 558 3095 τοῦ
581 3027 710 3114 πατρός
729 3050 811 3112 μου·
834 3035 904 3096 καί·
928 3018 963 3095 εὖ
985 3029 1083 3096 δοῦλε
1105 3023 1213 3114 δγαθὲ
1231 3033 1285 3096 καὶ
1299 3033 1438 3111 πιστέἽ.

210 3133 350 3196 τοιαῦτα
371 3133 431 3214 μέν
455 3119 511 3198 οῦν
535 3129 654 3198 έκεῖνοι
676 3120 874 3217 φρονοῦντες
901 3128 1035 3208 εἰκότως
1051 3129 1273 3217 φαντάζονται
1286 3129 1439 3196 τοιοῦτον

212 3228 286 3293 υἱοῦ
315 3225 366 3295 ἅεί
395 3229 440 3314 μὴ
470 3227 556 3298 εἶναι
576 3231 634 3298 τὸν
655 3232 739 3299 θεὸν
762 3237 905 3316 πατέρα,
934 3231 1017 3318 μηδὲ
1039 3230 1098 3298 τὸν
1119 3233 1270 3297 τοιοῦτον
1293 3231 1363 3297 υἱὸν
1386 3226 1437 3298 ἀεὶ

16 3371 23 3383 ·
127 3321 315 3406 εκτελναι,
346 3323 415 3392 ἀλλ’
440 3327 477 3406 ἐξ
504 3326 561 3394 οῦκ
591 3330 695 3397 όντων
722 3338 843 3415 κτίσμα
872 3334 1086 3418 γεγενῆσθαι,
1110 3331 1229 3420 καὶμὴ
1253 3326 1337 3398 εἶναι
1358 3333 1438 3417 πρίν

212 3431 370 3515 γεννηθῇ·
394 3425 493 3504 ἄλλος
514 3428 575 3513 γάρ
598 3429 688 3496 ἐστιν
710 3421 807 3508 οὗτος
829 3431 922 3518 παρὰ
942 3429 1003 3498 τόν
1016 3425 1179 3518 ἀληθινὸν
1189 3436 1248 3498 τοῦ
1261 3436 1343 3500 θεοῦ
1356 3430 1437 3498 υλόν.

213 3527 328 3615 ἐπειδὴ
352 3528 514 3594 δὲταῦτα
536 3529 640 3612 λέγειν
663 3531 713 3598 ἔτι
733 3530 870 3611 τούτους
892 3527 950 3598 οῦκ
973 3532 1062 3600 ἐστιν
1086 3528 1206 3620 εὐαγές,
1230 3535 1356 3618 μᾶλλον
1377 3533 1439 3619 γὰρ

211 3629 446 3695 Σαδδουκαίων
468 3631 522 3694 καὶ
545 3633 603 3694 τοῦ
620 3635 841 3715 Σαμοσατέως
863 3633 933 3700 ἐστὶ
956 3633 1115 3700 ταῦτατὸ
1138 3634 1308 3723 φρόνημα·
1331 3636 1441 3702 λείπει

212 3728 278 3816 ἄρα
298 3728 381 3796 κατὰ
403 3729 461 3815 τὴν
484 3729 596 3816 ἑτέραν
620 3729 785 3813 διάνοιαν,
808 3729 885 3799 καθ’
909 3733 948 3820 ἡν
967 3729 1074 3824 Ἰσαὰκ
1095 3739 1154 3802 τοῦ
1174 3731 1327 3823 Ἀβραάμ
1350 3735 1438 3802 ἐστιν

211 3829 299 3912 υίός,
330 3833 434 3916 λέγειν
465 3825 625 3898 εἶναικαὶ
648 3830 785 3899 τόντοῦ
807 3838 891 3900 θεοῦ
915 3833 1002 3901 υἱόν·
1025 3834 1147 3923 τὸγὰρ
1171 3837 1205 3903 ἐκ
1226 3863 1317 3917 τινος
1340 3835 1440 3925 φύσει

210 3931 411 4018 γεννώμενον
439 3935 492 3999 καί
521 3932 566 4054 μὴ
595 3919 758 4013 έξωθεν’
745 3934 967 4019 επικτιῦμενον
990 3935 1061 4004 υἱὸν
1085 3932 1214 4059 0666‘
1196 3965 1215 4024 6
1240 3940 1355 4026 φύσις,
1384 3939 1439 4004 καὶ
1484 3951 1486 3954 ’

211 4035 309 4100 τοῦτο
332 4037 390 4099 τοῦ
413 4027 577 4117 ὀνόματός
599 4035 730 4102 ἔστιτὸ
754 4037 1004 4125 σημαινόμενον·
1050 4028 1098 4126 ἆρ’
1125 4029 1181 4104 οῦν
1205 4034 1440 4119 ἀνθρωποπο-

211 4130 318 4220 θὴς“
299 4161 319 4221 6
342 4137 400 4200 τοῦ
423 4134 496 4199 υἱοῦ
519 4141 684 4221 γέννησις,
717 4141 815 4204 τοῦτο
838 4138 898 4226 γὰρ
922 4140 1005 4217 ίσως
1026 4163 1087 4204 κατ
1085 4134 1254 4213 ’ἐκείνους
1274 4161 1328 4202 και
1318 4133 1439 4204 αὐτοὶ

231 4302 237 4310 “
281 4303 305 4358 n
324 4303 386 4355 Ρεελ.
407 4304 438 4354 33
458 4300 510 4368 [32.
530 4301 617 4368 Lxx]
635 4307 659 4354 9.
743 4263 955 4369 6166331.
1026 4307 1164 4366 3)Εεε.1,
1183 4306 1206 4354 2.
1277 4307 1303 4366 4)
1321 4307 1377 4354 Luc.
1399 4307 1437 4364 19

213 4371 252 4420 17.
274 4371 312 4422 19.
382 4372 407 4433 5)
426 4373 505 4421 Μκιιο
528 4373 566 4432 19,
586 4371 626 4421 28.
697 4375 721 4432 6)
741 4375 821 4424 Malus
840 4376 880 4435 25,
890 4351 941 4423 ⁴:³4
959 4383 982 4422 ει
1000 4374 1041 4423 29

246 4503 266 4538 ι.
285 4491 342 4550 Reg.
368 4483 448 4568 παρὰ
475 4483 522 4536 τόν
547 4479 683 4555 όρνεῖσθε.
734 4491 799 4539 Idem
885 4491 908 4537 b.
929 4490 984 4550 Reg
1005 4481 1091 4543 οῦτωε
1109 4481 1146 4542 (ῦς
1164 4481 1198 4540 οἱ.
1226 4491 1270 4540 Alii
1291 4499 1315 4540 ει
1332 4481 1438 4542 εδίιίῶς

214 4542 378 4620 ρκσλοροε1’
363 4553 493 4619 ηνντοτέ,
511 4559 636 4610 mendose.
851 4557 970 4606 omittunt.
