3236 5286
601 349 710 394 orario
726 351 746 394 r.
763 351 880 396 correi
894 351 1028 396 munos.
1365 337 1424 405 l99

198 499 269 564 bum
290 500 352 562 sire
374 499 532 562 Rationem
559 510 682 580 negant,
708 501 778 562 binc
803 501 877 564 nihil
904 503 992 566 etiam
1020 505 1145 568 rationis
1173 515 1222 570 eat
1250 507 1282 568 in
1303 507 1513 572 illorumruso.

198 601 380 683 quaestione.
426 601 464 662 Ut
486 601 564 664 enim
586 603 612 663 si
635 603 702 683 quis
724 603 817 696 solem
839 603 988 684 aspiciens
1011 605 1048 666 de
1070 605 1229 686 splendore
1247 609 1313 671 eius
1328 627 1422 690 quae·

197 711 277 764 reret
298 721 333 764 ac
354 703 479 765 diceret:
510 705 575 778 „dn
604 705 653 784 qui
676 713 738 778 est,
773 705 962 784 splendorem
985 723 1052 766 cum
1074 725 1135 766 non
1157 717 1239 769 osset
1259 711 1344 784 lecit,
1373 721 1424 774 aut

199 804 277 883 „qui
301 803 357 864 iam
380 802 514 865 esset?“
542 805 713 886 utinquam
735 807 761 868 is
783 823 845 866 non
868 805 989 884 sapiens
1012 805 1067 865 sed
1090 805 1217 868 stolidus
1239 809 1422 874 existimare·

198 915 259 978 tur,
289 905 356 984 quia
379 906 585 985 splendorem,
615 907 665 986 qui
688 913 736 968 est
757 925 794 966 ex
816 905 897 977 luce,
920 912 1101 986 extraneum
1123 905 1173 966 ille
1195 907 1317 986 fingeret
1337 921 1367 972 et
1387 913 1424 974 do

197 1009 248 1071 illo
270 1015 436 1088 quaereret,
459 1007 587 1086 quaudo,
610 1005 671 1078 ubi,
694 1025 761 1068 cum
784 1014 814 1066 et
835 1006 929 1066 lactus
952 1023 990 1066 ne
1013 1014 1109 1080 esset;
1140 1007 1186 1070 sic
1206 1026 1279 1070 sane
1300 1011 1350 1088 qui
1371 1011 1427 1076 ista

199 1110 235 1172 de
257 1109 333 1170 Filio
358 1117 388 1170 et
407 1109 494 1170 Patre
517 1107 628 1188 cogitet
649 1107 758 1186 quique
780 1105 820 1167 ita
842 1107 1025 1187 interrogat,
1050 1107 1142 1170 multo
1166 1107 1334 1172 dementior
1355 1129 1427 1172 een-

199 1211 309 1273 sendus
333 1217 390 1285 est,
413 1209 522 1290 qnippe
545 1209 595 1288 qui
617 1207 757 1280 Verbum,
780 1207 860 1286 quod
883 1227 919 1270 ex
934 1208 1020 1270 Patre
1044 1217 1101 1283 est,
1124 1217 1283 1282 externum
1304 1211 1363 1292 ipsi
1379 1211 1426 1274 in-

197 1312 293 1386 ducat,
316 1311 414 1392 idque,
438 1311 517 1391 quod
540 1319 645 1372 natura
668 1317 715 1370 est
735 1309 876 1388 genitum,
901 1317 1039 1390 tanquam
1061 1311 1131 1391 quid
1153 1314 1262 1374 lactum
1286 1313 1428 1377 exbibens

197 1413 288 1475 dicat:
317 1412 384 1473 Non
412 1413 468 1474 luit
495 1421 655 1491 antequam
683 1419 866 1472 nasceretur.
910 1412 1019 1472 Verum
1051 1412 1080 1473 id
1109 1413 1195 1474 etiam
1224 1413 1366 1494 responsi
1390 1415 1427 1478 ad

197 1533 240 1589 ea,
263 1532 338 1594 qnae
360 1515 633 1594 interrogaverunt,
657 1511 816 1591 accipiant:
838 1511 941 1586 Pater,
964 1511 1014 1592 qui
1037 1521 1099 1586 est,
1120 1513 1243 1589 Filium,
1276 1515 1325 1596 qui
1350 1525 1423 1592 erat,

197 1616 275 1678 lecit.
320 1615 393 1678 Nam
419 1615 546 1678 Verbum
575 1634 648 1678 coro
670 1616 869 1694 factumest,
904 1621 935 1674 et
961 1633 1027 1676 cum
1053 1615 1119 1693 ipse
1146 1625 1226 1678 esset
1247 1617 1337 1681 Filius
1359 1619 1424 1691 Ilei,

197 1734 264 1777 eum
288 1717 318 1776 in
340 1717 398 1776 line
421 1715 607 1777 saeculorum
628 1714 698 1776 lecit
720 1713 812 1775 lilium
834 1713 979 1788 hominis;
1012 1715 1071 1778 nisi
1092 1717 1170 1778 sorte
1192 1735 1259 1778 cum
1282 1719 1425 1799 Samosa-

199 1817 276 1876 tensi
297 1815 507 1894 respondeant,
529 1814 612 1876 iilum
632 1833 694 1876 non
715 1813 799 1894 prius
821 1815 913 1876 luisse
935 1835 1022 1894 quam
1045 1817 1136 1878 borno
1158 1817 1252 1879 lieret.
1296 1819 1333 1880 Et
1353 1821 1426 1884 baec

202 1915 319 1992 quidem
341 1915 415 1976 satis
439 1915 500 1976 sint
520 1915 556 1976 ad
578 1915 703 1993 primam
726 1915 841 1977 illorum
863 1917 1137 1996 interrogationem.

287 2016 337 2078 26.
384 2015 443 2076 Vos
466 2023 572 2088 autern,
597 2034 615 2076 o
637 2016 747 2090 Ariani,
770 2017 907 2096 proprias
930 2026 1043 2080 vestras
1066 2021 1185 2082 ronulas
1207 2020 1352 2082 memoria
1373 2039 1424 2083 re·

199 2122 351 2210 petentes,
380 2115 468 2176 nobis
491 2115 547 2178 iarn
570 2117 824 2198 interrogantibus
847 2117 1043 2198 respondete!
1088 2119 1145 2192 Qui
1169 2130 1234 2196 est,
1257 2139 1351 2194 eone,
1374 2121 1424 2202 qui

198 2233 259 2278 non
283 2225 355 2308 erat,
378 2217 533 2297 indigebat,
556 2227 588 2281 ut
608 2239 659 2281 res
683 2239 790 2282 omnes
813 2229 995 2299 procrearet,
1018 2239 1055 2282 an
1078 2221 1193 2296 eodem,
1216 2224 1354 2300 numiam
1372 2243 1423 2286 es·

197 2327 252 2392 set,
275 2337 350 2397 opus
372 2317 497 2382 babuit?
540 2320 659 2382 Dixistis
682 2321 763 2382 enim
779 2321 898 2382 Patrem
920 2339 956 2382 ex
978 2321 1068 2384 nibilo
1090 2323 1197 2386 Filium
1212 2323 1268 2386 sibi
1284 2335 1424 2405 tanquam

196 2419 422 2482 instrumentum
444 2439 654 2500 comparasse,
686 2429 719 2481 ut
746 2439 801 2500 per
829 2441 896 2482 eum
925 2422 1024 2484 omnia
1051 2425 1190 2488 efficeret.
1235 2426 1310 2498 Quis
1334 2426 1424 2506 igitur

191 2522 390 2602 praestantior
412 2521 481 2584 est?
526 2522 595 2586 isne
617 2521 668 2599 qui
690 2521 819 2600 indiget,
853 2541 889 2584 an
918 2523 968 2604 qui
997 2525 1187 2603 indigentiam
1216 2524 1336 2604 expleti
1379 2527 1425 2586 An

191 2623 278 2686 ambo
300 2641 376 2702 quae
399 2621 458 2682 sibi
481 2623 591 2682 desunt
612 2629 715 2683 mutuo
738 2622 988 2686 subministrant?
1032 2625 1105 2687 Nam
1133 2645 1201 2687 cum
1230 2625 1287 2686 ista
1316 2624 1425 2696 dicitis,

195 2722 276 2792 eius,
298 2722 350 2800 qui
371 2722 604 2781 instrumentum
626 2720 684 2780 sibi
705 2722 853 2796 adhibuit,
876 2723 1107 2786 imbecillitatem
1131 2724 1299 2804 evidentius
1321 2733 1426 2784 osten·

197 2820 277 2891 ditis,
299 2819 325 2878 si
348 2837 455 2896 nempe
480 2817 562 2878 solus
585 2820 682 2882 omnia
704 2841 764 2882 non
787 2825 919 2902 potuerit
941 2825 1070 2897 ellicere,
1093 2825 1147 2886 sed
1163 2822 1348 2884 extrinsecus
1370 2839 1427 2900 pa-

197 2918 307 2980 raverit
328 2917 386 2978 sibi
408 2919 652 2994 instrumentum,
681 2922 770 2982 veluti
798 2921 881 2982 iaber
903 2923 1021 3002 qnidam
1043 2931 1095 2984 aut
1115 2921 1235 2982 navium
1258 2921 1427 2994 fabricator,

199 3017 250 3097 qui
273 3017 345 3078 nibil
367 3018 432 3079 sine
455 3019 553 3079 securi
574 3029 603 3080 et
625 3039 709 3082 serra
730 3032 843 3099 queunt
864 3023 989 3084 efficere.
1025 3023 1109 3094 Quae
1124 3020 1220 3081 maior
1240 3015 1337 3100 possit
1358 3015 1427 3082 esse

147 3123 156 3142 “
199 3116 360 3198 impietas?
404 3119 454 3180 Vel
478 3119 548 3198 qnid
570 3121 618 3182 bic
640 3120 751 3182 diutius
773 3121 954 3193 insistimus,
976 3121 1061 3199 quasi
1076 3121 1150 3183 baec
1165 3129 1265 3182 essent
1287 3120 1422 3198 difficilia,

199 3237 264 3282 cum
289 3237 323 3280 ex
344 3219 401 3293 bis,
424 3237 500 3298 quae
523 3221 776 3299 supradiximus,
800 3219 996 3282 clarissimum
1020 3221 1067 3295 sit,
1090 3240 1170 3284 mera
1185 3221 1300 3284 illorum
1315 3223 1422 3287 mentis

195 3327 360 3382 commenta
390 3339 456 3382 esse
483 3339 677 3402 quaecunque
704 3320 888 3402 proterunt?
929 3321 971 3384 lu
1000 3321 1117 3385 alteram
1152 3333 1248 3386 autem
1276 3325 1422 3387 insulsam

193 3421 352 3482 admodum
374 3420 552 3501 stultamque
575 3441 679 3486 eorum
702 3423 919 3504 quaestionem,
943 3442 1031 3502 qnam
1044 3433 1214 3505 proponunt
1228 3425 1421 3510 muliercrdis,

193 3522 266 3584 nibil
295 3541 414 3602 quoque
446 3523 524 3585 aliud
546 3525 731 3605 respondere
754 3531 922 3604 oporteret,
957 3543 1043 3604 quam
1071 3545 1146 3606 quae
1175 3545 1266 3607 supra
1294 3524 1421 3588 anobis

194 3622 251 3683 iam
273 3631 342 3684 sunt
365 3622 451 3696 dieta,
474 3642 582 3704 nempe
603 3643 664 3686 non
687 3625 794 3686 debere
816 3643 872 3686 nos
896 3625 1027 3700 modum,
1050 3646 1110 3707 quo
1132 3628 1213 3689 Deus
1236 3627 1339 3706 gignit,
1363 3625 1421 3686 bo-

193 3723 305 3784 minum
328 3731 431 3786 natura
452 3725 560 3787 metiri.
606 3727 644 3788 Ut
664 3734 762 3789 umen
785 3727 873 3788 etiarn
894 3727 943 3788 bic
963 3745 998 3791 se
1020 3727 1104 3806 ipsos
1120 3735 1262 3804 cogantur
1277 3725 1420 3786 condem·

194 3841 280 3897 nare,
308 3823 386 3885 baud
408 3824 444 3885 ab
467 3843 500 3886 re
522 3827 596 3902 erit,
624 3847 660 3890 ex
681 3829 744 3901 bis,
773 3845 849 3906 quae
870 3827 929 3905 ipsi
950 3835 1141 3904 proponunt,
1173 3825 1232 3886 illis
1253 3823 1311 3888 boc
1332 3823 1422 3884 modo

230 4023 251 4057 e.
269 4009 368 4070 signer.
387 4007 486 4058 Gobler.
510 4014 534 4057 et
553 4007 659 4056 Fetolm.
677 4007 699 4055 l.
722 3999 784 4053 otto
868 4009 892 4056 b.
910 4007 1012 4069 Segoer.
1029 4009 1125 4060 Gobler.
1144 4017 1168 4060 et
1185 4009 1290 4060 Felclm·
1302 4008 1324 4059 l.
1342 4019 1424 4056 κατα-

195 4065 351 4142 ἇνθρῶπου.
380 4075 441 4124 britti
459 4066 521 4120 υἱὸν
530 4065 616 4120 αὐτὸν
624 4063 783 4137 ἀνθρώπου.
836 4067 1019 4130 σκευάζοντας.

229 4143 245 4191 l.
263 4143 362 4204 Segner.
381 4135 524 4207 ῥηματίων
540 4133 655 4189 τούτων.
685 4139 784 4191 Gobler.

195 4201 695 4340 ⁸⁸{gp-sggpffnggfngm,
712 4275 734 4325 1,
760 4281 784 4325 η
834 4169 1423 4310 ntlttft.tttdttttittil⁰ltt

194 4343 252 4406 beu·
286 4343 347 4393 Editi
364 4346 393 4391 tl
407 4345 481 4396 τίνος
498 4329 547 4391 adv
563 4335 677 4394 dorsete.
707 4342 781 4392 i'anlo
832 4301 1004 4380 gemm·
1056 4393 1069 4408 .

194 4420 252 4474 9⁰¹2
269 4412 369 4473 Segner.
386 4412 484 4478 χρείαν
501 4401 683 4478 ἀποπληροῦν.
720 4409 780 4460 ibid.
866 4395 890 4445 ks
906 4397 1007 4458 Sagner.
1025 4389 1091 4445 datr.

193 4477 257 4527 idem
275 4479 374 4542 ΜΝ·
386 4479 483 4532 ⁶⁰¹³¹“·
502 4489 523 4530 ⁰¹
534 4481 639 4530 ΝΜ·
652 4480 672 4528 ¹·
687 4469 781 4544 ἆμφό·
866 4478 883 4528 ¹·
901 4479 942 4528 sto
958 4479 1058 4540 Secum·
1076 4479 1134 4556 fleg.
1152 4475 1225 4526 ltmtl.
1244 4483 1268 4525 ot
1286 4472 1422 4525 roteland.

194 4557 267 4610 τερα.
303 4546 365 4598 Editi
382 4561 437 4599 raro
456 4555 480 4598 at
495 4548 538 4598 alii
556 4537 720 4614 dpqo'npot.
833 4545 860 4596 ιη
879 4545 949 4597 effigi,
967 4545 1036 4596 dmg
1053 4555 1152 4593 mm·
