<?xml version="1.0" encoding="UTF-8"?>
<!DOCTYPE html PUBLIC "-//W3C//DTD XHTML 1.0 Transitional//EN"
    "http://www.w3.org/TR/xhtml1/DTD/xhtml1-transitional.dtd">
<html xmlns="http://www.w3.org/1999/xhtml" xml:lang="en" lang="en">
 <head>
  <title>
</title>
<meta http-equiv="Content-Type" content="text/html;charset=utf-8" />
  <meta name='ocr-system' content='tesseract 3.04.00' />
  <meta name='ocr-capabilities' content='ocr_page ocr_carea ocr_par ocr_line ocrx_word'/>
</head>
<body>
  <div class='ocr_page' id='page_1' title='image "./sanctiathanasii00athagoog_0846.png"; bbox 0 0 3094 5318; ppageno 0'>
   <div class='ocr_carea' id='block_1_1' title="bbox 463 357 1281 422">
    <p class='ocr_par' dir='ltr' id='par_1_1' title="bbox 463 357 1281 422">
     <span class='ocr_line' id='line_1_1' title="bbox 463 357 1281 422; baseline 0.004 -5"><span class='ocrx_word' id='word_1_1' title='bbox 463 373 608 418; x_wconf 80' lang='lat' dir='ltr'>rrtsroca</span> <span class='ocrx_word' id='word_1_2' title='bbox 624 373 662 416; x_wconf 78' lang='lat' dir='ltr'>tv.</span> <span class='ocrx_word' id='word_1_3' title='bbox 684 373 720 415; x_wconf 79' lang='lat' dir='ltr'>an</span> <span class='ocrx_word' id='word_1_4' title='bbox 743 371 937 415; x_wconf 79' lang='lat' dir='ltr'>ssmrronau.</span> <span class='ocrx_word' id='word_1_5' title='bbox 1223 357 1281 422; x_wconf 85' lang='lat'>801</span> 
     </span>
    </p>
   </div>
   <div class='ocr_carea' id='block_1_2' title="bbox 20 523 1368 1612">
    <p class='ocr_par' dir='ltr' id='par_1_2' title="bbox 20 523 1368 1612">
     <span class='ocr_line' id='line_1_2' title="bbox 34 523 1366 608; baseline -0.005 -14"><span class='ocrx_word' id='word_1_6' title='bbox 34 551 146 604; x_wconf 84' lang='lat' dir='ltr'>cere,</span> <span class='ocrx_word' id='word_1_7' title='bbox 183 531 343 600; x_wconf 72' lang='lat' dir='ltr'>hominen,</span> <span class='ocrx_word' id='word_1_8' title='bbox 372 531 425 608; x_wconf 82' lang='lat' dir='ltr'>qui</span> <span class='ocrx_word' id='word_1_9' title='bbox 451 527 607 588; x_wconf 67' lang='lat' dir='ltr'>amtorem</span> <span class='ocrx_word' id='word_1_10' title='bbox 633 525 717 598; x_wconf 75' lang='lat' dir='ltr'>vobis</span> <span class='ocrx_word' id='word_1_11' title='bbox 746 523 889 607; x_wconf 73' lang='lat' dir='ltr'>loquutus</span> <span class='ocrx_word' id='word_1_12' title='bbox 917 541 1000 600; x_wconf 84' lang='lat' dir='ltr'>sum,</span> <span class='ocrx_word' id='word_1_13' title='bbox 1028 541 1115 606; x_wconf 78' lang='lat' dir='ltr'>quom</span> <span class='ocrx_word' id='word_1_14' title='bbox 1141 524 1366 588; x_wconf 71' lang='lat' dir='ltr'>medicininos.</span> 
     </span>
     <span class='ocr_line' id='line_1_3' title="bbox 34 625 1283 708; baseline -0.005 -14"><span class='ocrx_word' id='word_1_15' title='bbox 34 629 184 696; x_wconf 75' lang='lat' dir='ltr'>Patro?</span> <span class='ocrx_word' id='word_1_16' title='bbox 226 625 315 694; x_wconf 80' lang='lat' dir='ltr'>liaeo</span> <span class='ocrx_word' id='word_1_17' title='bbox 333 637 431 692; x_wconf 88' lang='lat' dir='ltr'>autem</span> <span class='ocrx_word' id='word_1_18' title='bbox 464 645 646 708; x_wconf 87' lang='lat' dir='ltr'>nequaqnam</span> <span class='ocrx_word' id='word_1_19' title='bbox 675 625 791 688; x_wconf 76' lang='lat' dir='ltr'>divisim</span> <span class='ocrx_word' id='word_1_20' title='bbox 818 625 892 686; x_wconf 87' lang='lat' dir='ltr'>lacta</span> <span class='ocrx_word' id='word_1_21' title='bbox 927 634 997 686; x_wconf 86' lang='lat' dir='ltr'>sunt</span> <span class='ocrx_word' id='word_1_22' title='bbox 1029 625 1108 696; x_wconf 77' lang='lat' dir='ltr'>iuxta</span> <span class='ocrx_word' id='word_1_23' title='bbox 1137 634 1283 705; x_wconf 82' lang='lat' dir='ltr'>gestarum</span> 
     </span>
     <span class='ocr_line' id='line_1_4' title="bbox 33 726 1285 810; baseline -0.003 -16"><span class='ocrx_word' id='word_1_24' title='bbox 33 753 167 796; x_wconf 87' lang='lat' dir='ltr'>rernm</span> <span class='ocrx_word' id='word_1_25' title='bbox 190 735 352 806; x_wconf 88' lang='lat' dir='ltr'>rationem,</span> <span class='ocrx_word' id='word_1_26' title='bbox 380 731 421 792; x_wconf 90' lang='lat' dir='ltr'>ita</span> <span class='ocrx_word' id='word_1_27' title='bbox 444 737 476 792; x_wconf 92' lang='lat' dir='ltr'>ut</span> <span class='ocrx_word' id='word_1_28' title='bbox 497 747 571 810; x_wconf 88' lang='lat' dir='ltr'>quae</span> <span class='ocrx_word' id='word_1_29' title='bbox 593 747 609 790; x_wconf 93' lang='lat' dir='ltr'>a</span> <span class='ocrx_word' id='word_1_30' title='bbox 631 745 758 808; x_wconf 89' lang='lat' dir='ltr'>corpore</span> <span class='ocrx_word' id='word_1_31' title='bbox 779 727 900 800; x_wconf 82' lang='lat' dir='ltr'>fierent,</span> <span class='ocrx_word' id='word_1_32' title='bbox 930 726 996 788; x_wconf 90' lang='lat' dir='ltr'>sine</span> <span class='ocrx_word' id='word_1_33' title='bbox 1018 726 1183 800; x_wconf 85' lang='lat' dir='ltr'>divinitate,</span> <span class='ocrx_word' id='word_1_34' title='bbox 1212 745 1285 807; x_wconf 88' lang='lat' dir='ltr'>qnae</span> 
     </span>
     <span class='ocr_line' id='line_1_5' title="bbox 37 828 1285 912; baseline -0.007 -13"><span class='ocrx_word' id='word_1_35' title='bbox 37 845 165 898; x_wconf 89' lang='lat' dir='ltr'>autem</span> <span class='ocrx_word' id='word_1_36' title='bbox 189 855 205 899; x_wconf 89' lang='lat' dir='ltr'>a</span> <span class='ocrx_word' id='word_1_37' title='bbox 227 833 394 907; x_wconf 78' lang='lat' dir='ltr'>divinitate,</span> <span class='ocrx_word' id='word_1_38' title='bbox 422 832 486 894; x_wconf 88' lang='lat' dir='ltr'>siue</span> <span class='ocrx_word' id='word_1_39' title='bbox 508 849 633 912; x_wconf 87' lang='lat' dir='ltr'>corpore</span> <span class='ocrx_word' id='word_1_40' title='bbox 656 829 879 902; x_wconf 66' lang='lat' dir='ltr'>exhiberentur,</span> <span class='ocrx_word' id='word_1_41' title='bbox 908 828 960 890; x_wconf 89' lang='lat' dir='ltr'>sed</span> <span class='ocrx_word' id='word_1_42' title='bbox 987 829 1165 890; x_wconf 87' lang='lat' dir='ltr'>coniunctim</span> <span class='ocrx_word' id='word_1_43' title='bbox 1187 830 1285 890; x_wconf 90' lang='lat' dir='ltr'>omnia</span> 
     </span>
     <span class='ocr_line' id='line_1_6' title="bbox 36 928 1284 1020; baseline -0.009 -18"><span class='ocrx_word' id='word_1_44' title='bbox 36 938 239 1020; x_wconf 75' lang='lat' dir='ltr'>agebantur,</span> <span class='ocrx_word' id='word_1_45' title='bbox 262 945 293 998; x_wconf 89' lang='lat' dir='ltr'>et</span> <span class='ocrx_word' id='word_1_46' title='bbox 313 953 390 998; x_wconf 89' lang='lat' dir='ltr'>nnus</span> <span class='ocrx_word' id='word_1_47' title='bbox 413 944 477 996; x_wconf 88' lang='lat' dir='ltr'>erat</span> <span class='ocrx_word' id='word_1_48' title='bbox 497 932 650 1006; x_wconf 85' lang='lat' dir='ltr'>Dominus,</span> <span class='ocrx_word' id='word_1_49' title='bbox 673 931 723 1011; x_wconf 84' lang='lat' dir='ltr'>qui</span> <span class='ocrx_word' id='word_1_50' title='bbox 746 948 780 992; x_wconf 89' lang='lat' dir='ltr'>ea</span> <span class='ocrx_word' id='word_1_51' title='bbox 801 928 973 991; x_wconf 87' lang='lat' dir='ltr'>mirabiliter</span> <span class='ocrx_word' id='word_1_52' title='bbox 994 947 1048 1010; x_wconf 90' lang='lat' dir='ltr'>per</span> <span class='ocrx_word' id='word_1_53' title='bbox 1070 948 1153 992; x_wconf 90' lang='lat' dir='ltr'>suam</span> <span class='ocrx_word' id='word_1_54' title='bbox 1174 931 1284 992; x_wconf 88' lang='lat' dir='ltr'>efficie-</span> 
     </span>
     <span class='ocr_line' id='line_1_7' title="bbox 37 1031 1286 1120; baseline -0.01 -16"><span class='ocrx_word' id='word_1_55' title='bbox 37 1043 112 1104; x_wconf 89' lang='lat' dir='ltr'>bat</span> <span class='ocrx_word' id='word_1_56' title='bbox 136 1041 272 1120; x_wconf 76' lang='lat' dir='ltr'>gratiam.</span> <span class='ocrx_word' id='word_1_57' title='bbox 317 1036 447 1119; x_wconf 81' lang='lat' dir='ltr'>spuebat</span> <span class='ocrx_word' id='word_1_58' title='bbox 468 1035 545 1098; x_wconf 86' lang='lat' dir='ltr'>enim</span> <span class='ocrx_word' id='word_1_59' title='bbox 567 1042 601 1096; x_wconf 88' lang='lat' dir='ltr'>ut</span> <span class='ocrx_word' id='word_1_60' title='bbox 620 1033 724 1108; x_wconf 85' lang='lat' dir='ltr'>lromo,</span> <span class='ocrx_word' id='word_1_61' title='bbox 746 1041 865 1112; x_wconf 87' lang='lat' dir='ltr'>sputum</span> <span class='ocrx_word' id='word_1_62' title='bbox 882 1039 978 1093; x_wconf 70' lang='lat' dir='ltr'>umen</span> <span class='ocrx_word' id='word_1_63' title='bbox 993 1031 1123 1094; x_wconf 82' lang='lat' dir='ltr'>divinum</span> <span class='ocrx_word' id='word_1_64' title='bbox 1139 1041 1210 1102; x_wconf 81' lang='lat' dir='ltr'>erat,</span> <span class='ocrx_word' id='word_1_65' title='bbox 1232 1049 1286 1112; x_wconf 90' lang='lat' dir='ltr'>per</span> 
     </span>
     <span class='ocr_line' id='line_1_8' title="bbox 40 1132 1285 1233; baseline -0.008 -27"><span class='ocrx_word' id='word_1_66' title='bbox 40 1146 166 1225; x_wconf 86' lang='lat' dir='ltr'>ipsum</span> <span class='ocrx_word' id='word_1_67' title='bbox 190 1132 299 1221; x_wconf 81' lang='lat' dir='ltr'>quippe</span> <span class='ocrx_word' id='word_1_68' title='bbox 331 1157 417 1202; x_wconf 88' lang='lat' dir='ltr'>caeco</span> <span class='ocrx_word' id='word_1_69' title='bbox 440 1157 457 1200; x_wconf 92' lang='lat' dir='ltr'>a</span> <span class='ocrx_word' id='word_1_70' title='bbox 478 1137 626 1199; x_wconf 77' lang='lat' dir='ltr'>nativitate</span> <span class='ocrx_word' id='word_1_71' title='bbox 649 1135 743 1233; x_wconf 64' lang='lat' dir='ltr'>uisum</span> <span class='ocrx_word' id='word_1_72' title='bbox 765 1134 903 1197; x_wconf 79' lang='lat' dir='ltr'>restituit</span> <span class='ocrx_word' id='word_1_73' title='bbox 947 1133 985 1195; x_wconf 87' lang='lat' dir='ltr'>Et</span> <span class='ocrx_word' id='word_1_74' title='bbox 1012 1152 1076 1196; x_wconf 89' lang='lat' dir='ltr'>cnm</span> <span class='ocrx_word' id='word_1_75' title='bbox 1105 1134 1191 1196; x_wconf 86' lang='lat' dir='ltr'>vellet</span> <span class='ocrx_word' id='word_1_76' title='bbox 1218 1154 1285 1196; x_wconf 87' lang='lat' dir='ltr'>sese</span> 
     </span>
     <span class='ocr_line' id='line_1_9' title="bbox 20 1235 1368 1319; baseline -0.007 -12"><span class='ocrx_word' id='word_1_77' title='bbox 20 1267 22 1276; x_wconf 67' lang='grc'>’</span> <span class='ocrx_word' id='word_1_78' title='bbox 42 1247 162 1308; x_wconf 90' lang='lat' dir='ltr'>Deum</span> <span class='ocrx_word' id='word_1_79' title='bbox 185 1243 334 1316; x_wconf 80' lang='lat' dir='ltr'>exhibere,</span> <span class='ocrx_word' id='word_1_80' title='bbox 356 1242 482 1304; x_wconf 89' lang='lat' dir='ltr'>hnmana</span> <span class='ocrx_word' id='word_1_81' title='bbox 503 1239 601 1319; x_wconf 80' lang='lat' dir='ltr'>lingua</span> <span class='ocrx_word' id='word_1_82' title='bbox 624 1238 751 1317; x_wconf 89' lang='lat' dir='ltr'>idipsum</span> <span class='ocrx_word' id='word_1_83' title='bbox 774 1235 942 1316; x_wconf 79' lang='lat' dir='ltr'>significans</span> <span class='ocrx_word' id='word_1_84' title='bbox 964 1235 1074 1298; x_wconf 89' lang='lat' dir='ltr'>aiebat:</span> <span class='ocrx_word' id='word_1_85' title='bbox 1097 1235 1158 1317; x_wconf 75' lang='lat' dir='ltr'>Epo</span> <span class='ocrx_word' id='word_1_86' title='bbox 1180 1248 1208 1298; x_wconf 86' lang='lat' dir='ltr'>et</span> <span class='ocrx_word' id='word_1_87' title='bbox 1225 1236 1368 1298; x_wconf 70' lang='lat' dir='ltr'>Pio-om.</span> 
     </span>
     <span class='ocr_line' id='line_1_10' title="bbox 48 1337 1285 1422; baseline -0.007 -11"><span class='ocrx_word' id='word_1_88' title='bbox 48 1361 115 1412; x_wconf 83' lang='lat' dir='ltr'>ter</span> <span class='ocrx_word' id='word_1_89' title='bbox 138 1364 235 1408; x_wconf 86' lang='lat' dir='ltr'>uuum</span> <span class='ocrx_word' id='word_1_90' title='bbox 255 1363 370 1421; x_wconf 77' lang='lat' dir='ltr'>winus,</span> <span class='ocrx_word' id='word_1_91' title='bbox 393 1341 515 1422; x_wconf 82' lang='lat' dir='ltr'>solaque</span> <span class='ocrx_word' id='word_1_92' title='bbox 536 1341 685 1402; x_wconf 85' lang='lat' dir='ltr'>voluntate</span> <span class='ocrx_word' id='word_1_93' title='bbox 708 1357 761 1401; x_wconf 90' lang='lat' dir='ltr'>soa</span> <span class='ocrx_word' id='word_1_94' title='bbox 784 1338 914 1400; x_wconf 79' lang='lat' dir='ltr'>sanabat</span> <span class='ocrx_word' id='word_1_95' title='bbox 957 1337 1120 1400; x_wconf 87' lang='lat' dir='ltr'>llumanam</span> <span class='ocrx_word' id='word_1_96' title='bbox 1135 1338 1204 1401; x_wconf 90' lang='lat' dir='ltr'>item</span> <span class='ocrx_word' id='word_1_97' title='bbox 1220 1357 1285 1402; x_wconf 91' lang='lat' dir='ltr'>ma-</span> 
     </span>
     <span class='ocr_line' id='line_1_11' title="bbox 48 1439 1285 1522; baseline -0.006 -12"><span class='ocrx_word' id='word_1_98' title='bbox 48 1467 139 1510; x_wconf 87' lang='lat' dir='ltr'>num</span> <span class='ocrx_word' id='word_1_99' title='bbox 171 1447 333 1510; x_wconf 88' lang='lat' dir='ltr'>extendens</span> <span class='ocrx_word' id='word_1_100' title='bbox 363 1461 481 1506; x_wconf 88' lang='lat' dir='ltr'>socrum</span> <span class='ocrx_word' id='word_1_101' title='bbox 509 1443 590 1505; x_wconf 85' lang='lat' dir='ltr'>Petri</span> <span class='ocrx_word' id='word_1_102' title='bbox 616 1440 828 1504; x_wconf 77' lang='lat' dir='ltr'>febricitantem</span> <span class='ocrx_word' id='word_1_103' title='bbox 862 1439 970 1514; x_wconf 88' lang='lat' dir='ltr'>erexit,</span> <span class='ocrx_word' id='word_1_104' title='bbox 1004 1449 1033 1502; x_wconf 93' lang='lat' dir='ltr'>et</span> <span class='ocrx_word' id='word_1_105' title='bbox 1058 1439 1285 1522; x_wconf 71' lang='lat' dir='ltr'>archisynagogi</span> 
     </span>
     <span class='ocr_line' id='line_1_12' title="bbox 48 1534 1194 1612; baseline -0.01 -1"><span class='ocrx_word' id='word_1_106' title='bbox 48 1549 157 1612; x_wconf 87' lang='lat' dir='ltr'>tiliam</span> <span class='ocrx_word' id='word_1_107' title='bbox 179 1548 239 1611; x_wconf 87' lang='lat' dir='ltr'>iam</span> <span class='ocrx_word' id='word_1_108' title='bbox 261 1549 427 1610; x_wconf 88' lang='lat' dir='ltr'>delunctam</span> <span class='ocrx_word' id='word_1_109' title='bbox 449 1565 465 1608; x_wconf 88' lang='lat' dir='ltr'>a</span> <span class='ocrx_word' id='word_1_110' title='bbox 487 1545 612 1608; x_wconf 83' lang='lat' dir='ltr'>mortuis</span> <span class='ocrx_word' id='word_1_111' title='bbox 637 1543 819 1606; x_wconf 68' lang='lat' dir='ltr'>succinit·</span> <span class='ocrx_word' id='word_1_112' title='bbox 1184 1534 1194 1548; x_wconf 86' lang='grc'><strong>”</strong></span> 
     </span>
    </p>
   </div>
   <div class='ocr_carea' id='block_1_3' title="bbox 19 1743 1412 2444">
    <p class='ocr_par' dir='ltr' id='par_1_3' title="bbox 19 1743 1412 2444">
     <span class='ocr_line' id='line_1_13' title="bbox 19 1743 1285 1828; baseline -0.003 -13"><span class='ocrx_word' id='word_1_113' title='bbox 19 1815 21 1824; x_wconf 73' lang='grc'><strong>,</strong></span> <span class='ocrx_word' id='word_1_114' title='bbox 157 1755 207 1814; x_wconf 85' lang='grc'>15.</span> <span class='ocrx_word' id='word_1_115' title='bbox 251 1748 396 1811; x_wconf 81' lang='lat' dir='ltr'>Haeretici</span> <span class='ocrx_word' id='word_1_116' title='bbox 418 1747 505 1828; x_wconf 73' lang='lat' dir='ltr'>igituir</span> <span class='ocrx_word' id='word_1_117' title='bbox 531 1746 694 1826; x_wconf 80' lang='lat' dir='ltr'>ignorantia</span> <span class='ocrx_word' id='word_1_118' title='bbox 717 1763 769 1808; x_wconf 88' lang='lat' dir='ltr'>sua</span> <span class='ocrx_word' id='word_1_119' title='bbox 791 1745 958 1818; x_wconf 88' lang='lat' dir='ltr'>insaniunt,</span> <span class='ocrx_word' id='word_1_120' title='bbox 987 1765 1113 1826; x_wconf 90' lang='lat' dir='ltr'>quorum</span> <span class='ocrx_word' id='word_1_121' title='bbox 1140 1747 1188 1810; x_wconf 88' lang='lat' dir='ltr'>alii</span> <span class='ocrx_word' id='word_1_122' title='bbox 1208 1743 1285 1811; x_wconf 81' lang='lat' dir='ltr'>&#39;cor-</span> 
     </span>
     <span class='ocr_line' id='line_1_14' title="bbox 19 1846 1286 1934; baseline -0.001 -21"><span class='ocrx_word' id='word_1_123' title='bbox 19 1893 21 1928; x_wconf 79' lang='lat'>,</span> <span class='ocrx_word' id='word_1_124' title='bbox 51 1871 160 1934; x_wconf 90' lang='lat' dir='ltr'>porea</span> <span class='ocrx_word' id='word_1_125' title='bbox 182 1850 342 1914; x_wconf 83' lang='lat' dir='ltr'>Salvatoris</span> <span class='ocrx_word' id='word_1_126' title='bbox 369 1849 561 1929; x_wconf 80' lang='lat' dir='ltr'>respicientes</span> <span class='ocrx_word' id='word_1_127' title='bbox 591 1856 733 1926; x_wconf 79' lang='lat' dir='ltr'>negarunt</span> <span class='ocrx_word' id='word_1_128' title='bbox 754 1847 840 1909; x_wconf 88' lang='lat' dir='ltr'>illud:</span> <span class='ocrx_word' id='word_1_129' title='bbox 872 1846 910 1910; x_wconf 88' lang='lat' dir='ltr'>lu</span> <span class='ocrx_word' id='word_1_130' title='bbox 936 1852 1088 1927; x_wconf 71' lang='lat' dir='ltr'>prt&#39;onpio</span> <span class='ocrx_word' id='word_1_131' title='bbox 1115 1862 1183 1912; x_wconf 87' lang='lat' dir='ltr'>erot</span> <span class='ocrx_word' id='word_1_132' title='bbox 1213 1849 1286 1912; x_wconf 84' lang='lat' dir='ltr'>Vor-</span> 
     </span>
     <span class='ocr_line' id='line_1_15' title="bbox 19 1949 1286 2032; baseline -0.003 -14"><span class='ocrx_word' id='word_1_133' title='bbox 19 1997 21 2032; x_wconf 69' lang='lat'>,</span> <span class='ocrx_word' id='word_1_134' title='bbox 55 1957 152 2026; x_wconf 86' lang='lat' dir='ltr'>bum,</span> <span class='ocrx_word' id='word_1_135' title='bbox 182 1951 231 2015; x_wconf 93' lang='lat' dir='ltr'>alii</span> <span class='ocrx_word' id='word_1_136' title='bbox 252 1971 327 2032; x_wconf 89' lang='lat' dir='ltr'>quae</span> <span class='ocrx_word' id='word_1_137' title='bbox 348 1951 509 2014; x_wconf 77' lang='lat' dir='ltr'>divinitatis</span> <span class='ocrx_word' id='word_1_138' title='bbox 532 1957 602 2012; x_wconf 86' lang='lat' dir='ltr'>sunt</span> <span class='ocrx_word' id='word_1_139' title='bbox 623 1957 787 2029; x_wconf 88' lang='lat' dir='ltr'>spectantes</span> <span class='ocrx_word' id='word_1_140' title='bbox 810 1950 1020 2030; x_wconf 78' lang='lat' dir='ltr'>ignoraverunt</span> <span class='ocrx_word' id='word_1_141' title='bbox 1041 1949 1128 2011; x_wconf 90' lang='lat' dir='ltr'>illud:</span> <span class='ocrx_word' id='word_1_142' title='bbox 1154 1950 1286 2014; x_wconf 62' lang='lat' dir='ltr'>Verbum</span> 
     </span>
     <span class='ocr_line' id='line_1_16' title="bbox 19 2049 1286 2136; baseline -0.003 -17"><span class='ocrx_word' id='word_1_143' title='bbox 19 2101 21 2134; x_wconf 60' lang='lat'><em>3</em></span> <span class='ocrx_word' id='word_1_144' title='bbox 58 2073 142 2120; x_wconf 87' lang='lat' dir='ltr'>coro</span> <span class='ocrx_word' id='word_1_145' title='bbox 164 2055 282 2136; x_wconf 75' lang='lat' dir='ltr'>suctum</span> <span class='ocrx_word' id='word_1_146' title='bbox 304 2064 357 2116; x_wconf 79' lang='lat' dir='ltr'>est.</span> <span class='ocrx_word' id='word_1_147' title='bbox 402 2052 452 2113; x_wconf 86' lang='lat' dir='ltr'>Vir</span> <span class='ocrx_word' id='word_1_148' title='bbox 473 2058 570 2114; x_wconf 88' lang='lat' dir='ltr'>autem</span> <span class='ocrx_word' id='word_1_149' title='bbox 592 2049 686 2112; x_wconf 85' lang='lat' dir='ltr'>fidelis</span> <span class='ocrx_word' id='word_1_150' title='bbox 708 2059 738 2112; x_wconf 88' lang='lat' dir='ltr'>et</span> <span class='ocrx_word' id='word_1_151' title='bbox 757 2049 966 2129; x_wconf 74' lang='lat' dir='ltr'>Apostolious,</span> <span class='ocrx_word' id='word_1_152' title='bbox 989 2069 1096 2130; x_wconf 72' lang='lat' dir='ltr'>gnarum</span> <span class='ocrx_word' id='word_1_153' title='bbox 1118 2050 1286 2115; x_wconf 82' lang='lat' dir='ltr'>llominicae</span> 
     </span>
     <span class='ocr_line' id='line_1_17' title="bbox 19 2151 1363 2240; baseline -0.004 -19"><span class='ocrx_word' id='word_1_154' title='bbox 19 2205 22 2240; x_wconf 71' lang='grc'>,</span> <span class='ocrx_word' id='word_1_155' title='bbox 58 2155 267 2239; x_wconf 78' lang='lat' dir='ltr'>benignitatis,</span> <span class='ocrx_word' id='word_1_156' title='bbox 291 2155 340 2217; x_wconf 88' lang='lat' dir='ltr'>ubi</span> <span class='ocrx_word' id='word_1_157' title='bbox 363 2153 507 2234; x_wconf 83' lang='lat' dir='ltr'>conspicit</span> <span class='ocrx_word' id='word_1_158' title='bbox 528 2152 687 2215; x_wconf 80' lang='lat' dir='ltr'>divinitatis</span> <span class='ocrx_word' id='word_1_159' title='bbox 710 2153 803 2232; x_wconf 83' lang='lat' dir='ltr'>signa,</span> <span class='ocrx_word' id='word_1_160' title='bbox 826 2151 949 2214; x_wconf 88' lang='lat' dir='ltr'>miratur</span> <span class='ocrx_word' id='word_1_161' title='bbox 969 2171 1036 2215; x_wconf 90' lang='lat' dir='ltr'>eum</span> <span class='ocrx_word' id='word_1_162' title='bbox 1051 2155 1146 2233; x_wconf 88' lang='lat' dir='ltr'>quiin</span> <span class='ocrx_word' id='word_1_163' title='bbox 1161 2173 1286 2235; x_wconf 88' lang='lat' dir='ltr'>corpore</span> <span class='ocrx_word' id='word_1_164' title='bbox 1361 2189 1363 2197; x_wconf 75' lang='lat'>=</span> 
     </span>
     <span class='ocr_line' id='line_1_18' title="bbox 19 2254 1285 2346; baseline -0.003 -24"><span class='ocrx_word' id='word_1_165' title='bbox 19 2289 21 2346; x_wconf 41' lang='grc' dir='ltr'><strong>ᾗ</strong></span> <span class='ocrx_word' id='word_1_166' title='bbox 62 2269 114 2322; x_wconf 89' lang='lat' dir='ltr'>est</span> <span class='ocrx_word' id='word_1_167' title='bbox 135 2258 306 2321; x_wconf 83' lang='lat' dir='ltr'>Dominum.</span> <span class='ocrx_word' id='word_1_168' title='bbox 350 2257 466 2317; x_wconf 88' lang='lat' dir='ltr'>Rursus</span> <span class='ocrx_word' id='word_1_169' title='bbox 489 2273 555 2316; x_wconf 89' lang='lat' dir='ltr'>cnm</span> <span class='ocrx_word' id='word_1_170' title='bbox 577 2273 626 2328; x_wconf 90' lang='lat' dir='ltr'>ea,</span> <span class='ocrx_word' id='word_1_171' title='bbox 649 2272 724 2334; x_wconf 86' lang='lat' dir='ltr'>qnae</span> <span class='ocrx_word' id='word_1_172' title='bbox 746 2254 864 2334; x_wconf 89' lang='lat' dir='ltr'>corpori</span> <span class='ocrx_word' id='word_1_173' title='bbox 886 2261 956 2316; x_wconf 88' lang='lat' dir='ltr'>sunt</span> <span class='ocrx_word' id='word_1_174' title='bbox 976 2257 1112 2336; x_wconf 87' lang='lat' dir='ltr'>propria,</span> <span class='ocrx_word' id='word_1_175' title='bbox 1145 2256 1285 2331; x_wconf 88' lang='lat' dir='ltr'>intuetur,</span> 
     </span>
     <span class='ocr_line' id='line_1_19' title="bbox 19 2355 1412 2444; baseline -0.004 -19"><span class='ocrx_word' id='word_1_176' title='bbox 19 2415 23 2444; x_wconf 72' lang='lat'><strong><em>‚</em></strong></span> <span class='ocrx_word' id='word_1_177' title='bbox 63 2359 256 2442; x_wconf 89' lang='lat' dir='ltr'>obstupescit</span> <span class='ocrx_word' id='word_1_178' title='bbox 276 2358 478 2421; x_wconf 83' lang='lat' dir='ltr'>animadversa</span> <span class='ocrx_word' id='word_1_179' title='bbox 500 2357 530 2418; x_wconf 92' lang='lat' dir='ltr'>in</span> <span class='ocrx_word' id='word_1_180' title='bbox 551 2355 609 2420; x_wconf 86' lang='lat' dir='ltr'>illis</span> <span class='ocrx_word' id='word_1_181' title='bbox 632 2355 791 2420; x_wconf 81' lang='lat' dir='ltr'>divinitatis</span> <span class='ocrx_word' id='word_1_182' title='bbox 815 2355 951 2418; x_wconf 87' lang='lat' dir='ltr'>efficacia.</span> <span class='ocrx_word' id='word_1_183' title='bbox 994 2357 1147 2420; x_wconf 82' lang='lat' dir='ltr'>Eiusmodi</span> <span class='ocrx_word' id='word_1_184' title='bbox 1168 2359 1287 2420; x_wconf 88' lang='lat' dir='ltr'>comsit</span> <span class='ocrx_word' id='word_1_185' title='bbox 1404 2380 1412 2400; x_wconf 65' lang='lat'>⁸</span> 
     </span>
    </p>
   </div>
   <div class='ocr_carea' id='block_1_4' title="bbox 18 2457 1285 2658">
    <p class='ocr_par' dir='ltr' id='par_1_4' title="bbox 18 2457 1285 2658">
     <span class='ocr_line' id='line_1_20' title="bbox 18 2457 1285 2554; baseline -0.006 -27"><span class='ocrx_word' id='word_1_186' title='bbox 18 2523 22 2554; x_wconf 32' lang='grc' dir='ltr'><strong>ὃ</strong></span> <span class='ocrx_word' id='word_1_187' title='bbox 62 2461 275 2526; x_wconf 87' lang='lat' dir='ltr'>Ecclesiastica</span> <span class='ocrx_word' id='word_1_188' title='bbox 296 2459 382 2533; x_wconf 85' lang='lat' dir='ltr'>lidos,</span> <span class='ocrx_word' id='word_1_189' title='bbox 405 2457 456 2520; x_wconf 93' lang='lat' dir='ltr'>ubi</span> <span class='ocrx_word' id='word_1_190' title='bbox 478 2457 596 2538; x_wconf 88' lang='lat' dir='ltr'>qnidam</span> <span class='ocrx_word' id='word_1_191' title='bbox 617 2457 744 2519; x_wconf 90' lang='lat' dir='ltr'>humana</span> <span class='ocrx_word' id='word_1_192' title='bbox 766 2465 933 2536; x_wconf 86' lang='lat' dir='ltr'>spectantes</span> <span class='ocrx_word' id='word_1_193' title='bbox 948 2457 1105 2520; x_wconf 86' lang='lat' dir='ltr'>Dominum</span> <span class='ocrx_word' id='word_1_194' title='bbox 1126 2458 1228 2521; x_wconf 83' lang='lat' dir='ltr'>vident</span> <span class='ocrx_word' id='word_1_195' title='bbox 1241 2459 1285 2522; x_wconf 92' lang='lat' dir='ltr'>si-</span> 
     </span>
     <span class='ocr_line' id='line_1_21' title="bbox 18 2559 1284 2658; baseline 0 -34"><span class='ocrx_word' id='word_1_196' title='bbox 18 2631 20 2658; x_wconf 53' lang='grc' dir='ltr'>Ι</span> <span class='ocrx_word' id='word_1_197' title='bbox 68 2565 193 2624; x_wconf 90' lang='lat' dir='ltr'>tientem</span> <span class='ocrx_word' id='word_1_198' title='bbox 214 2561 261 2623; x_wconf 82' lang='lat' dir='ltr'>rel</span> <span class='ocrx_word' id='word_1_199' title='bbox 282 2559 462 2622; x_wconf 87' lang='lat' dir='ltr'>laborantem</span> <span class='ocrx_word' id='word_1_200' title='bbox 483 2559 530 2621; x_wconf 86' lang='lat' dir='ltr'>rel</span> <span class='ocrx_word' id='word_1_201' title='bbox 550 2559 720 2640; x_wconf 89' lang='lat' dir='ltr'>patientem,</span> <span class='ocrx_word' id='word_1_202' title='bbox 744 2568 773 2620; x_wconf 89' lang='lat' dir='ltr'>et</span> <span class='ocrx_word' id='word_1_203' title='bbox 788 2559 930 2628; x_wconf 77' lang='lat' dir='ltr'>Saloatori</span> <span class='ocrx_word' id='word_1_204' title='bbox 946 2559 1027 2622; x_wconf 82' lang='lat' dir='ltr'>velut</span> <span class='ocrx_word' id='word_1_205' title='bbox 1046 2560 1160 2623; x_wconf 90' lang='lat' dir='ltr'>homini</span> <span class='ocrx_word' id='word_1_206' title='bbox 1182 2561 1284 2624; x_wconf 87' lang='lat' dir='ltr'>obtre-</span> 
     </span>
    </p>
   </div>
   <div class='ocr_carea' id='block_1_5' title="bbox 70 2659 1405 3758">
    <p class='ocr_par' dir='ltr' id='par_1_5' title="bbox 70 2659 1405 3758">
     <span class='ocr_line' id='line_1_22' title="bbox 70 2659 1287 2746; baseline 0 -22"><span class='ocrx_word' id='word_1_207' title='bbox 70 2670 160 2736; x_wconf 90' lang='lat' dir='ltr'>ctant,</span> <span class='ocrx_word' id='word_1_208' title='bbox 183 2679 361 2741; x_wconf 76' lang='lat' dir='ltr'>magnopere</span> <span class='ocrx_word' id='word_1_209' title='bbox 383 2661 501 2742; x_wconf 85' lang='lat' dir='ltr'>quidem</span> <span class='ocrx_word' id='word_1_210' title='bbox 523 2668 654 2746; x_wconf 76' lang='lat' dir='ltr'>peccant,</span> <span class='ocrx_word' id='word_1_211' title='bbox 674 2670 803 2742; x_wconf 88' lang='lat' dir='ltr'>possunt</span> <span class='ocrx_word' id='word_1_212' title='bbox 816 2671 913 2724; x_wconf 89' lang='lat' dir='ltr'>tamen</span> <span class='ocrx_word' id='word_1_213' title='bbox 928 2659 1063 2723; x_wconf 85' lang='lat' dir='ltr'>celeriter</span> <span class='ocrx_word' id='word_1_214' title='bbox 1075 2663 1287 2742; x_wconf 88' lang='lat' dir='ltr'>poenitentiam</span> 
     </span>
     <span class='ocr_line' id='line_1_23' title="bbox 71 2761 1286 2844; baseline 0 -19"><span class='ocrx_word' id='word_1_215' title='bbox 71 2763 186 2844; x_wconf 80' lang='lat' dir='ltr'>agendo</span> <span class='ocrx_word' id='word_1_216' title='bbox 209 2762 323 2824; x_wconf 86' lang='lat' dir='ltr'>veniam</span> <span class='ocrx_word' id='word_1_217' title='bbox 346 2763 504 2842; x_wconf 88' lang='lat' dir='ltr'>consequi,</span> <span class='ocrx_word' id='word_1_218' title='bbox 533 2781 600 2826; x_wconf 91' lang='lat' dir='ltr'>cum</span> <span class='ocrx_word' id='word_1_219' title='bbox 627 2763 754 2826; x_wconf 81' lang='lat' dir='ltr'>habeant</span> <span class='ocrx_word' id='word_1_220' title='bbox 774 2783 829 2843; x_wconf 89' lang='lat' dir='ltr'>pro</span> <span class='ocrx_word' id='word_1_221' title='bbox 852 2762 1038 2826; x_wconf 76' lang='lat' dir='ltr'>exornatione</span> <span class='ocrx_word' id='word_1_222' title='bbox 1059 2761 1286 2826; x_wconf 85' lang='lat' dir='ltr'>imbecillitatem</span> 
     </span>
     <span class='ocr_line' id='line_1_24' title="bbox 71 2862 1405 2946; baseline -0.001 -19"><span class='ocrx_word' id='word_1_223' title='bbox 71 2865 219 2946; x_wconf 89' lang='lat' dir='ltr'>corporis.</span> <span class='ocrx_word' id='word_1_224' title='bbox 266 2862 350 2942; x_wconf 86' lang='lat' dir='ltr'>[Cum</span> <span class='ocrx_word' id='word_1_225' title='bbox 371 2864 496 2926; x_wconf 87' lang='lat' dir='ltr'>maxime</span> <span class='ocrx_word' id='word_1_226' title='bbox 516 2865 678 2944; x_wconf 76' lang='lat' dir='ltr'>Apostolus</span> <span class='ocrx_word' id='word_1_227' title='bbox 699 2866 812 2928; x_wconf 82' lang='lat' dir='ltr'>reniam</span> <span class='ocrx_word' id='word_1_228' title='bbox 836 2864 879 2926; x_wconf 92' lang='lat' dir='ltr'>eis</span> <span class='ocrx_word' id='word_1_229' title='bbox 901 2864 1051 2939; x_wconf 90' lang='lat' dir='ltr'>concedat,</span> <span class='ocrx_word' id='word_1_230' title='bbox 1075 2875 1105 2928; x_wconf 89' lang='lat' dir='ltr'>et</span> <span class='ocrx_word' id='word_1_231' title='bbox 1121 2867 1205 2946; x_wconf 86' lang='lat' dir='ltr'>quasi</span> <span class='ocrx_word' id='word_1_232' title='bbox 1220 2885 1285 2928; x_wconf 90' lang='lat' dir='ltr'>ma·</span> <span class='ocrx_word' id='word_1_233' title='bbox 1401 2919 1405 2926; x_wconf 92' lang='lat'>.</span> 
     </span>
     <span class='ocr_line' id='line_1_25' title="bbox 71 2965 1287 3048; baseline 0 -18"><span class='ocrx_word' id='word_1_234' title='bbox 71 2987 142 3030; x_wconf 89' lang='lat' dir='ltr'>num</span> <span class='ocrx_word' id='word_1_235' title='bbox 164 2965 222 3030; x_wconf 89' lang='lat' dir='ltr'>illis</span> <span class='ocrx_word' id='word_1_236' title='bbox 243 2965 376 3046; x_wconf 78' lang='lat' dir='ltr'>porrigat</span> <span class='ocrx_word' id='word_1_237' title='bbox 395 2965 468 3027; x_wconf 90' lang='lat' dir='ltr'>haec</span> <span class='ocrx_word' id='word_1_238' title='bbox 488 2966 626 3028; x_wconf 90' lang='lat' dir='ltr'>dicendo:</span> <span class='ocrx_word' id='word_1_239' title='bbox 656 2967 772 3031; x_wconf 86' lang='lat' dir='ltr'>lleoero</span> <span class='ocrx_word' id='word_1_240' title='bbox 799 2983 940 3044; x_wconf 68' lang='lat' dir='ltr'>monum</span> <span class='ocrx_word' id='word_1_241' title='bbox 967 2977 1014 3028; x_wconf 85' lang='lat' dir='ltr'>est</span> <span class='ocrx_word' id='word_1_242' title='bbox 1031 2971 1155 3048; x_wconf 77' lang='lat' dir='ltr'>pietotts</span> <span class='ocrx_word' id='word_1_243' title='bbox 1176 2979 1287 3048; x_wconf 76' lang='lat' dir='ltr'>myste-</span> 
     </span>
     <span class='ocr_line' id='line_1_26' title="bbox 72 3066 1286 3150; baseline 0 -18"><span class='ocrx_word' id='word_1_244' title='bbox 72 3075 168 3142; x_wconf 84' lang='lat' dir='ltr'>rium,</span> <span class='ocrx_word' id='word_1_245' title='bbox 196 3067 280 3130; x_wconf 80' lang='lat' dir='ltr'>lleus</span> <span class='ocrx_word' id='word_1_246' title='bbox 302 3067 635 3148; x_wconf 57' lang='lat' dir='ltr'>manifestationum</span> <span class='ocrx_word' id='word_1_247' title='bbox 658 3068 771 3144; x_wconf 74' lang='lat' dir='ltr'>coroa]</span> <span class='ocrx_word' id='word_1_248' title='bbox 817 3066 888 3128; x_wconf 84' lang='lat' dir='ltr'>Cum</span> <span class='ocrx_word' id='word_1_249' title='bbox 901 3075 1014 3130; x_wconf 87' lang='lat' dir='ltr'>&#39;autem</span> <span class='ocrx_word' id='word_1_250' title='bbox 1042 3088 1146 3132; x_wconf 86' lang='lat' dir='ltr'>rursus</span> <span class='ocrx_word' id='word_1_251' title='bbox 1169 3070 1286 3150; x_wconf 87' lang='lat' dir='ltr'>qnidam</span> 
     </span>
     <span class='ocr_line' id='line_1_27' title="bbox 73 3167 1285 3252; baseline 0.002 -20"><span class='ocrx_word' id='word_1_252' title='bbox 73 3170 231 3234; x_wconf 81' lang='lat' dir='ltr'>divinitatis</span> <span class='ocrx_word' id='word_1_253' title='bbox 260 3187 350 3248; x_wconf 88' lang='lat' dir='ltr'>opera</span> <span class='ocrx_word' id='word_1_254' title='bbox 378 3169 600 3231; x_wconf 86' lang='lat' dir='ltr'>considerantes</span> <span class='ocrx_word' id='word_1_255' title='bbox 629 3167 826 3231; x_wconf 86' lang='lat' dir='ltr'>dubitaverint</span> <span class='ocrx_word' id='word_1_256' title='bbox 852 3169 889 3232; x_wconf 89' lang='lat' dir='ltr'>de</span> <span class='ocrx_word' id='word_1_257' title='bbox 917 3171 1052 3249; x_wconf 89' lang='lat' dir='ltr'>corporis</span> <span class='ocrx_word' id='word_1_258' title='bbox 1079 3179 1199 3246; x_wconf 89' lang='lat' dir='ltr'>natura,</span> <span class='ocrx_word' id='word_1_259' title='bbox 1227 3172 1285 3252; x_wconf 88' lang='lat' dir='ltr'>ipsi</span> 
     </span>
     <span class='ocr_line' id='line_1_28' title="bbox 73 3269 1285 3354; baseline 0.001 -20"><span class='ocrx_word' id='word_1_260' title='bbox 73 3291 189 3354; x_wconf 87' lang='lat' dir='ltr'>quoque</span> <span class='ocrx_word' id='word_1_261' title='bbox 209 3273 336 3334; x_wconf 81' lang='lat' dir='ltr'>maxime</span> <span class='ocrx_word' id='word_1_262' title='bbox 357 3279 493 3352; x_wconf 85' lang='lat' dir='ltr'>peccent,</span> <span class='ocrx_word' id='word_1_263' title='bbox 523 3271 600 3350; x_wconf 86' lang='lat' dir='ltr'>quod</span> <span class='ocrx_word' id='word_1_264' title='bbox 629 3270 697 3332; x_wconf 90' lang='lat' dir='ltr'>licet</span> <span class='ocrx_word' id='word_1_265' title='bbox 725 3288 792 3331; x_wconf 89' lang='lat' dir='ltr'>enm</span> <span class='ocrx_word' id='word_1_266' title='bbox 819 3269 936 3333; x_wconf 84' lang='lat' dir='ltr'>videant</span> <span class='ocrx_word' id='word_1_267' title='bbox 957 3271 1158 3334; x_wconf 89' lang='lat' dir='ltr'>comedentem</span> <span class='ocrx_word' id='word_1_268' title='bbox 1182 3283 1209 3336; x_wconf 90' lang='lat' dir='ltr'>et</span> <span class='ocrx_word' id='word_1_269' title='bbox 1231 3291 1285 3352; x_wconf 87' lang='lat' dir='ltr'>pa-</span> 
     </span>
     <span class='ocr_line' id='line_1_29' title="bbox 72 3371 1378 3452; baseline -0.001 -14"><span class='ocrx_word' id='word_1_270' title='bbox 72 3377 207 3445; x_wconf 86' lang='lat' dir='ltr'>tientem,</span> <span class='ocrx_word' id='word_1_271' title='bbox 234 3373 409 3452; x_wconf 89' lang='lat' dir='ltr'>phantasma</span> <span class='ocrx_word' id='word_1_272' title='bbox 437 3372 627 3435; x_wconf 89' lang='lat' dir='ltr'>nihilominus</span> <span class='ocrx_word' id='word_1_273' title='bbox 655 3372 757 3452; x_wconf 91' lang='lat' dir='ltr'>ipsum</span> <span class='ocrx_word' id='word_1_274' title='bbox 780 3371 975 3448; x_wconf 77' lang='lat' dir='ltr'>arhiusmm,</span> <span class='ocrx_word' id='word_1_275' title='bbox 1006 3391 1108 3436; x_wconf 85' lang='lat' dir='ltr'>oerum</span> <span class='ocrx_word' id='word_1_276' title='bbox 1135 3374 1193 3436; x_wconf 87' lang='lat' dir='ltr'>illis</span> <span class='ocrx_word' id='word_1_277' title='bbox 1215 3374 1286 3437; x_wconf 91' lang='lat' dir='ltr'>item</span> <span class='ocrx_word' id='word_1_278' title='bbox 1374 3421 1378 3436; x_wconf 85' lang='lat'>.</span> 
     </span>
     <span class='ocr_line' id='line_1_30' title="bbox 74 3473 1285 3558; baseline 0.002 -20"><span class='ocrx_word' id='word_1_279' title='bbox 74 3478 130 3538; x_wconf 91' lang='lat' dir='ltr'>cito</span> <span class='ocrx_word' id='word_1_280' title='bbox 152 3474 396 3554; x_wconf 88' lang='lat' dir='ltr'>resipiscentibus</span> <span class='ocrx_word' id='word_1_281' title='bbox 419 3475 533 3536; x_wconf 83' lang='lat' dir='ltr'>reniam</span> <span class='ocrx_word' id='word_1_282' title='bbox 556 3473 691 3536; x_wconf 83' lang='lat' dir='ltr'>Christus</span> <span class='ocrx_word' id='word_1_283' title='bbox 714 3473 823 3536; x_wconf 80' lang='lat' dir='ltr'>donaro</span> <span class='ocrx_word' id='word_1_284' title='bbox 845 3483 959 3554; x_wconf 89' lang='lat' dir='ltr'>potest,</span> <span class='ocrx_word' id='word_1_285' title='bbox 988 3475 1067 3556; x_wconf 91' lang='lat' dir='ltr'>quod</span> <span class='ocrx_word' id='word_1_286' title='bbox 1094 3484 1125 3538; x_wconf 90' lang='lat' dir='ltr'>et</span> <span class='ocrx_word' id='word_1_287' title='bbox 1152 3477 1209 3558; x_wconf 93' lang='lat' dir='ltr'>ipsi</span> <span class='ocrx_word' id='word_1_288' title='bbox 1229 3495 1285 3557; x_wconf 91' lang='lat' dir='ltr'>pro</span> 
     </span>
     <span class='ocr_line' id='line_1_31' title="bbox 76 3576 1284 3658; baseline -0.001 -16"><span class='ocrx_word' id='word_1_289' title='bbox 76 3576 260 3642; x_wconf 82' lang='lat' dir='ltr'>excusatione</span> <span class='ocrx_word' id='word_1_290' title='bbox 282 3576 409 3638; x_wconf 88' lang='lat' dir='ltr'>habeant</span> <span class='ocrx_word' id='word_1_291' title='bbox 430 3576 659 3658; x_wconf 80' lang='lat' dir='ltr'>magnitudinem</span> <span class='ocrx_word' id='word_1_292' title='bbox 682 3593 805 3654; x_wconf 89' lang='lat' dir='ltr'>operum</span> <span class='ocrx_word' id='word_1_293' title='bbox 831 3576 961 3640; x_wconf 90' lang='lat' dir='ltr'>bominis</span> <span class='ocrx_word' id='word_1_294' title='bbox 989 3585 1167 3657; x_wconf 87' lang='lat' dir='ltr'>potestatem</span> <span class='ocrx_word' id='word_1_295' title='bbox 1198 3597 1284 3642; x_wconf 87' lang='lat' dir='ltr'>exce·</span> 
     </span>
     <span class='ocr_line' id='line_1_32' title="bbox 76 3669 1285 3758; baseline -0.001 -15"><span class='ocrx_word' id='word_1_296' title='bbox 76 3681 211 3743; x_wconf 88' lang='lat' dir='ltr'>dentium.</span> <span class='ocrx_word' id='word_1_297' title='bbox 255 3669 368 3740; x_wconf 80' lang='lat' dir='ltr'>Vernm&#39;</span> <span class='ocrx_word' id='word_1_298' title='bbox 385 3685 577 3758; x_wconf 87' lang='lat' dir='ltr'>posteaquam</span> <span class='ocrx_word' id='word_1_299' title='bbox 599 3687 792 3757; x_wconf 86' lang='lat' dir='ltr'>utrorumque</span> <span class='ocrx_word' id='word_1_300' title='bbox 814 3678 959 3742; x_wconf 88' lang='lat' dir='ltr'>inscitiam</span> <span class='ocrx_word' id='word_1_301' title='bbox 982 3688 1011 3742; x_wconf 87' lang='lat' dir='ltr'>et</span> <span class='ocrx_word' id='word_1_302' title='bbox 1043 3681 1209 3742; x_wconf 86' lang='lat' dir='ltr'>caecitatem</span> <span class='ocrx_word' id='word_1_303' title='bbox 1231 3699 1285 3743; x_wconf 90' lang='lat' dir='ltr'>su-</span> 
     </span>
    </p>
   </div>
   <div class='ocr_carea' id='block_1_6' title="bbox 77 3857 1286 4063">
    <p class='ocr_par' dir='ltr' id='par_1_6' title="bbox 77 3857 1286 4063">
     <span class='ocr_line' id='line_1_33' title="bbox 77 3857 1285 3930; baseline 0.003 -17"><span class='ocrx_word' id='word_1_304' title='bbox 77 3857 258 3913; x_wconf 75' lang='lat' dir='ltr'>ductdeuolcr.</span> <span class='ocrx_word' id='word_1_305' title='bbox 295 3863 356 3912; x_wconf 81' lang='lat' dir='ltr'>Editi</span> <span class='ocrx_word' id='word_1_306' title='bbox 382 3871 405 3911; x_wconf 83' lang='lat' dir='ltr'>et</span> <span class='ocrx_word' id='word_1_307' title='bbox 426 3863 498 3924; x_wconf 72' lang='lat' dir='ltr'>ceteri</span> <span class='ocrx_word' id='word_1_308' title='bbox 516 3865 595 3912; x_wconf 84' lang='lat' dir='ltr'>minus</span> <span class='ocrx_word' id='word_1_309' title='bbox 614 3879 652 3912; x_wconf 88' lang='lat' dir='ltr'>re·</span> <span class='ocrx_word' id='word_1_310' title='bbox 704 3866 751 3913; x_wconf 83' lang='lat' dir='ltr'>tino</span> <span class='ocrx_word' id='word_1_311' title='bbox 769 3862 888 3924; x_wconf 71' lang='lat' dir='ltr'>glossema</span> <span class='ocrx_word' id='word_1_312' title='bbox 908 3863 1031 3914; x_wconf 87' lang='lat' dir='ltr'>cuiusdam</span> <span class='ocrx_word' id='word_1_313' title='bbox 1050 3866 1111 3916; x_wconf 85' lang='lat' dir='ltr'>alios</span> <span class='ocrx_word' id='word_1_314' title='bbox 1129 3881 1196 3926; x_wconf 80' lang='lat' dir='ltr'>esse,</span> <span class='ocrx_word' id='word_1_315' title='bbox 1215 3883 1285 3930; x_wconf 84' lang='lat' dir='ltr'>qoam</span> 
     </span>
     <span class='ocr_line' id='line_1_34' title="bbox 79 3921 1286 3998; baseline 0.003 -17"><span class='ocrx_word' id='word_1_316' title='bbox 79 3942 113 3984; x_wconf 84' lang='lat' dir='ltr'>ets</span> <span class='ocrx_word' id='word_1_317' title='bbox 129 3923 195 3979; x_wconf 78' lang='grc' dir='ltr'>κατὰ</span> <span class='ocrx_word' id='word_1_318' title='bbox 213 3923 264 3988; x_wconf 77' lang='grc' dir='ltr'>τὴν</span> <span class='ocrx_word' id='word_1_319' title='bbox 277 3921 349 3976; x_wconf 72' lang='grc' dir='ltr'><em>ἰδίαν</em></span> <span class='ocrx_word' id='word_1_320' title='bbox 357 3923 507 3978; x_wconf 69' lang='grc' dir='ltr'><strong><em>παίδευσιν.</em></strong></span> <span class='ocrx_word' id='word_1_321' title='bbox 527 3930 585 3980; x_wconf 87' lang='lat' dir='ltr'>ibid.</span> <span class='ocrx_word' id='word_1_322' title='bbox 597 3931 653 3979; x_wconf 82' lang='lat' dir='ltr'>edit.</span> <span class='ocrx_word' id='word_1_323' title='bbox 703 3931 825 3980; x_wconf 81' lang='lat' dir='ltr'>ttbanasii</span> <span class='ocrx_word' id='word_1_324' title='bbox 843 3930 920 3979; x_wconf 81' lang='lat' dir='ltr'>rerba.</span> <span class='ocrx_word' id='word_1_325' title='bbox 950 3931 1041 3980; x_wconf 82' lang='lat' dir='ltr'>Placuit</span> <span class='ocrx_word' id='word_1_326' title='bbox 1049 3940 1126 3982; x_wconf 79' lang='lat' dir='ltr'>tanuen</span> <span class='ocrx_word' id='word_1_327' title='bbox 1137 3948 1164 3983; x_wconf 80' lang='lat' dir='ltr'>aa</span> <span class='ocrx_word' id='word_1_328' title='bbox 1174 3937 1286 3998; x_wconf 83' lang='lat' dir='ltr'>retinere,</span> 
     </span>
     <span class='ocr_line' id='line_1_35' title="bbox 80 3991 1285 4063; baseline 0.003 -13"><span class='ocrx_word' id='word_1_329' title='bbox 80 3999 189 4050; x_wconf 85' lang='lat' dir='ltr'>Comnsl.</span> <span class='ocrx_word' id='word_1_330' title='bbox 201 4007 224 4047; x_wconf 82' lang='lat' dir='ltr'>et</span> <span class='ocrx_word' id='word_1_331' title='bbox 235 3995 372 4046; x_wconf 73' lang='lat' dir='ltr'>falciml.</span> <span class='ocrx_word' id='word_1_332' title='bbox 390 3991 654 4061; x_wconf 67' lang='lat' dir='ltr'>luduwormendose.</span> <span class='ocrx_word' id='word_1_333' title='bbox 706 4011 758 4047; x_wconf 87' lang='lat' dir='ltr'>corn</span> <span class='ocrx_word' id='word_1_334' title='bbox 784 3997 931 4060; x_wconf 82' lang='lat' dir='ltr'>exploratum</span> <span class='ocrx_word' id='word_1_335' title='bbox 956 4000 1054 4048; x_wconf 89' lang='lat' dir='ltr'>omniuo</span> <span class='ocrx_word' id='word_1_336' title='bbox 1072 4003 1182 4063; x_wconf 81' lang='lat' dir='ltr'>nonsit,</span> <span class='ocrx_word' id='word_1_337' title='bbox 1206 4003 1285 4054; x_wconf 81' lang='lat' dir='ltr'>sintne</span> 
     </span>
    </p>
   </div>
   <div class='ocr_carea' id='block_1_7' title="bbox 112 4064 1284 4141">
    <p class='ocr_par' dir='ltr' id='par_1_7' title="bbox 112 4064 1284 4141">
     <span class='ocr_line' id='line_1_36' title="bbox 112 4064 1284 4141; baseline 0.004 -24"><span class='ocrx_word' id='word_1_338' title='bbox 112 4083 133 4131; x_wconf 69' lang='lat' dir='ltr'>d,</span> <span class='ocrx_word' id='word_1_339' title='bbox 149 4073 182 4130; x_wconf 74' lang='lat' dir='ltr'>ut</span> <span class='ocrx_word' id='word_1_340' title='bbox 199 4081 267 4131; x_wconf 53' lang='grc' dir='ltr'><strong>Μ</strong></span> <span class='ocrx_word' id='word_1_341' title='bbox 285 4081 308 4130; x_wconf 72' lang='lat' dir='ltr'>j„</span> <span class='ocrx_word' id='word_1_342' title='bbox 326 4081 426 4141; x_wconf 51' lang='grc' dir='ltr'>εφη,</span> <span class='ocrx_word' id='word_1_343' title='bbox 706 4064 839 4124; x_wconf 82' lang='lat' dir='ltr'>adiectitia,</span> <span class='ocrx_word' id='word_1_344' title='bbox 858 4079 886 4114; x_wconf 88' lang='lat' dir='ltr'>sn</span> <span class='ocrx_word' id='word_1_345' title='bbox 905 4079 959 4114; x_wconf 89' lang='lat' dir='ltr'>cum</span> <span class='ocrx_word' id='word_1_346' title='bbox 978 4067 1000 4116; x_wconf 92' lang='lat' dir='ltr'>in</span> <span class='ocrx_word' id='word_1_347' title='bbox 1019 4067 1072 4118; x_wconf 86' lang='lat' dir='ltr'>aliis</span> <span class='ocrx_word' id='word_1_348' title='bbox 1090 4067 1212 4120; x_wconf 87' lang='lat' dir='ltr'>codicibus</span> <span class='ocrx_word' id='word_1_349' title='bbox 1230 4072 1284 4122; x_wconf 80' lang='lat' dir='ltr'>vitio</span> 
     </span>
    </p>
   </div>
   <div class='ocr_carea' id='block_1_8' title="bbox 636 4133 1285 4192">
    <p class='ocr_par' dir='ltr' id='par_1_8' title="bbox 636 4133 1285 4192">
     <span class='ocr_line' id='line_1_37' title="bbox 636 4133 1285 4192; baseline 0.008 -8"><span class='ocrx_word' id='word_1_350' title='bbox 636 4167 643 4184; x_wconf 85' lang='grc'><strong><em>,</em></strong></span> <span class='ocrx_word' id='word_1_351' title='bbox 706 4133 839 4182; x_wconf 83' lang='lat' dir='ltr'>scribarum</span> <span class='ocrx_word' id='word_1_352' title='bbox 858 4133 947 4182; x_wconf 84' lang='lat' dir='ltr'>omisso</span> <span class='ocrx_word' id='word_1_353' title='bbox 966 4134 1083 4192; x_wconf 83' lang='lat' dir='ltr'>luissent,</span> <span class='ocrx_word' id='word_1_354' title='bbox 1107 4137 1136 4187; x_wconf 83' lang='lat' dir='ltr'>ad</span> <span class='ocrx_word' id='word_1_355' title='bbox 1154 4139 1224 4189; x_wconf 85' lang='lat' dir='ltr'>buius</span> <span class='ocrx_word' id='word_1_356' title='bbox 1242 4154 1285 4189; x_wconf 90' lang='lat' dir='ltr'>co-</span> 
     </span>
    </p>
   </div>
   <div class='ocr_carea' id='block_1_9' title="bbox 112 4159 1285 4271">
    <p class='ocr_par' dir='ltr' id='par_1_9' title="bbox 112 4159 1285 4271">
     <span class='ocr_line' id='line_1_38' title="bbox 112 4159 1285 4271; baseline 0.024 -41"><span class='ocrx_word' id='word_1_357' title='bbox 112 4191 132 4226; x_wconf 78' lang='lat' dir='ltr'>e·</span> <span class='ocrx_word' id='word_1_358' title='bbox 148 4173 243 4226; x_wconf 72' lang='lat' dir='ltr'>Gobltl·</span> <span class='ocrx_word' id='word_1_359' title='bbox 262 4171 399 4222; x_wconf 53' lang='lat' dir='ltr'>timim·</span> <span class='ocrx_word' id='word_1_360' title='bbox 412 4159 434 4224; x_wconf 57' lang='lat'>¹:</span> <span class='ocrx_word' id='word_1_361' title='bbox 451 4163 532 4220; x_wconf 52' lang='grc' dir='ltr'><em>ἴδωσι</em></span> <span class='ocrx_word' id='word_1_362' title='bbox 548 4167 597 4221; x_wconf 65' lang='lat'>¹⁴3⁹</span> <span class='ocrx_word' id='word_1_363' title='bbox 612 4187 655 4252; x_wconf 63' lang='lat' dir='ltr'>’‘¹&#39;ss</span> <span class='ocrx_word' id='word_1_364' title='bbox 706 4199 766 4250; x_wconf 87' lang='lat' dir='ltr'>dicis</span> <span class='ocrx_word' id='word_1_365' title='bbox 791 4201 920 4264; x_wconf 69' lang='lat' dir='ltr'>marginem</span> <span class='ocrx_word' id='word_1_366' title='bbox 939 4204 1046 4253; x_wconf 84' lang='lat' dir='ltr'>restituta</span> <span class='ocrx_word' id='word_1_367' title='bbox 1065 4202 1125 4268; x_wconf 86' lang='lat' dir='ltr'>siot;</span> <span class='ocrx_word' id='word_1_368' title='bbox 1149 4207 1213 4271; x_wconf 86' lang='lat' dir='ltr'>quod</span> <span class='ocrx_word' id='word_1_369' title='bbox 1236 4221 1285 4258; x_wconf 87' lang='lat' dir='ltr'>uon</span> 
     </span>
    </p>
   </div>
   <div class='ocr_carea' id='block_1_10' title="bbox 80 4231 1284 4388">
    <p class='ocr_par' dir='ltr' id='par_1_10' title="bbox 80 4231 1284 4388">
     <span class='ocr_line' id='line_1_39' title="bbox 81 4231 1284 4326; baseline 0.012 -15"><span class='ocrx_word' id='word_1_370' title='bbox 81 4258 137 4322; x_wconf 65' lang='lat' dir='ltr'><em>W</em></span> <span class='ocrx_word' id='word_1_371' title='bbox 160 4237 193 4290; x_wconf 55' lang='grc' dir='ltr'>τὰ</span> <span class='ocrx_word' id='word_1_372' title='bbox 221 4231 419 4320; x_wconf 61' lang='lat' dir='ltr'>¹⁰¹3,⁶‘⁸3f⁴“¹⁰‘</span> <span class='ocrx_word' id='word_1_373' title='bbox 441 4231 592 4307; x_wconf 48' lang='lat' dir='ltr'><strong><em>”dmum</em></strong></span> <span class='ocrx_word' id='word_1_374' title='bbox 610 4255 654 4290; x_wconf 56' lang='grc' dir='ltr'><em>Μ</em></span> <span class='ocrx_word' id='word_1_375' title='bbox 703 4267 778 4318; x_wconf 80' lang='lat' dir='ltr'>semei</span> <span class='ocrx_word' id='word_1_376' title='bbox 804 4269 912 4320; x_wconf 81' lang='lat' dir='ltr'>vidimus.</span> <span class='ocrx_word' id='word_1_377' title='bbox 946 4270 973 4320; x_wconf 94' lang='lat' dir='ltr'>ln</span> <span class='ocrx_word' id='word_1_378' title='bbox 997 4273 1108 4323; x_wconf 80' lang='lat' dir='ltr'>omnibns</span> <span class='ocrx_word' id='word_1_379' title='bbox 1131 4275 1200 4326; x_wconf 79' lang='lat' dir='ltr'>editis</span> <span class='ocrx_word' id='word_1_380' title='bbox 1224 4275 1284 4326; x_wconf 84' lang='lat' dir='ltr'>haec</span> 
     </span>
     <span class='ocr_line' id='line_1_40' title="bbox 80 4299 931 4388; baseline 0.008 -8"><span class='ocrx_word' id='word_1_381' title='bbox 80 4326 160 4380; x_wconf 49' lang='lat'><strong><em>&amp;⁰⁹⁰⁹</em></strong></span> <span class='ocrx_word' id='word_1_382' title='bbox 177 4306 383 4384; x_wconf 55' lang='lat' dir='ltr'>‘W‘isslmw</span> <span class='ocrx_word' id='word_1_383' title='bbox 400 4299 436 4363; x_wconf 52' lang='grc' dir='ltr'>ὥς</span> <span class='ocrx_word' id='word_1_384' title='bbox 453 4318 498 4360; x_wconf 69' lang='lat'>²¹⁰·</span> <span class='ocrx_word' id='word_1_385' title='bbox 705 4336 787 4386; x_wconf 81' lang='lat' dir='ltr'>eadem</span> <span class='ocrx_word' id='word_1_386' title='bbox 806 4337 931 4388; x_wconf 78' lang='lat' dir='ltr'>bibentur.</span> 
     </span>
    </p>
   </div>
   <div class='ocr_carea' id='block_1_11' title="bbox 84 4401 1283 4674">
    <p class='ocr_par' dir='ltr' id='par_1_11' title="bbox 84 4401 1283 4674">
     <span class='ocr_line' id='line_1_41' title="bbox 112 4401 1282 4469; baseline 0.003 -14"><span class='ocrx_word' id='word_1_387' title='bbox 112 4408 127 4456; x_wconf 88' lang='lat' dir='ltr'>l.</span> <span class='ocrx_word' id='word_1_388' title='bbox 151 4406 226 4465; x_wconf 81' lang='lat' dir='ltr'>Haec,</span> <span class='ocrx_word' id='word_1_389' title='bbox 250 4417 311 4469; x_wconf 83' lang='lat' dir='ltr'>quae</span> <span class='ocrx_word' id='word_1_390' title='bbox 329 4403 422 4454; x_wconf 85' lang='lat' dir='ltr'>uncinis</span> <span class='ocrx_word' id='word_1_391' title='bbox 439 4401 592 4454; x_wconf 81' lang='lat' dir='ltr'>includuntur</span> <span class='ocrx_word' id='word_1_392' title='bbox 611 4419 653 4454; x_wconf 87' lang='lat' dir='ltr'>ns·</span> <span class='ocrx_word' id='word_1_393' title='bbox 738 4419 759 4466; x_wconf 73' lang='lat' dir='ltr'>g.</span> <span class='ocrx_word' id='word_1_394' title='bbox 779 4405 833 4466; x_wconf 76' lang='lat' dir='ltr'>liag.</span> <span class='ocrx_word' id='word_1_395' title='bbox 859 4407 957 4468; x_wconf 75' lang='lat' dir='ltr'>Segoer.</span> <span class='ocrx_word' id='word_1_396' title='bbox 981 4407 1241 4461; x_wconf 67' lang='lat' dir='ltr'>continerentur.</span> <span class='ocrx_word' id='word_1_397' title='bbox 1261 4411 1282 4459; x_wconf 89' lang='lat' dir='ltr'>l.</span> 
     </span>
     <span class='ocr_line' id='line_1_42' title="bbox 84 4465 1283 4539; baseline -0.001 -15"><span class='ocrx_word' id='word_1_398' title='bbox 84 4467 213 4538; x_wconf 74' lang='lat' dir='ltr'>quandlu</span> <span class='ocrx_word' id='word_1_399' title='bbox 230 4467 325 4539; x_wconf 75' lang='grc' dir='ltr'><strong><em>σαρκί,</em></strong></span> <span class='ocrx_word' id='word_1_400' title='bbox 344 4473 367 4522; x_wconf 90' lang='lat' dir='ltr'>in</span> <span class='ocrx_word' id='word_1_401' title='bbox 386 4471 458 4522; x_wconf 87' lang='lat' dir='ltr'>nullis</span> <span class='ocrx_word' id='word_1_402' title='bbox 476 4471 598 4522; x_wconf 84' lang='lat' dir='ltr'>codicibus</span> <span class='ocrx_word' id='word_1_403' title='bbox 617 4474 652 4522; x_wconf 86' lang='lat' dir='ltr'>ls-</span> <span class='ocrx_word' id='word_1_404' title='bbox 703 4465 863 4522; x_wconf 77' lang='lat' dir='ltr'>dooroiouoo.</span> <span class='ocrx_word' id='word_1_405' title='bbox 897 4475 986 4538; x_wconf 67' lang='lat' dir='ltr'>duplic.</span> <span class='ocrx_word' id='word_1_406' title='bbox 1005 4484 1028 4527; x_wconf 86' lang='lat' dir='ltr'>et</span> <span class='ocrx_word' id='word_1_407' title='bbox 1043 4477 1146 4528; x_wconf 83' lang='lat' dir='ltr'>Felclm.</span> <span class='ocrx_word' id='word_1_408' title='bbox 1157 4477 1179 4527; x_wconf 83' lang='lat'>².</span> <span class='ocrx_word' id='word_1_409' title='bbox 1192 4472 1283 4525; x_wconf 74' lang='lat' dir='ltr'>deord-</span> 
     </span>
     <span class='ocr_line' id='line_1_43' title="bbox 85 4537 1282 4606; baseline 0.003 -16"><span class='ocrx_word' id='word_1_410' title='bbox 85 4549 162 4604; x_wconf 75' lang='lat' dir='ltr'>guntur</span> <span class='ocrx_word' id='word_1_411' title='bbox 177 4551 343 4606; x_wconf 83' lang='lat' dir='ltr'>praeterquam</span> <span class='ocrx_word' id='word_1_412' title='bbox 363 4541 386 4590; x_wconf 91' lang='lat' dir='ltr'>in</span> <span class='ocrx_word' id='word_1_413' title='bbox 405 4537 544 4590; x_wconf 69' lang='lat' dir='ltr'>iniciari.</span> <span class='ocrx_word' id='word_1_414' title='bbox 565 4541 603 4590; x_wconf 90' lang='lat' dir='ltr'>nbi</span> <span class='ocrx_word' id='word_1_415' title='bbox 622 4541 651 4591; x_wconf 87' lang='lat' dir='ltr'>ad</span> <span class='ocrx_word' id='word_1_416' title='bbox 703 4537 776 4596; x_wconf 69' lang='grc' dir='ltr'><strong><em>ἔωσι.</em></strong></span> <span class='ocrx_word' id='word_1_417' title='bbox 813 4542 885 4592; x_wconf 78' lang='lat' dir='ltr'>lircil.</span> <span class='ocrx_word' id='word_1_418' title='bbox 909 4551 931 4593; x_wconf 86' lang='lat' dir='ltr'>et</span> <span class='ocrx_word' id='word_1_419' title='bbox 955 4545 1010 4594; x_wconf 84' lang='lat' dir='ltr'>edit.</span> <span class='ocrx_word' id='word_1_420' title='bbox 1036 4544 1111 4595; x_wconf 74' lang='lat' dir='ltr'>Parin</span> <span class='ocrx_word' id='word_1_421' title='bbox 1129 4538 1282 4600; x_wconf 76' lang='grc' dir='ltr'>διστάζωσι.</span> 
     </span>
     <span class='ocr_line' id='line_1_44' title="bbox 85 4605 1081 4674; baseline 0.002 -16"><span class='ocrx_word' id='word_1_422' title='bbox 85 4611 203 4672; x_wconf 67' lang='lat' dir='ltr'>marginem</span> <span class='ocrx_word' id='word_1_423' title='bbox 221 4617 277 4660; x_wconf 86' lang='lat' dir='ltr'>sunt</span> <span class='ocrx_word' id='word_1_424' title='bbox 294 4610 396 4673; x_wconf 81' lang='lat' dir='ltr'>scripta3</span> <span class='ocrx_word' id='word_1_425' title='bbox 415 4609 594 4660; x_wconf 83' lang='lat' dir='ltr'>nuderitlectnr</span> <span class='ocrx_word' id='word_1_426' title='bbox 606 4623 651 4674; x_wconf 93' lang='lat' dir='ltr'>po·</span> <span class='ocrx_word' id='word_1_427' title='bbox 702 4609 764 4661; x_wconf 82' lang='lat' dir='ltr'>Edit.</span> <span class='ocrx_word' id='word_1_428' title='bbox 783 4609 897 4662; x_wconf 80' lang='lat' dir='ltr'>Commel.</span> <span class='ocrx_word' id='word_1_429' title='bbox 916 4605 1081 4668; x_wconf 63' lang='grc' dir='ltr'>ἀπάξουσι,</span> 
     </span>
    </p>
   </div>
   <div class='ocr_carea' id='block_1_12' title="bbox 114 4695 1079 4746">
    <p class='ocr_par' dir='ltr' id='par_1_12' title="bbox 114 4695 1079 4746">
     <span class='ocr_line' id='line_1_45' title="bbox 114 4695 1079 4746; baseline -0.004 -6"><span class='ocrx_word' id='word_1_430' title='bbox 114 4697 231 4740; x_wconf 77' lang='lat' dir='ltr'>drntntsn</span> <span class='ocrx_word' id='word_1_431' title='bbox 244 4707 302 4741; x_wconf 63' lang='lat' dir='ltr'>oros</span> <span class='ocrx_word' id='word_1_432' title='bbox 310 4706 382 4740; x_wconf 75' lang='lat' dir='ltr'>noca.</span> <span class='ocrx_word' id='word_1_433' title='bbox 393 4705 443 4739; x_wconf 77' lang='lat' dir='ltr'>snt..</span> <span class='ocrx_word' id='word_1_434' title='bbox 1048 4695 1079 4746; x_wconf 76' lang='lat'>51</span> 
     </span>
    </p>
   </div>
   <div class='ocr_carea' id='block_1_13' title="bbox 0 0 1572 5318">
    <p class='ocr_par' dir='ltr' id='par_1_13' title="bbox 0 0 1572 5318">
     <span class='ocr_line' id='line_1_46' title="bbox 0 0 1572 5318; baseline 0 0"><span class='ocrx_word' id='word_1_435' title='bbox 0 0 1572 5318; x_wconf 95' lang='lat' dir='ltr'> </span> 
     </span>
    </p>
   </div>
  </div>
 </body>
</html>
