3258 5276
587 299 695 344 outrto
710 299 731 344 ι.
748 298 1012 344 concussurae.
1350 283 1413 346 24¹1

184 465 278 526 esset,
301 470 365 516 aaa
385 455 529 534 raptam
550 450 720 514 arbitratur
743 461 788 514 ιιι
810 467 874 512 essa
895 467 928 511 sa
950 447 1105 532 aequalem
1126 447 1207 520 Deo,
1230 450 1283 513 red
1303 457 1500 512 sanct-w·

182 560 283 636 psum
304 557 483 623 eca'narn'ar't,
503 553 606 631 forata
628 555 714 612 sarai
733 561 869 630 accepta;
892 549 931 610 ita
945 545 1036 610 llarid
1051 549 1208 612 Dominum
1227 549 1344 629 hymnis
1360 567 1414 612 ce·

182 655 288 729 lebrat,
311 663 344 715 ιιι
364 663 516 714 aeternum
537 650 632 714 Deum
654 657 685 712 et
705 667 818 728 regem,
839 649 890 729 qui
912 649 949 710 ad
971 668 1028 711 nos
1051 648 1162 710 missus
1176 657 1313 712 nostrum
1328 669 1413 714 mar·

183 755 241 818 tale
262 753 359 816 induit
379 771 498 832 corpus.
541 751 574 814 ld
597 749 677 812 enim
700 749 845 830 significat
865 750 949 811 bisoe
969 749 1078 810 Psalmi
1100 748 1213 810 verbis:
1237 751 1364 830 Mprrba
1385 763 1415 816 et

183 866 272 938 putta
293 865 322 917 ct
345 857 426 917 casia
448 854 676 916 coeminentia
699 853 771 922 rote,
794 839 876 929 quod
898 849 977 912 idem
1001 849 1178 912 confirmant
1200 867 1265 912 cum
1286 850 1414 914 Nicode-

184 974 253 1019 mas
275 965 338 1018 tum
361 953 449 1016 blaria
473 952 631 1032 sociaeque
652 951 731 1022 eius.
753 951 803 1013 laic
824 969 891 1014 ctuu
913 954 993 1014 uenit
1009 951 1115 1030 sucas
1131 955 1298 1012 araturam
1311 969 1416 1030 murr-
1485 977 1493 990 ·

186 1057 240 1120 bae
263 1067 292 1119 ιι
305 1055 388 1118 alata
410 1054 507 1118 librar
531 1062 656 1127 matam,
680 1051 747 1114 illae
769 1062 909 1116 aromata
926 1045 1098 1133 portantes,
1124 1071 1201 1134 patae
1222 1049 1258 1112 ad
1281 1049 1418 1129 sepulta·

187 1175 249 1220 nm
270 1155 409 1236 corporis
431 1153 549 1216 Domini
567 1163 849 1234 praeparauerant.

270 1443 321 1506 48.
367 1439 460 1514 Quale
489 1455 561 1516 ergo
590 1437 806 1498 incrementum
829 1435 988 1498 immortali
1011 1435 1135 1498 mortale
1156 1435 1337 1510 assumenti,
1370 1435 1415 1498 rel

188 1560 262 1622 qnae
285 1540 408 1606 mutatio
429 1541 460 1601 in
482 1538 587 1600 melius
610 1547 732 1600 aeterno
748 1537 911 1616 temporale
925 1535 1059 1598 induenti
1078 1535 1225 1599 necessit?
1262 1537 1414 1612 Quaenam

188 1641 259 1704 item
281 1641 377 1703 maior
398 1619 512 1702 merces
534 1640 596 1700 Deo
619 1647 741 1700 aeterno
765 1647 795 1700 et
818 1638 895 1717 regi,
918 1637 967 1716 qui
990 1639 1021 1698 in
1045 1637 1113 1698 aiau
1132 1638 1228 1700 Patris
1252 1647 1315 1714 est,
1338 1657 1413 1702 con-

189 1741 304 1818 tingere
326 1739 438 1820 queat?
481 1742 526 1800 nn
548 1757 608 1798 nnn
631 1738 817 1820 perspicitis,
846 1739 925 1800 istud
948 1757 1066 1820 quoque
1087 1747 1210 1818 propter
1231 1757 1287 1800 nos
1309 1747 1339 1800 et
1359 1757 1415 1820 pro

192 1837 281 1900 nobis
303 1841 410 1902 lactum
435 1839 637 1918 scriptumque
666 1857 751 1912 esse,
784 1847 817 1900 nt
847 1840 937 1900 bomo
965 1842 1059 1902 lactus
1088 1839 1233 1900 [lominus
1263 1857 1336 1911 nos,
1366 1841 1416 1920 qni

191 1922 333 2000 mortales
357 1947 386 2000 et
408 1939 585 2020 temporales
607 1957 721 2008 samus.
744 1939 925 2002 immortales
948 1941 1085 2002 redderet
1106 1947 1193 2020 atque
1215 1939 1245 2001 in
1264 1949 1417 2001 aeternnm

193 2039 339 2102 caelorum
362 2059 485 2120 regnum
506 2038 733 2104 introduceret?
773 2042 817 2103 An
840 2060 901 2103 non
924 2040 1116 2114 erubescitis,
1148 2040 1199 2120 qui
1227 2041 1343 2102 divinas
1364 2040 1415 2102 lit·

191 2147 271 2202 teras
294 2140 408 2204 audeu's
430 2141 501 2204 salsa
522 2139 687 2202 adulterare
709 2140 978 2222 interpretatione?
1013 2141 1170 2202 Enimvero
1190 2149 1346 2220 postquam
1361 2141 1416 2204 ad·

189 2242 271 2302 venit
293 2241 435 2304 Dominus
457 2251 561 2304 noster
583 2241 666 2304 lesus
696 2243 850 2316 Christus,
880 2259 937 2304 nos
966 2241 1086 2322 quidem
1114 2261 1130 2304 a
1159 2253 1279 2322 peccato
1301 2242 1416 2306 liberati

190 2341 328 2406 niclinres
351 2344 446 2406 allecti
467 2345 596 2414 luimus,
618 2346 684 2424 ipse
706 2352 804 2405 aowin
828 2343 905 2406 idem
929 2333 1050 2406 omnino
1073 2351 1135 2417 est,
1159 2362 1215 2406 nec
1235 2343 1303 2423 qnia
1325 2345 1417 2404 bomo

190 2451 235 2504 est
257 2445 347 2506 lactus
370 2448 451 2520 (narn
474 2445 552 2506 idern
575 2443 771 2523 repetendum
788 2448 856 2521 est),
878 2433 1007 2508 annulus
1023 2453 1079 2516 est,
1103 2443 1156 2506 sed
1171 2443 1257 2506 sicuti
1274 2444 1418 2524 scriptum

189 2551 249 2605 est:
275 2543 401 2608 Verbum
425 2543 483 2607 Dea·
501 2553 603 2606 monet
626 2547 658 2606 in
679 2554 843 2606 aeranem.
887 2545 1023 2610 Profecto
1046 2545 1294 2626 quemadmodum
1316 2545 1419 2622 prius-

189 2663 276 2722 quam
299 2645 390 2707 homo
414 2645 508 2718 lieret,
531 2652 670 2722 tanquam
692 2643 819 2706 Verbum
842 2645 984 2728 Spiritum
1008 2655 1041 2708 ιιι
1063 2645 1109 2708 sui
1131 2645 1287 2726 proprium
1310 2639 1420 2702 sanctis

191 2742 448 2816 subministrabat,
471 2743 510 2805 ita
532 2744 621 2804 etiam
642 2744 732 2806 homo
754 2747 848 2808 lactus
870 2747 982 2826 Spiritu
1008 2763 1115 2807 omnes
1139 2745 1301 2806 sanctificat
1323 2739 1421 2818 aitque

193 2841 363 2919 discipulis:
387 2843 517 2922 Accipite
538 2843 688 2922 Spiritum
709 2856 857 2908 sanctum.
901 2847 988 2908 Hunc
1009 2863 1129 2924 quoque
1150 2841 1232 2904 dedit
1245 2841 1313 2920 ipse
1328 2836 1421 2916 Mopsi

195 2939 318 3018 allisque
340 2941 533 3020 septuaginta,
556 2959 718 3022 perquem
742 2953 770 3006 et
791 2945 881 3007 llarid
895 2946 1014 3008 Patrem
1037 2945 1085 3005 bis
1107 2942 1206 3004 verbis
1227 2939 1421 3021 precabatur:

196 3037 345 3118 Spiritum
366 3051 504 3102 sonatum
526 3054 613 3106 tuom
634 3063 671 3104 ne
692 3045 818 3124 auferar
841 3063 860 3106 a
881 3065 938 3108 me.
981 3041 1116 3121 Denique
1137 3041 1228 3103 homo
1248 3041 1342 3102 lactus
1358 3039 1504 3108 aia-aio.

194 3137 259 3200 bat:
288 3139 406 3204 Mittam
428 3141 511 3204 nodis
532 3143 737 3216 Paracletum,
760 3143 912 3224 Spiritum
934 3147 1088 3216 ueritatis,
1110 3161 1196 3222 quem
1218 3143 1320 3222 utique
1340 3139 1422 3202 misit

194 3257 281 3302 verax
302 3240 354 3303 llei
378 3241 516 3306 Verbum.
559 3243 661 3324 ltaque
683 3243 771 3308 lesus
802 3245 942 3308 Cbra'stus
973 3245 1041 3308 lere·
1065 3255 1094 3306 ct
1121 3245 1205 3306 lodie
1232 3245 1309 3306 idem
1337 3252 1367 3304 et
1389 3246 1421 3305 in

191 3340 327 3416 anomia,
356 3361 481 3404 manens
504 3343 712 3419 immutabilis,
741 3344 806 3426 ipse
830 3345 948 3426 estqui
972 3345 1020 3408 dat
1042 3353 1072 3408 et
1093 3345 1143 3425 qui
1164 3345 1285 3425 accipit3
1317 3343 1367 3404 dat
1388 3352 1422 3404 ιιι

191 3439 244 3502 Ilei
267 3442 412 3518 Verbum,
442 3443 546 3525 accipit
567 3453 599 3508 nt
620 3446 721 3508 homa.
765 3446 833 3509 Non
854 3465 924 3526 ergo
947 3447 1075 3510 Verbum
1097 3454 1130 3508 ut
1151 3446 1278 3508 Verbum
1301 3445 1333 3506 in
1354 3461 1420 3504 me·

191 3540 249 3604 lius
271 3543 398 3622 proficit
443 3543 515 3608 Nam
539 3545 637 3608 omnia
659 3546 762 3608 babuit
784 3565 960 3628 semperque
973 3547 1071 3612 babet.
1109 3545 1168 3608 Sed
1184 3547 1324 3610 homines
1341 3551 1422 3618 sunt,

192 3643 243 3722 qui
265 3643 295 3706 ia
323 3644 373 3705 illo
403 3652 434 3708 et
452 3665 508 3728 per
537 3646 619 3708 illum
641 3645 751 3710 habent
772 3648 933 3730 accipiendi
954 3649 1082 3712 initium.
1126 3647 1203 3708 Hinc
1224 3647 1321 3718 enim,
1354 3660 1421 3706 cum

228 3795 250 3843 d.
269 3795 368 3856 Sequar.
386 3794 426 3860 aqi
443 3795 508 3862 θεῷ.
535 3797 783 3862 Panlopostsegnar.
868 3815 890 3861 q.
909 3800 950 3849 Sic
959 3799 1102 3862 Segestica.
1127 3793 1317 3856 liepbloadoel.
1349 3793 1423 3843 basil.

192 3859 251 3919 nes.
270 3862 367 3911 Gobler.
393 3863 539 3912 etl'alclm.
559 3864 580 3914 l.
600 3850 643 3928 ἆρ’
664 3855 696 3912 οὔ
713 3863 783 3914 θεω-
832 3867 924 3927 duplic
934 3867 1040 3914 Felsina.
1050 3863 1075 3912 b.
1085 3859 1199 3928 Μωῦιιῇ.
1237 3861 1423 3914 Coterleteditl

213 3925 274 3982 εἶτε,
295 3919 339 3975 ὅτι
356 3917 401 3976 arui
418 3928 501 3978 rodco
519 3919 553 3978 δι’
571 3922 700 3994 ἡμᾶςκαὶ
715 3923 783 3996 ὑπὲρ
833 3928 957 3988 Maioris
973 3937 996 3980 et
1008 3925 1121 3988 Μωσῆς.
1157 3930 1231 3980 Paulo
1249 3937 1306 3993 port
1323 3930 1424 3991 Sequar.

193 3939 279 4072 dupin.
316 3995 377 4110 ⁸9⁵²}
402 4003 428 4074 ιι
452 3996 492 4074 alli
511 3987 552 4062 ἄρ’
573 3989 606 4043 ob
625 3998 784 4060 amittuntque
835 3999 934 4058 etlteq.
957 3987 1134 4060 πνεῦμάσου
1156 3985 1294 4061 abripior.
1331 3995 1424 4046 lbidem

192 4071 311 4179 mblsni:
326 4073 511 4194 gegedmbbq.
530 4137 553 4181 et
570 4127 677 4180 rotela.
695 4129 720 4180 d.
754 4131 783 4182 Ᾰι
835 4073 891 4180 ⁶obl.
904 4063 1426 4194 estsiptspuppntpwreutpppppptpacm

194 4193 235 4246 otii
253 4205 278 4246 at
291 4197 347 4246 aditi
366 4185 412 4260 ἄρ’
429 4187 485 4248 oriar.
838 4198 860 4247 l.
879 4205 902 4246 et
919 4197 944 4248 b.
978 4202 1005 4247 ιι
1023 4197 1063 4250 alii
1087 4207 1111 4249 ot
1128 4199 1201 4250 editio
1220 4196 1339 4249 Commel,
1357 4185 1425 4244 r’nro·

227 4263 246 4312 l.
264 4263 306 4313 Sic
322 4263 423 4326 Sequer.
441 4272 467 4314 ιιι
484 4274 508 4317 st
524 4263 675 4324 Esa.40.8.,
695 4265 735 4314 ubi
751 4264 784 4316 ila
834 4259 942 4315 στέλλω.

195 4329 297 4392 teritur:
314 4323 347 4378 ab
366 4324 395 4380 dl
432 4329 489 4398 ῆμιι
505 4331 556 4382 aad
573 4325 785 4447 deoddpolrpt-
869 4335 884 4384 i.
911 4327 1074 4396 Saraceni
1097 4323 1181 4386 αὐτός
1202 4323 1278 4380 tao
1300 4319 1340 4382 eia
1360 4319 1426 4381 roba

193 4407 235 4444 νει
259 4391 298 4452 ει
321 4389 371 4446 τὸν
395 4413 413 4446 α
435 4398 491 4450 're
526 4402 589 4452 auen
615 4408 639 4452 u
661 4401 701 4452 nrt
745 4413 785 4450 a·
836 4393 945 4454 atores.
1160 4455 1173 4476 .
1263 4445 1276 4476 ¹
1344 4457 1373 4469 Η

193 4459 279 4528 lm·
869 4471 892 4518 b.
910 4465 1065 4530 SicSeqaer.
1090 4467 1129 4516 abi
1156 4481 1170 4524 η
1196 4477 1275 4529 prop
1300 4460 1425 4510 sortbrtur.
