3234 5282
595 405 704 448 oasam
720 403 753 447 n.
769 403 886 448 denras
900 404 1036 448 saunas.
1358 371 1419 455 349

196 563 318 628 sutem.
332 553 400 636 quia
422 573 485 619 uon
506 555 708 636 potuerimus,
739 573 755 616 a
778 553 874 616 Verbo
897 555 964 618 lauti
987 555 1113 630 luimus3
1141 573 1194 618 eur
1214 573 1276 618 aon
1299 557 1336 618 de
1357 555 1507 626 illmuss.

195 656 305 737 quippe
326 656 376 738 qui
398 657 435 719 ab
457 650 531 738 'ipsu
554 666 661 738 posset
681 656 763 731 fleri,
793 657 847 718 sed
868 657 905 719 de
926 657 1015 718 nubis
1038 657 1172 720 creandis
1192 659 1321 738 primum
1343 657 1412 722 deli·

192 747 331 822 bennit
374 758 425 820 Vel
448 777 501 820 eur
522 777 606 831 eum,
629 757 681 838 qui
702 757 739 819 ab
761 757 829 837 ipso
852 757 918 819 fieri
940 766 1071 838 poterat,
1094 758 1154 828 bis,
1177 759 1227 839 qui
1249 777 1309 821 nun
1331 767 1420 840 pote-

194 868 277 933 raut,
306 879 368 922 non
398 858 594 939 anteposuit?
638 859 689 922 Vel
718 877 809 940 quare
832 877 898 922 eum
922 858 1050 940 primum
1074 878 1141 924 eum
1164 860 1283 934 lecerit,
1312 859 1348 922 de
1370 861 1421 924 illo

193 979 256 1024 uou
283 961 412 1041 primunr
441 960 636 1024 deliberavit?
678 961 736 1036 but
765 961 894 1041 denique
926 979 980 1024 rur
1012 979 1079 1023 cum
1109 962 1146 1022 de
1174 961 1261 1024 nobis
1293 961 1422 1041 primum

99 1079 103 1092 ·
193 1063 378 1138 deliberarit,
408 1047 477 1124 non'
496 1073 594 1124 tamen
622 1063 751 1142 primum
779 1081 836 1124 nos
865 1061 949 1136 lecit,
979 1082 1045 1124 eum
1075 1063 1110 1125 ad
1140 1082 1191 1124 res
1220 1080 1325 1124 omues
1347 1079 1421 1141 pru-

194 1166 337 1229 ereaudas
359 1165 433 1226 satis
455 1163 495 1227 sit
517 1183 584 1226 eum
614 1161 716 1225 velle?
759 1163 904 1242 Equidem
931 1164 1060 1243 primum
1090 1163 1172 1225 illum
1195 1181 1296 1224 creare
1318 1161 1423 1224 dieitur

193 1267 286 1340 Deus,
310 1268 363 1330 sed
386 1277 484 1330 tamen
506 1267 542 1326 de
565 1264 654 1327 nubis
677 1264 807 1344 primum
830 1263 982 1340 deliberat,
1005 1269 1122 1344 no'sque
1145 1264 1230 1344 prius
1252 1263 1314 1326 vult
1335 1281 1422 1343 quam

114 1427 121 1439 ,
192 1369 291 1449 ipsum
320 1367 546 1440 intermedium
579 1385 613 1428 ae
642 1385 698 1428 nes
727 1367 846 1448 quidem
869 1385 972 1430 creare
993 1366 1097 1428 volens
1121 1365 1210 1428 etde
1232 1365 1321 1428 uubis
1345 1363 1421 1426 deli·

190 1469 301 1534 berane
323 1488 372 1533 res
395 1477 632 1542 menusanum,
656 1467 737 1530 illum
760 1487 841 1544 rere,
865 1487 951 1548 quem
974 1467 1070 1530 nostri
1092 1485 1180 1530 eausa
1203 1474 1292 1540 creat,
1314 1465 1421 1529 Filium

192 1581 281 1653 atque
309 1571 467 1634 haeredem
499 1571 642 1633 nominat.
693 1569 781 1652 Atqui
814 1588 871 1632 nos
903 1569 1019 1650 potius,
1054 1587 1181 1649 quarum
1214 1561 1304 1648 gralia
1338 1567 1419 1630 illum

192 1674 276 1746 lacit,
306 1673 382 1735 lilios
411 1673 549 1753 oportuit
573 1670 730 1752 appellari,
759 1669 804 1733 rel
827 1671 1029 1744 consillum,
1059 1671 1109 1751 qui
1133 1669 1223 1732 Filius
1246 1676 1307 1745 est,
1336 1669 1420 1750 prius

193 1773 298 1836 debuit
317 1773 448 1853 cogitare
471 1783 501 1838 el
524 1773 612 1847 velle,
635 1782 758 1854 propter
780 1791 867 1853 quem
891 1773 1004 1836 scilieet
1025 1773 1112 1835 etiam
1135 1791 1193 1833 nos
1216 1789 1320 1834 omnes
1341 1772 1419 1833 lacit.

193 1873 275 1935 llaec
295 1884 376 1949 sunt,
399 1895 474 1954 quae
496 1884 636 1936 evomunt
658 1883 688 1938 et
710 1875 878 1939 ellutieules
902 1883 1048 1938 nauseant
1069 1872 1221 1936 baeretici.

281 1979 332 2042 31.
375 1976 442 2038 Non
465 1985 512 2038 est
533 1983 629 2038 autem
653 1976 772 2038 silentiu
794 1975 1108 2057 praetermittendum,
1132 1993 1206 2054 quae
1229 1974 1269 2036 sit
1290 1971 1425 2035 veritatis

196 2079 360 2152 sententia,
389 2079 443 2140 sed
471 2097 504 2140 ea
532 2078 632 2160 potius
659 2078 755 2158 ample
784 2077 958 2141 declaranda
987 2085 1045 2140 est.
1091 2077 1184 2156 lgitur
1211 2073 1339 2138 Verbum
1367 2073 1419 2136 [lei

192 2186 318 2260 propter
345 2197 403 2242 nos
430 2198 490 2242 non
520 2187 567 2242 est
600 2181 724 2254 lactum,
761 2181 812 2242 sed
845 2179 946 2260 potius
978 2197 1035 2240 uns
1069 2184 1193 2258 propter
1224 2177 1323 2257 ipsum
1352 2174 1419 2239 laeti

194 2299 313 2354 sumus,
342 2289 429 2372 atqp
457 2287 558 2346 emnia
583 2287 617 2344 ln
644 2275 711 2364 apuu
743 2294 848 2344 ereata
870 2291 953 2344 sunt.
997 2279 1098 2359 Neque
1120 2297 1191 2341 rere
1214 2279 1281 2358 quia
1304 2297 1361 2340 nos
1383 2278 1420 2340 ab

191 2383 258 2462 ipso
279 2383 341 2446 [leo
364 2385 428 2446 lie'ri
449 2403 512 2447 non
534 2401 706 2464 possemus,
730 2381 780 2442 ille
803 2388 900 2442 autem
922 2389 1043 2460 posset,
1072 2381 1182 2443 ideirco
1205 2399 1221 2442 a
1245 2379 1311 2442 solo
1333 2379 1420 2440 Patre
1519 2447 1525 2458 ⁴

191 2487 370 2560 eutimius,
398 2495 431 2548 ut
457 2505 515 2548 nos
541 2503 597 2564 per
625 2484 726 2562 ipsum
755 2489 892 2560 tauquam
923 2499 978 2562 per
1001 2499 1144 2560 organum
1174 2488 1304 2553 crearet;
1332 2468 1441 2552 absit‚'

189 2604 250 2648 non
279 2587 318 2650 its
347 2607 381 2649 se
408 2607 457 2648 res
484 2585 585 2647 babet.
630 2584 702 2644 Nam
732 2583 848 2645 etiamsi
870 2583 932 2646 lieu
954 2583 1117 2664 placuisset
1138 2583 1234 2644 nullas
1257 2600 1307 2643 res
1330 2582 1420 2642 laetas

190 2687 374 2764 producere,
406 2686 536 2747 Verbum
566 2684 759 2748 nibilominus
788 2695 869 2748 esset
899 2686 976 2766 apud
1011 2685 1141 2756 Patrem,
1176 2691 1263 2764 atque
1291 2683 1321 2744 in
1352 2683 1418 2761 ipso

193 2793 276 2846 esset
303 2784 401 2845 Pater.
443 2784 481 2845 tt
508 2803 578 2846 vero
607 2804 656 2847 res
677 2788 769 2848 laetae
791 2805 851 2848 nou
874 2796 1013 2867 poterant
1034 2787 1100 2849 sine
1122 2785 1212 2848 verbu
1235 2783 1316 2854 lieri3
1345 2799 1420 2862 quae

99 2949 102 2956 ,
192 2903 280 2947 eausa
302 2893 351 2947 est
372 2903 425 2946 eur
445 2903 500 2964 per
521 2885 619 2966 ipsum
642 2888 732 2948 laetae
755 2887 874 2962 luerint,
897 2896 926 2950 et
948 2890 1054 2949 merito
1078 2887 1207 2966 quidem.
1246 2883 1322 2958 Quia
1340 2881 1420 2945 enim

191 2985 322 3060 Verbum
351 2989 456 3046 natura
486 2993 534 3047 est
562 2988 702 3067 proprius
725 2987 909 3050 substantiae
931 2987 985 3049 Ilei
1008 2986 1115 3058 Filius,
1147 2994 1251 3067 estque
1274 2991 1421 3046 exeret

174 3087 223 3148 in
252 3105 305 3159 eo,
335 3086 378 3148 uli
406 3085 471 3167 ipse
500 3086 588 3161 dixit3
616 3087 708 3167 liquet
736 3107 809 3150 sune
830 3107 881 3150 res
905 3097 1018 3149 creatas
1042 3106 1101 3149 non
1124 3085 1261 3169 potuisse
1283 3105 1344 3149 non
1366 3103 1420 3166 per

191 3187 290 3268 ipsum
320 3187 394 3248 lieri.
438 3187 475 3249 Ut
504 3188 582 3250 euim
612 3187 662 3249 lux
691 3189 789 3250 omnia
818 3187 977 3268 splendore
1005 3187 1164 3262 illuminat,
1193 3189 1323 3269 nibilque
1352 3187 1449 3264 siue,

191 3288 350 3368 splendore
380 3297 479 3368 potest
507 3287 685 3364 illuminari,
714 3289 756 3354 ita
779 3289 918 3351 etl'ater
939 3289 1028 3376 veluti
1050 3307 1244 3368 permenam
1267 3290 1365 3352 omnia
1388 3289 1502 3354 inrue.

190 3389 287 3450 Verbo
311 3390 419 3465 effecit,
442 3389 574 3472 nihilque
589 3391 665 3481 ‘sine
686 3389 736 3452 illo
760 3391 836 3454 lacit.
881 3391 983 3472 ltaque
1005 3390 1096 3466 Deus,
1120 3399 1154 3454 ut
1174 3393 1416 3472 narratllopses,

188 3575 264 3625 deest.
300 3575 352 3626 llus
376 3577 477 3640 sepner.
502 3576 599 3628 Goblsr.
626 3577 730 3628 Felrlm.
752 3578 774 3630 1.
827 3578 932 3629 l'rlrlua.
954 3581 974 3630 l.
994 3587 1018 3630 et
1035 3579 1159 3644 inplicari.
1178 3569 1226 3628 ads
1244 3567 1362 3638 ἠδύνατο
1380 3567 1414 3625 de’

186 3642 243 3691 etl
269 3639 376 3692 ναῦσαι.
412 3645 501 3706 triplis.
520 3639 639 3693 surdius.
680 3647 775 3698 llrlirirt
826 3637 910 3696 αὐτοῦ
927 3644 1064 3712 γενέσθαι.
1363 3685 1368 3699 ,

186 3709 226 3758 alii
244 3704 360 3758 vauriae.
386 3705 774 3775 testamenmentum&
861 3734 876 3782 ᾗ,
896 3731 1148 3794 &guphpppcpm
1168 3723 1202 3775 τὰ
1219 3719 1317 3776 πάντα,
1346 3725 1416 3776 Gobl.

184 3772 289 3842 psum
304 3771 350 3825 καὶ
367 3775 663 3860 τοῦξομενμληγορεῖν·
681 3782 773 3832 lbileu
826 3807 850 3848 n
868 3799 973 3848 sernum.
994 3801 1014 3847 ι.
1034 3791 1134 3846 πάντα.
1171 3795 1232 3842 nuru
1251 3807 1274 3844 e
1292 3795 1331 3844 riri
1350 3785 1417 3842 πάν-

187 3845 292 3895 ῙΒῙΜ·
305 3846 330 3894 4·
350 3837 365 3890 ὅ
383 3857 433 3892 ¹⁰⁰
450 3847 517 3894 '‘¹⁶⁰'’
533 3843 621 3910 '⁰7⁰2
813 3877 885 3920 ,rum
922 3865 1013 3914 lbidem
1032 3867 1132 3920 superer.
1144 3861 1207 3920 Vlup..
1219 3869 1244 3909 rt
1260 3861 1332 3911 editio
1343 3861 1417 3912 cnu-

221 3929 237 3976 l.
265 3929 314 3979 Sici
331 3929 430 3989 Sepuar.
456 3929 554 3992 poster.
580 3939 601 3978 st
627 3928 732 3979 Felclm.
753 3932 775 3979 l.
829 3932 885 3978 mel.
904 3921 968 3978 ἄνευ
986 3919 1270 3992 τοῦᾶπαυγᾶσμαιος.
1298 3917 1416 3978 liticine

183 3995 231 4044 Alii
248 4011 304 4046 aero
323 4003 347 4046 et
363 3993 564 4044 editiocommel.
583 3978 663 4046 arium·
680 3987 717 4048 ὥς
733 3989 778 4043 du·
830 3987 1054 4060 ἂπαυγάσμαιος.
1091 3995 1148 4042 llum
1169 3995 1255 4044 ibidem
1275 3997 1375 4059 sepner.
1394 4005 1418 4047 et

183 4055 275 4116 ruric.
830 4059 935 4112 deletur.
952 4061 978 4112 4.
997 4052 1044 4110 οὐκ
1061 4051 1096 4108 ἄν
1114 4075 1140 4109 τι
1158 4058 1319 4126 φωτισθείη,
1345 4064 1417 4114 Basil.

219 4147 240 4208 p.
259 4131 408 4193 SicSepner.
429 4127 565 4180 thnbler.
577 4129 704 4190 l'elclml
722 4129 775 4179 etl.
830 4128 921 4182 lnulie.
941 4130 1044 4182 Frlrlrm.
1064 4130 1087 4181 5.
1107 4140 1130 4181 ει
1148 4131 1203 4194 lug.
1220 4125 1307 4186 οὐδεὶς
1325 4121 1360 4179 ἄν
1376 4144 1417 4184 τις

183 4211 230 4275 xus
254 4183 529 4313 χὰῧμκαῖςδὸξαᾷν.
566 4197 670 4276 5515551.
690 4197 713 4248 5.
731 4191 777 4274 xpi
829 4191 993 4278 pursqur'n.
1021 4198 1082 4250 Edili
1100 4208 1124 4250 rt
1141 4201 1181 4250 alli
1200 4189 1287 4254 οὐδεὶς
1305 4189 1339 4247 ἂν
1357 4212 1417 4264 φω-

183 4279 292 4389 mal
309 4263 359 4393 Ξεα
377 4281 416 4326 ην.
452 4266 497 4316 ⁵¹¹¹
525 4273 549 4316 ⁸²
573 4266 630 4316 edm
653 4277 698 4314 m
720 4279 775 4332 m
827 4265 1043 4415 utqks‘sspuerirn.
1061 4359 1085 4402 et
1102 4351 1207 4402 Felrlm.
1223 4352 1247 4402 l.
1265 4343 1300 4398 sd
1317 4342 1416 4399 πάντα.

218 4417 241 4467 la.
260 4421 360 4482 sepner.
381 4417 592 4470 Gebler.Vrldlm.
607 4417 689 4472 bell.
708 4415 775 4466 θεοῦ
827 4419 853 4468 lu
878 4419 932 4470 aliis
950 4427 974 4469 rt
992 4421 1062 4470 editis
1079 4412 1114 4466 rai
1133 4422 1208 4468 deest.
1245 4419 1295 4467 llos
1315 4419 1415 4478 sepner.

186 4476 202 4530 ὅ
224 4477 290 4538 uidc-
332 4487 393 4536 tuin
418 4495 441 4537 et
465 4487 505 4536 alil
528 4484 596 4534 θεοῦ
621 4479 686 4538 υἱός.
722 4485 774 4536 llox
827 4487 924 4538 Gobler.
943 4487 1048 4538 Faleim.
1072 4487 1092 4536 l.
1111 4495 1134 4536 sl
1151 4487 1175 4537 4.
1194 4473 1268 4534 εἶπεν
1286 4469 1341 4531 οὖν.
1370 4480 1415 4530 dlii

184 4551 285 4614 Seguer.
303 4545 596 4604 reuertissent&
617 4543 700 4616 αὐτῷ.
727 4555 774 4602 Ca·
826 4561 851 4602 et
868 4555 925 4604 editt
944 4541 999 4602 slus
1017 4551 1093 4616 γοῦν,
1129 4549 1414 4602 ΙᾱιιΙ.ῦοδΙοτ.Ι·“υΙοΙω.

184 4621 230 4670 teri
249 4623 272 4670 ἐι
290 4621 347 4671 editi
363 4615 409 4669 nui
426 4613 456 4672 lv
474 4613 557 4676 αὐτῷ.
595 4619 687 4670 ibidem
703 4619 773 4670 Gobl.
830 4621 850 4668 l.
870 4629 893 4670 st
910 4621 934 4670 5.
953 4611 990 4672 dc
1006 4615 1118 4678 Μωσῆς.
