3226 5280
243 377 304 438 122
641 392 667 435 ι.
682 391 837 437 ιττιιιιειι
852 392 1074 437 ιεετιενιεεονι

152 557 228 600 των.
237 540 292 606 καὶ
314 543 368 606 σοὶ
390 535 432 605 δι’
457 535 557 620 άλλης
580 537 758 628 ἐπιστολῆς
779 539 927 626 έγραψα·
951 539 984 607 ἐν
1007 533 1059 618 οἷς
1080 537 1199 626 ἤίεγξα
1219 543 1273 606 καί
1296 538 1315 606 ὃ
1337 547 1470 630 προφέ-

238 663 352 728 ρουσιν
374 639 516 728 ἔγαλημα
537 634 605 706 κατ’
630 639 710 726 ἐμοῦ
734 642 859 726 ψεῦδος
881 637 928 720 ἀν,
953 635 998 719 ιὺς
1020 634 1059 706 οά
1082 642 1234 727 λέγοντος
1247 640 1305 708 τὸν
1316 643 1469 729 Χριστὸν

238 735 416 825 ὁμοοάσιον
447 735 533 807 εἶναι
561 744 608 827 τῷ
637 745 719 827 θεῷ.
766 742 796 810 ελ
822 740 883 828 γάρ
911 745 966 808 καλ
994 740 1033 808 τὸ
1062 737 1169 826 ὄνομα
1190 742 1290 808 τοῦτό
1303 767 1400 831 ,φημι
1420 725 1466 851 μη

238 836 406 927 εὑρηκέναι
431 839 513 926 μηδ’
538 836 753 927 ἀνεγνωκέναι
780 866 848 910 που
870 847 937 910 τῶν
960 839 1061 928 άγίων
1083 847 1236 930 γραφῶν,
1261 838 1347 910 ἀλλά
1367 868 1404 929 γε
1424 869 1468 910 τα

238 941 478 1030 ἐπιχειρήματά
505 966 570 1028 μου
592 940 635 1009 τά
657 943 745 1032 ἑξῆς,
775 942 797 1010 ἃ
820 944 1063 1030 σεοιωπὴκασι,
1093 947 1152 1033 τῆς
1174 941 1326 1024 διανοίας
1346 943 1467 1032 ταύτης

238 1037 296 1110 οὑκ
328 1041 461 1131 ἀπᾴδει.
504 1046 559 1110 καί
591 1043 653 1131 γάρ
685 1039 922 1132 ’ἀνθρωπείαν
948 1045 1046 1132 γονὴν
1074 1050 1271 1133 παρεθέμην
1299 1046 1398 1133 δῆλον
1420 1040 1466 1125 ὥς

238 1135 340 1212 οὖσαν
373 1141 527 1233 ὁμογενῆ,
562 1143 673 1232 φήσας
704 1145 840 1225 πάντως
867 1145 945 1226 τοὺς
972 1156 1080 1233 γονεῖς
1101 1145 1203 1230 μόνον
1225 1147 1357 1234 ἑτέρους
1379 1141 1465 1215 εἶναι

237 1249 303 1313 τῶν
324 1251 454 1327 τέκνων,
479 1242 531 1312 ὅτι
551 1245 596 1334 μὴ
618 1241 713 1314 αὑτοὶ
736 1242 801 1316 εἷεν
821 1246 864 1314 τά
885 1252 1006 1328 τέκνα,ὓ
1028 1240 1049 1333 ἢ
1069 1247 1152 1335 μήτε
1165 1258 1273 1334 γονεῖς
1289 1243 1467 1334 ἀναγκαῖον

236 1343 395 1435 ὑπάρχειν
418 1343 504 1416 εἶναι
523 1346 605 1435 μήτε
626 1352 731 1414 τέκνα.
769 1351 822 1414 καὶ
844 1347 903 1435 τὴν
924 1349 984 1432 μὲν
1007 1347 1195 1435 ἐπιστολήν,
1221 1344 1266 1428 ὥς
1287 1354 1465 1435 προεῖπον,

238 1448 296 1516 διὰ
322 1449 382 1529 τάς
402 1448 617 1535 περιστάσεις
640 1443 698 1514 οὑκ
720 1448 782 1531 έχω
803 1456 1024 1536 προκομίσαι·
1053 1444 1117 1516 εἶδ’
1143 1440 1215 1530 οὑν,
1240 1444 1324 1516 αὑτά
1345 1473 1401 1516 σοι
1422 1448 1466 1516 τὰ

236 1549 313 1616 τότε
340 1549 484 1638 ῥήματα,
513 1551 640 1635 μάλλον
669 1550 705 1615 δὲ
727 1552 798 1616 οκαὶ
825 1549 937 1639 πάσης
968 1545 1169 1636 ἀνέπεμψα
1189 1549 1228 1615 τὸ
1251 1545 1463 1647 ἀντίγραφον,

238 1646 322 1736 άπερ
345 1645 385 1718 ἀν
408 1646 592 1741 εάπορήσω,
615 1649 759 1738 ποιήσω.
800 1645 877 1718 olda
899 1653 1003 1718 δὲκαὶ
1019 1657 1185 1739 μέμνημαι
1205 1652 1345 1718 πλείονα
1359 1674 1464 1736 προς-

237 1755 314 1832 θελς
344 1755 410 1820 τῶν
445 1755 606 1839 συγγενῶν
640 1747 845 1838 ὁμοιώματα.
889 1755 945 1818 καί
972 1751 1034 1840 γὰρ
1061 1751 1117 1819 καλ
1146 1751 1249 1840 φυτὸν
1272 1745 1368 1819 ελπον
1391 1746 1462 1818 άπὸ

238 1859 429 1940 σπέρματος
450 1847 472 1938 ἢ
495 1848 564 1920 ἀπὸ
587 1852 677 1941 ῥίζης
699 1847 843 1921 ἀνελθὸν
866 1853 976 1940 ἕτερον
1000 1849 1086 1922 εἶναι
1099 1857 1157 1920 τοῦ
1175 1849 1256 1920 ὅθεν
1271 1851 1462 1940 ἐβλάστησε,

152 1958 291 2022 amna)
313 1954 450 2032 πάντως
469 1953 600 2040 λὲκείνφ
621 1959 823 2042 καθέστηκεν
846 1949 1000 2042 ὑμοφυές,
1024 1958 1078 2022 καί
1100 1954 1252 2040 ποταμὸν
1275 1948 1344 2020 άπὸ
1359 1957 1466 2041 πηγῆς

238 2057 356 2141 ῥέοντα
378 2055 489 2141 ἕτερον
511 2058 618 2141 σχῆμα
639 2054 695 2122 καὶ
717 2053 823 2140 ὄνομα
837 2057 1088 2143 μετειληφέναι·
1110 2056 1193 2142 μήτε
1206 2055 1267 2142 γὰρ
1283 2054 1341 2141 τὴν
1358 2054 1464 2144 πηγὴν

238 2155 390 2239 ποταμὸν
410 2156 493 2242 μήτε
513 2156 571 2223 τὸν
592 2155 746 2242 ποταμὸν
767 2154 876 2243 πηγήν
897 2159 1065 2241 λέγεσθαι,
1088 2158 1144 2222 καὶ
1167 2150 1341 2244 ἀμφότερα
1357 2152 1465 2242 ὑπάρ-

236 2283 321 2341 χειν,
355 2260 409 2324 καὶ
435 2256 494 2344 τὴν
522 2259 582 2341 μέν
611 2256 718 2346 πηγὴν
742 2256 844 2323 οἱονεὶ
866 2261 1014 2343 ’πατέρα
1036 2251 1138 2336 εἶναι,
1171 2255 1230 2322 τὸν
1253 2259 1290 2324 δέ
1311 2255 1463 2342 ποταμὸν

238 2353 324 2428 εἶναι
352 2358 386 2426 έν
413 2360 472 2447 τῆς
499 2361 606 2447 πηγῆς
627 2354 725 2446 ὑόωρ.
771 2354 856 2424 ἀλλά
876 2359 980 2423 ταῦτα
1001 2357 1062 2441 μέν
1082 2360 1136 2423 καὶ
1159 2356 1362 2424 τὰτοιαῦτα
1382 2358 1465 2444 μηδὲ

239 2455 320 2548 ὑρᾷν
341 2465 561 2546 γεγραμμένα,
594 2454 663 2526 ἀλλ’
689 2460 790 2526 οίονελ
813 2457 1017 2545 τυφλώττειν
1040 2453 1292 2542 ὑποκρίνονται·
1318 2469 1391 2536 τοῖς
1412 2459 1464 2524 ’δὲ

119 2577 129 2594 ·
239 2561 314 2628 δυσὶ
336 2562 510 2648 ῥηματίοις
532 2555 731 2640 ἀσυνθέτοις
752 2558 909 2647 καθάπερ
933 2561 1046 2640 λίθοις
1066 2557 1235 2643 μακρόθεν
1258 2557 1466 2643 ἐπιχειροῦσί

237 2687 280 2747 με
300 2661 449 2747 βάλλειν,
479 2656 672 2747 ἀγνοοῦντες
700 2656 745 2740 ὡς
766 2663 833 2727 τῶν
856 2655 1082 2746 ἀγνοουμένων
1104 2663 1158 2726 καί
1180 2663 1395 2746 προςαγωγῆς
1418 2659 1465 2739 εἰς

238 2763 418 2850 έπίγνωσιν
441 2763 603 2848 δεομένων
626 2757 664 2829 οὑ
685 2760 788 2846 μόνον
811 2755 931 2829 ἀλλοῖα
953 2762 1123 2842 πολλάκις,
1148 2755 1232 2828 ἀλλὰ
1251 2759 1308 2827 καὶ
1321 2755 1465 2827 ὑπεναν-

238 2871 294 2932 τία
325 2863 483 2952 τεκμήρια
513 2870 639 2949 γίνεται
670 2866 736 2929 τῶν
765 2861 1029 2950 ἐπιζητουμένων
1051 2864 1238 2952 δηλώματα.
1283 2860 1317 2928 ἐν
1338 2861 1396 2927 ’δὲ
1417 2863 1465 2946 τῷ

202 2987 213 2996 ·
237 2971 338 3055 τρίτῳ
360 2967 479 3054 βιβλίῳ
502 2972 621 3054 φησίν·
649 2962 714 3050 ζωὴ
742 2965 777 3032 ἐκ
806 2964 889 3050 ζωῆς
911 2964 1079 3056 ἐγεννήθη,
1102 2968 1156 3031 καὶ
1179 2959 1288 3048 ὥςπερ
1310 2959 1465 3045 ποταμὸς

239 3062 308 3135 ἀπὸ
323 3072 430 3158 πηγῆς
447 3067 589 3155 έρῥευσε,
612 3067 667 3132 καί
685 3062 755 3132 ἀπὸ
768 3065 880 3154 φωτὸς
892 3061 1054 3152 ἀσβέστου
1066 3063 1220 3151 λαμπρὸν
1232 3065 1305 3152 φῶς
1315 3059 1462 3150 ἀνηφθη.

326 3175 374 3236 19.
421 3176 481 3247 Τίς
512 3167 638 3235 τούτων
672 3160 799 3235 ἀκοάων
828 3161 867 3234 οὑ
894 3173 1015 3252 μανίας
1042 3165 1165 3233 λοιπὸν
1192 3170 1465 3250 καταψηφίσεται

238 3269 305 3333 τῶν
337 3263 569 3336 ὑπονοούντων
601 3268 659 3335 τὸν
680 3267 861 3336 Διονύσιον
893 3266 936 3333 τὰ
954 3261 1085 3354 Ἀρείου
1115 3276 1268 3356 φρονεῖν,·
1302 3263 1373 3331 ίδοὺ
1401 3263 1463 3349 γὰρ

238 3365 296 3433 διὰ
317 3365 443 3434 τούτων
465 3373 617 3455 φανερῶς
639 3370 752 3434 πᾶσαν
776 3362 877 3434 αὑτοῦ
892 3377 995 3434 πατεῖ
1008 3367 1067 3456 τὴν
1083 3368 1210 3454 αἵρεσιν
1225 3376 1298 3446 τοῖς
1311 3369 1369 3452 τῆς
1384 3359 1464 3452 άλη-

237 3471 337 3546 θείας
359 3468 539 3553 λογισμοῖς.
584 3467 623 3533 τὸ
644 3467 705 3552 μέν
726 3465 788 3552 γάρ
812 3462 869 3534 οὐκ
890 3456 929 3556 ἦν
951 3471 1031 3555 πρίν
1045 3472 1188 3556 γεννηθῇ
1203 3466 1259 3534 καὶ
1273 3465 1312 3533 τὸ
1326 3456 1365 3553 ἦν
1380 3488 1465 3532 ποτε

239 3563 297 3636 ὅτε
329 3563 387 3636 οὑκ
417 3556 457 3655 ἦν
486 3561 616 3651 ἀναιρεῖ
642 3570 689 3654 τῷ
711 3570 770 3634 τοῦ
794 3561 1054 3655 ἀπαυγάσματος
1075 3569 1161 3657 λόγῳ
1182 3568 1239 3636 καὶ
1259 3570 1375 3655 λέγων,
1410 3561 1466 3634 ὅτι

237 3667 356 3736 τούτου
380 3664 397 3734 ὑ
420 3667 530 3757 πατὴρ
554 3664 612 3735 οὑκ
632 3657 672 3755 ἦν
694 3691 779 3736 ποτε
801 3665 927 3755 ἀγονος,
952 3669 1011 3736 Ιτὸ
1034 3670 1070 3737 δὲ
1092 3669 1128 3750 ἐξ
1149 3664 1207 3736 οάκ
1228 3667 1332 3736 άντων
1355 3661 1464 3733 αὑτῶν

239 3761 369 3858 ἀναιρεῖ
390 3769 424 3838 έν
445 3773 492 3857 τῷ
515 3771 629 3857 λέγειν,
653 3767 711 3836 τὸν
733 3769 830 3857 λόγον
853 3765 939 3838 εἶναι
960 3766 1006 3849 ιὺς
1027 3769 1181 3856 ποταμὸν
1204 3765 1273 3838 ἀπὸ
1288 3771 1395 3858 πηγῆς
1408 3767 1464 3834 καλ

237 3869 382 3958 βλαστὸν
404 3867 474 3940 ἀπὸ
496 3871 587 3964 ῥίζης
607 3873 661 3940 καλ
685 3877 796 3940 τέκνον
819 3865 889 3940 ἀπὸ
910 3877 1032 3958 γονέως
1054 3871 1108 3940 καὶ
1131 3875 1205 3962 φῶς
1226 3871 1261 3939 έκ
1283 3869 1396 3960 φωτὸς
1409 3871 1463 3936 καὶ

272 4075 293 4109 ι.
313 4060 354 4110 Sic
378 4061 434 4122 fleg.
459 4062 558 4113 Ττοτίο.
584 4063 654 4114 colb.
679 4065 724 4115 Ιει.
761 4064 822 4114 Edit}
877 4072 900 4113 ει
919 4065 981 4114 infr·
1000 4065 1023 4114 in
1044 4063 1106 4112 libro
1125 4057 1464 4127 d085norir[rom.1.r.n.

239 4141 294 4178 vero
312 4121 431 4192 καὶγὰρ
448 4123 503 4176 καί.
876 4147 900 4194 p.
915 4127 995 4196 7584.
1031 4131 1083 4180 Μαι
1109 4130 1205 4179 Tauria.
1231 4129 1301 4180 corb.
1319 4131 1365 4179 Ιοε.
1383 4139 1466 4194 προε-

273 4196 295 4244 Ι).
314 4197 374 4244 Tota
393 4196 453 4246 haec
470 4197 603 4246 sententia:
622 4187 638 4256 ἢ
655 4189 825 4262 μήιεγονεῖς
875 4193 997 4261 νομίσαι.

157 4291 159 4300 =
239 4251 392 4326 ἀναγκαῖον
408 4255 541 4330 ὑπάρχειν
558 4249 629 4312 εἶναι
643 4258 714 4329 μήτε
732 4261 821 4320 τέκνα,
911 4279 931 4314 ε.
948 4259 996 4310 καί
1018 4263 1087 4313 deest
1106 4263 1128 4311 in
1148 4262 1245 4310 Τισιίιι.
1270 4261 1317 4310 les.
1343 4270 1366 4312 ει
1384 4261 1465 4322 Colb„

239 4331 303 4394 qnod
321 4330 383 4381 dure
402 4330 525 4381 εΙιοτιιΙιε
544 4331 567 4380 in
582 4327 824 4381 Ιιιοαεαεεωτίιινα
877 4331 916 4393 qui
944 4329 1042 4379 ultimus
1066 4328 1130 4377 idern
1155 4329 1227 4378 habet
1248 4320 1348 4386 νεάτην.
1386 4327 1464 4378 ΒειίΙ.

238 4398 440 4458 terminarentur,
467 4398 491 4448 in
517 4397 587 4448 εέὶιίε
614 4397 704 4447 omissa
729 4399 824 4448 fuerat:
876 4396 982 4446 secunda
1003 4409 1074 4446 ωιτν
1093 4387 1186 4442 πάσιν.

238 4466 281 4515 τεά
306 4465 408 4516 habetur
435 4465 459 4515 in
485 4466 541 4528 neg.
565 4465 663 4515 Ττοιίο.
688 4463 759 4514 Colb.
778 4465 825 4514 [τε.
910 4461 932 4511 d.
952 4461 994 4513 Sic
1011 4463 1067 4524 Βες.
1086 4463 1184 4511 Τιοτίιι
1196 4469 1219 4510 ει
1229 4459 1268 4510 fr.
1281 4461 1299 4510 1.
1335 4458 1464 4510 Εάίιίτιεο

238 4532 277 4582 Fr.
297 4532 438 4598 Liremque
455 4533 479 4584 in
495 4531 653 4667 φειεεεάεοιί
672 4531 753 4582 Ττιεῑ.
772 4529 824 4591 (ubi
875 4522 970 4580 έκεῖνο.
1009 4529 1061 4580 Μαι
1079 4528 1243 4591 Ηες.1“τοιίο.
1260 4517 1465 4592 οειο.1ω.ὁμι-

238 4599 326 4664 legitur
343 4591 476 4667 ὑπάρχον)
507 4600 544 4652 rd.
563 4615 587 4666 p.
602 4596 644 4652 66.
662 4597 734 4649 λαίαν
753 4593 823 4665 τέω]
875 4591 951 4664 φυίε.
989 4597 1019 4648 Ει
1045 4597 1076 4648 λιι
1101 4595 1158 4659 legit
1181 4593 1370 4660 Nunniussqui
1393 4595 1464 4646 vertit
