3236 5286
565 398 671 444 enarro
687 367 840 442 ncourtu
854 399 990 442 rennos.
1319 383 1380 448 Ἅι

156 548 333 622 destructio,
362 555 425 610 tum
454 554 486 608 ut
514 547 694 610 resurrectio
722 547 893 610 exaltatione
921 549 1004 610 firma
1032 567 1086 628 per
1113 549 1211 628 ipsum
1240 549 1470 612 manuisum.

154 657 339 734 perseveret.
383 647 426 710 lie
452 655 578 726 utroque
601 657 700 708 autern
722 647 810 708 dixit:
841 647 922 710 lietu
952 647 1041 708 illem
1069 649 1215 712 exaltavit
1235 641 1272 712 ¹et
1297 651 1382 714 neus

153 753 206 848 gli
226 753 364 820 donavit,
394 757 427 809 ιιι
447 748 517 810 binc
538 747 626 810 etiarn
649 748 838 818 ostenderet,
873 765 935 807 non
958 747 1076 806 Patrem
1100 749 1206 808 lactum
1230 769 1293 811 esse
1315 767 1381 814 car·

157 871 235 926 nem,
259 851 313 912 sed
335 850 400 911 eins
422 849 551 909 Verbum
573 847 724 908 bominem
748 849 856 908 lactum
881 865 959 919 esse,
983 845 1019 904 ab
1043 865 1137 924 eoque
1154 847 1320 914 humanitus
1335 870 1383 912 ao-

157 953 257 1033 cipere
278 959 308 1012 et
329 949 460 1022 exaltari,
484 956 516 1010 ut
537 946 595 1008 iam
619 955 666 1008 est
687 945 807 1008 dictum.
847 945 971 1006 Constat
985 955 1082 1008 autern
1099 966 1155 1008 uec
1170 947 1200 1007 id
1222 947 1386 1010 indubium

156 1053 393 1131 incompotem,
425 1069 475 1120 ea,
503 1067 579 1128 quae
606 1047 657 1109 dat
678 1047 782 1120 Pater,
810 1065 865 1126 por
892 1047 997 1108 lilium
1026 1048 1106 1109 dare.
1152 1047 1297 1122 Quocirca
1319 1046 1389 1110 illud

156 1155 290 1234 prolecto
313 1151 461 1231 singulare
483 1150 628 1230 planeque
650 1147 823 1210 admirabile
845 1157 900 1222 est,
923 1150 1000 1228 quod
1023 1149 1164 1228 grabam,
1186 1167 1274 1230 quam
1297 1148 1389 1210 Filius

156 1257 243 1318 Patre
265 1255 395 1316 donante
417 1253 481 1314 aliis
505 1251 647 1330 impertit,
669 1250 735 1328 ipse
756 1250 863 1310 dicitur
884 1250 1028 1328 accipere,
1051 1259 1080 1312 et
1091 1251 1280 1322 exaltatione,
1303 1269 1391 1328 quarn

158 1357 234 1418 idern
257 1353 350 1416 Filius
370 1353 458 1416 Patre
481 1353 552 1414 item
576 1352 720 1413 exaltante
741 1351 873 1430 perlicit,
904 1351 971 1430 ipse
1001 1371 1119 1431 quoque
1141 1352 1295 1414 exaltatur.
1340 1349 1391 1412 llle

156 1457 313 1528 nimimm,
341 1455 391 1534 qui
414 1453 466 1514 llei
489 1453 567 1516 lilius
591 1461 670 1525 erat,
699 1451 831 1514 bominis
852 1469 971 1530 quoque
994 1451 1072 1514 fitius
1095 1461 1141 1514 est
1163 1455 1271 1526 lactus,
1300 1461 1388 1532 atque

159 1566 190 1618 ut
212 1556 341 1618 Verbum
363 1555 451 1617 Patre
473 1555 561 1616 dante
584 1555 634 1615 dat
656 1553 773 1624 omnia3
796 1571 862 1614 nam
886 1553 995 1626 omnia,
1023 1573 1096 1633 quae
1118 1555 1186 1615 lacit
1208 1563 1236 1615 et
1257 1555 1306 1615 dat
1327 1553 1474 1620 Pa-ruso.

158 1667 213 1730 ter,
236 1655 411 1737 peripsum
434 1655 504 1716 lacit
526 1661 557 1714 et
576 1654 709 1732 praebet.
754 1653 835 1714 ldem
858 1673 929 1714 vero
951 1662 983 1716 ut
1006 1655 1082 1716 lilius
1099 1655 1229 1716 bominis
1247 1673 1291 1728 sa,
1313 1675 1388 1734 quae

158 1759 225 1835 lpse
247 1757 313 1827 dat,
345 1755 517 1816 humanitus
547 1755 679 1832 accipere
707 1753 830 1827 dicitur,
864 1755 931 1833 quia
959 1755 1070 1816 sedicet
1098 1773 1158 1816 non
1188 1756 1307 1818 alterius
1336 1757 1389 1818 sed

160 1856 257 1935 ipsius
279 1855 320 1915 sit
340 1871 461 1932 corpus,
485 1853 565 1931 quod
588 1872 623 1914 ex
644 1873 698 1916 sua
720 1861 824 1916 natura
846 1855 967 1933 gratiam
989 1863 1088 1934 potest
1109 1857 1255 1935 accipere,
1278 1855 1321 1916 uti
1342 1855 1389 1918 di-

161 1955 271 2017 ximus.
313 1954 445 2033 Namque
467 1954 637 2034 accipiebat,
663 1963 808 2034 quatenus
830 1955 1011 2018 exaltabatur
1031 1957 1132 2031 bomo,
1155 1957 1239 2020 cuius
1255 1955 1391 2019 exaltatio

163 2063 229 2116 erat
248 2055 339 2118 Deum
361 2055 458 2136 ipsum
482 2055 568 2118 ellici.
613 2057 740 2118 Verbum
764 2065 862 2120 autem
887 2075 1005 2137 semper
1034 2058 1112 2122 istud
1142 2059 1244 2122 babuit
1272 2077 1306 2122 ex
1334 2076 1390 2139 pa·

163 2165 245 2218 terna
268 2158 312 2220 sui
334 2157 483 2220 divinitate
506 2165 536 2218 et
555 2159 750 2238 perfectione.

240 2661 294 2722 ld.
336 2657 439 2733 ltaque
461 2655 487 2714 is
510 2672 601 2715 verus
622 2662 669 2716 est
689 2653 845 2719 verborum
868 2657 1006 2738 Apostoli
1031 2677 1152 2732 sensus,
1182 2675 1279 2736 eoque
1302 2656 1397 2720 valide

159 2757 348 2817 conlutantur
370 2755 467 2834 impii.
513 2753 603 2828 Quod
624 2755 695 2818 item
715 2758 757 2818 ait
777 2758 889 2819 Cantor
911 2777 1007 2831 sacer,
1030 2769 1145 2820 rectum
1164 2755 1302 2816 similiter
1325 2773 1396 2816 sen-

160 2873 229 2917 sum
253 2853 381 2926 obtinet,
410 2871 500 2932 quem
521 2871 610 2933 prava
633 2855 673 2916 illi
695 2856 815 2936 quidem
839 2859 1085 2936 interpretatione
1108 2864 1321 2934 corrumpunt,
1345 2855 1398 2916 sed

159 2955 265 3034 pietati
287 2971 355 3014 esse
376 2970 545 3015 consonum
565 2963 648 3033 patet
668 2975 704 3016 ex
725 2957 793 3035 ipso
816 2957 953 3030 Psalmo,
985 2956 1069 3016 ouius
1098 2957 1174 3016 baec
1203 2963 1274 3016 sunt
1293 2953 1399 3018 rerba:

166 3055 308 3116 Tirones
330 3064 419 3124 tuus,
446 3053 546 3124 Deua,
577 3059 611 3117 in
640 3057 793 3118 saecolum
823 3057 949 3118 soeculi.
1006 3055 1096 3136 Virpo
1125 3058 1284 3136 aequitatis
1312 3061 1398 3137 oirpo

163 3160 253 3236 repsi
273 3160 327 3217 tui.
371 3153 519 3216 Dilexisti
538 3159 688 3218 iustitium
710 3167 739 3218 et
763 3158 855 3218 odisti
875 3158 1079 3236 iniquitatem:
1109 3157 1221 3218 idcireo
1248 3160 1338 3220 unm’t
1358 3167 1395 3230 te,

161 3255 262 3326 Ileus,
294 3255 377 3318 Deus
407 3265 478 3318 tuus
507 3257 572 3318 oleo
603 3257 739 3320 loetitiae
756 3273 837 3336 pros
860 3257 1052 3318 consortibus
1074 3261 1145 3321 tut's.
1188 3255 1350 3332 Attendite,
1375 3242 1399 3320 ο1

158 3356 270 3431 Ariani,
294 3356 459 3436 saltemque
480 3356 538 3418 boc
560 3375 595 3418 cx
617 3357 685 3417 loco
706 3357 858 3436 agnoscite
880 3353 1048 3417 veritatem!
1091 3357 1253 3420 Consentes
1267 3339 1395 3420 ¹llomini

160 3475 216 3517 nos
239 3475 346 3517 omnes
368 3455 523 3518 Psalmista
552 3456 719 3537 appellavit.
764 3457 851 3530 Quod
880 3457 905 3517 si
937 3477 973 3519 ex
1002 3457 1091 3520 nibilo
1120 3467 1151 3520 et
1179 3477 1237 3518 una
1265 3456 1394 3518 erebus

161 3557 244 3619 lactis
267 3565 347 3619 esset
367 3555 472 3630 rurus,
495 3557 560 3636 ipse
581 3576 698 3637 quoque
720 3558 799 3618 inter
819 3567 976 3620 consortes
998 3568 1214 3622 numeraretur.
1248 3557 1322 3620 Cum
1337 3575 1392 3618 au-

162 3665 220 3718 tem
243 3657 325 3718 illurn
347 3657 441 3718 Deum
462 3667 614 3720 aeternum
637 3659 685 3720 bis
707 3659 805 3720 verbis
828 3659 984 3722 cecinerit:
1018 3659 1159 3724 lbronus
1184 3669 1271 3728 teus,
1301 3656 1395 3732 Beros,

163 3761 195 3820 in
216 3758 371 3821 soeculum
391 3759 519 3832 soeculi,
548 3779 599 3822 res
627 3779 700 3822 roro
728 3760 800 3824 alias
823 3761 1014 3824 declaraverit
1046 3760 1111 3820 eius
1134 3755 1200 3818 lieri
1220 3755 1396 3836 participent

162 3969 233 4022 κατὰ
251 3970 402 4040 Νεστορῖου
420 3983 443 4025 et
462 3991 515 4026 mor
532 3970 603 4023 κατὰ
616 3968 756 4052 Eiuropodr
808 3976 833 4024 l.
866 3959 942 4023 Panlo
962 3980 1019 4036 post
1036 3973 1134 4035 Sequor.
1153 3965 1168 4020 ὅ
1186 3965 1215 4021 δὲ
1233 3963 1350 4040 desipis.
1372 3978 1399 4022 ut

164 4057 191 4092 ac
209 4043 296 4092 deinde
314 4037 384 4089 κατὰ
401 4039 548 4106 Σαβελλιου
565 4037 612 4090 atui
626 4033 737 4105 Ἄρειον.
808 4041 865 4102 legit
889 4054 986 4103 quoque
1004 4039 1118 4090 Noouios.
1155 4041 1217 4092 Editi
1234 4049 1258 4090 et
1276 4041 1316 4090 alii
1335 4031 1350 4086 d
1368 4032 1398 4088 dd

198 4123 219 4158 e.
238 4110 379 4160 basiliensis
397 4117 422 4160 et
437 4112 530 4172 Anglic.
549 4101 684 4174 ἐλάμβανε
700 4101 755 4172 γὰρ
807 4099 967 4172 palpandos.
1002 4105 1062 4158 lbid·
1080 4102 1198 4177 γὰρκαὶ
1216 4099 1299 4160 odric
1311 4107 1399 4156 desunt

163 4169 209 4222 καὶ
227 4169 266 4228 τό,
808 4177 834 4226 in
852 4175 950 4226 Gobler.
969 4183 993 4224 at
1011 4175 1115 4226 Folelm.
1136 4177 1158 4228 l.

198 4244 214 4293 l.
234 4244 385 4306 Sicsognsr.
406 4249 432 4292 ot
450 4250 473 4294 ot
490 4243 549 4306 legit
562 4243 679 4294 bannim.
708 4243 755 4294 llil
844 4243 867 4292 b.
885 4243 985 4306 Sequar.
1004 4233 1132 4310 ἀνομίαν.
1163 4243 1215 4294 lior
1234 4241 1298 4290 idem
1318 4231 1397 4294 idaia,

165 4315 188 4358 et
205 4311 260 4362 editi
280 4313 392 4360 omittunt
410 4302 572 4370 τελειότητα.
611 4311 663 4360 llos
681 4313 754 4372 Sego.
808 4293 984 4374 οἷ’Λρειανοί.
1019 4311 1083 4361 Editi
1106 4319 1131 4360 et
1153 4311 1194 4360 alii
1217 4299 1303 4363 torre,
1318 4297 1399 4371 Ἀρει-
1444 4311 1451 4325 ·

165 4369 240 4440 παρὰ
263 4377 302 4441 aqi
326 4369 481 4442 dnooro‘lqr.
519 4379 581 4428 Editi
605 4372 682 4445 παρὰ
705 4375 755 4426 τοῦ
808 4372 879 4426 oroi.

166 4433 328 4493 ἀποστόλου.
366 4445 425 4496 lbid.
447 4444 544 4496 Gobler.
565 4454 588 4496 et
605 4445 710 4498 Felclm.
731 4445 754 4494 l.
841 4447 856 4494 l.
883 4445 983 4526 Sequor.
1002 4436 1075 4508 ἡμᾶς
1092 4443 1188 4492 omittit.
1223 4440 1275 4488 llos
1294 4439 1357 4488 idem
1375 4428 1401 4486 sl

165 4509 213 4560 roi
232 4505 387 4560 ἀποστόλου
405 4505 498 4578 ῥητόν.
809 4503 838 4558 δὲ
855 4502 884 4565 ἐξ
901 4524 949 4558 ooat
968 4501 1065 4565 ὄντων,
1085 4501 1132 4554 stoi
1150 4506 1206 4556 τῶν
1222 4505 1345 4570 γενητῶν
1363 4487 1401 4552 als

202 4593 224 4640 q.
242 4575 389 4646 λεγόμενον
408 4582 477 4630 abest
495 4595 509 4628 a
528 4579 598 4631 Gobl.
617 4579 755 4630 attentos.
809 4561 853 4634 ἢν,
873 4563 906 4638 ἦν
924 4567 960 4652 ἃζ
978 4573 1041 4624 τῶν.

203 4665 330 4712 lrntrtsrr
343 4678 395 4712 ors.
409 4675 483 4710 eoos.
497 4675 547 4709 art.
1165 4653 1197 4703 16
