3226 5280
460 364 605 435 urrerem
618 393 657 436 er
673 393 817 438 uumerus
832 394 978 438 mutunus
992 393 1108 440 eruum.
1358 381 1401 446 53

159 559 257 621 supra
281 540 451 622 retulimus,
474 541 573 602 lutilos
597 550 627 603 et
648 561 737 606 ronse
758 545 879 606 ruculee
901 545 984 607 omui
1006 562 1130 624 prorsus
1153 555 1224 610 sunt
1245 546 1399 630 impietate
1409 561 1487 608 rm.

157 645 287 723 plenae,
317 643 361 703 uti
391 651 477 704 antee
506 651 536 704 et
558 643 648 704 modo
670 654 771 706 nostre
796 645 930 710 cretione
954 647 1152 708 ostendimus.
1196 649 1228 710 Si
1250 651 1317 729 qius
1339 669 1397 716 uu-

156 755 219 805 tem
247 762 294 816 eo,
318 761 395 822 quae
417 751 519 804 contro
540 744 608 806 illus
629 765 645 805 e
667 745 786 825 synodo
810 749 918 827 scriptu
942 757 973 808 et
995 749 1113 808 decretu
1135 759 1221 820 sunt,
1242 749 1399 828 diligenter

154 845 378 926 perpenderit,
412 845 486 906 nihil
507 845 567 906 nisi
589 864 700 908 merum
722 847 878 909 reducem
901 847 932 908 in
956 847 1015 908 illis
1038 847 1186 908 contineri
1208 848 1285 910 baud
1307 851 1395 914 dubie

154 946 312 1026 reperiet,
342 947 469 1009 maxime
497 948 522 1008 si
552 947 688 1010 studiose
711 948 782 1010 velit
802 949 976 1027 inquirere,
1009 967 1096 1026 quom
1119 948 1289 1010 necessaria
1309 951 1399 1014 luerit

152 1067 254 1113 causo
276 1050 333 1110 bns
355 1067 445 1111 voces
467 1047 634 1122 adhibendi,
659 1067 734 1129 quoe
756 1049 876 1128 quidem
898 1049 970 1111 baec
990 1049 1055 1112 luit

254 1255 305 1317 19.
350 1251 423 1312 Cum
445 1251 532 1313 vellet
552 1252 691 1332 synodus
713 1252 803 1331 impin
823 1251 1000 1313 brianonum
1021 1251 1163 1314 vootun
1195 1249 1340 1332 obrogare
1367 1259 1399 1314 et

154 1363 262 1416 certas
293 1373 327 1414 ac
353 1355 507 1414 confessas
530 1353 749 1432 Scriptmerum
777 1371 866 1414 voces
887 1353 1044 1428 adbibere,
1073 1371 1180 1433 nempe
1201 1353 1281 1433 quod
1302 1353 1397 1418 Filius

156 1473 228 1516 nou
251 1453 293 1516 sit
314 1473 349 1516 ex
370 1453 463 1516 nihilo
485 1453 548 1516 sire
571 1473 608 1514 ex
631 1473 692 1515 nun
715 1453 921 1528 existentibus,
944 1455 998 1516 sed
1020 1473 1055 1516 er
1077 1455 1151 1529 Deo,
1172 1455 1394 1540 qnoduVerbum

156 1557 237 1618 item
260 1557 301 1617 sit
323 1563 352 1616 et
374 1555 536 1634 Sapientia,
559 1573 619 1616 non
641 1574 713 1616 veru
736 1573 786 1618 res
809 1563 906 1618 orente
929 1557 1086 1628 euticete,
1109 1557 1163 1618 sed
1177 1557 1317 1636 proprius
1332 1556 1392 1618 Pe·

156 1659 219 1719 tris
244 1657 340 1730 letus3
369 1655 528 1717 Eusebinui
556 1675 646 1736 prere
674 1675 727 1717 suu
750 1656 910 1718 inveterate
932 1657 1072 1750 opinione
1093 1656 1229 1736 impulsi,
1251 1657 1332 1722 istud
1354 1675 1394 1721 eur

157 1759 230 1822 Deo
252 1757 341 1820 nubis
364 1775 521 1818 commuue
544 1775 622 1830 esse,
646 1757 777 1836 nihilque
799 1758 854 1820 bne
874 1757 905 1820 in
926 1776 959 1820 re
981 1778 997 1819 a
1020 1759 1106 1820 nobis
1130 1758 1251 1820 differre
1265 1757 1394 1822 Verbum

158 1859 218 1922 [lei
241 1857 389 1932 volebant,
412 1858 523 1919 idcirco
547 1858 675 1930 scilicet,
698 1859 777 1937 quod
799 1857 942 1938 scriptum
963 1859 1018 1922 sit:
1046 1859 1129 1922 Unus
1153 1859 1251 1930 Detur,
1274 1876 1314 1922 eu
1335 1877 1394 1938 uuo

158 1965 282 2035 omniu,
311 1959 486 2021 etiterum:
522 1959 626 2022 Vetera
654 1963 848 2022 transierunt
855 1979 864 2034 3
895 1979 959 2022 ecce
980 1962 1064 2040 suctu
1086 1970 1159 2023 sunt
1181 1963 1283 2024 omniu
1303 1977 1394 2022 nonu.

162 2063 276 2125 Oresio
296 2073 399 2124 nutem
421 2059 553 2123 culleo.
600 2063 662 2134 Quo
684 2061 802 2122 illorum
825 2059 931 2122 astutio
944 2059 1394 2140 etimpiuculliduteperspeute,

159 2163 267 2225 Patres
282 2162 391 2224 clarius
414 2161 559 2242 explicere
581 2161 675 2226 cuncti
697 2170 777 2236 sunt,
801 2161 870 2241 quid
892 2180 947 2242 pier
969 2179 1069 2222 rocem
1092 2179 1132 2224 erc
1147 2161 1209 2224 Dec
1223 2160 1393 2242 intelligen-

161 2265 234 2326 ‹lum
268 2272 359 2326 esset.
405 2264 549 2338 Quocirca
583 2264 754 2344 scripsere,
776 2263 886 2326 Filium
915 2281 984 2326 esse
1012 2281 1049 2324 ex
1070 2262 1121 2324 llei
1146 2261 1326 2336 substantio,
1359 2269 1394 2324 ut

161 2385 271 2446 nempe
301 2365 371 2427 illud
401 2385 439 2428 eu
459 2366 522 2430 Deo
544 2385 605 2427 non
627 2383 786 2428 commuue
808 2363 874 2426 Filii
897 2372 927 2426 et
950 2381 1049 2426 rerum
1071 2365 1212 2426 lectorum
1235 2379 1305 2424 esee
1327 2362 1392 2424 exi·
1453 2405 1463 2416 -

163 2468 345 2539 stimeretur,
369 2466 423 2527 sed
445 2475 478 2526 ut
499 2467 679 2540 crederetur,
702 2475 801 2528 cetere
823 2465 943 2545 quidem
966 2465 1066 2527 omnin
1083 2473 1179 2528 orente
1192 2483 1271 2538 esse,
1293 2461 1393 2526 solum

161 2577 263 2629 eutem
274 2568 403 2628 Verbum
426 2585 492 2626 esse
513 2585 550 2626 ex
571 2567 669 2626 Putre.
711 2567 785 2628 Nam
805 2567 875 2629 lieet
897 2567 997 2629 omnia
1019 2586 1055 2628 ex
1069 2567 1131 2628 llco
1153 2585 1221 2629 esse
1244 2565 1392 2636 dicuutur,

166 2685 271 2727 verum
294 2667 351 2726 elio
374 2665 494 2725 omuino
516 2665 607 2726 modo
630 2684 715 2743 quem
736 2667 778 2728 sit
797 2667 898 2730 Filius.
944 2668 1020 2740 Quin
1042 2668 1119 2729 enim
1134 2686 1185 2730 res
1200 2673 1317 2728 creutue
1333 2681 1396 2724 non

171 2781 243 2824 cusu
266 2771 297 2822 et
317 2771 426 2841 sponte
449 2781 502 2824 seu
524 2781 560 2824 er
581 2765 688 2841 seipsis
711 2766 854 2840 existunt,
877 2785 933 2828 nee
954 2768 1109 2830 fortuitum
1132 2778 1230 2830 ortum
1252 2763 1395 2836 habuere,

169 2869 205 2924 ut
228 2862 347 2942 quidem
369 2861 516 2940 putebant,
541 2863 591 2941 qui
613 2883 646 2923 er
669 2873 834 2926 atomorum
857 2868 1063 2930 coniunctione
1086 2877 1117 2930 et
1137 2887 1172 2930 er
1187 2862 1397 2928 consimilibus

166 2962 270 3042 omniu
294 2981 363 3024 csse
386 2963 489 3024 ellectu
509 2963 671 3036 elucebunt,
699 2965 765 3042 quia
787 2964 873 3026 etiem
896 2965 984 3028 ulium
1005 2987 1066 3028 non
1088 2967 1199 3030 hebent
1220 2970 1396 3034 creatorem,

165 3063 342 3144 etquidem
366 3083 491 3126 sensere
511 3064 670 3137 baeretici,
700 3063 827 3142 denique
853 3064 921 3142 quio
943 3084 1013 3137 uec,
1041 3075 1075 3128 ut
1095 3066 1162 3127 eliis
1184 3062 1333 3144 pleccbnt,
1359 3063 1396 3124 ab

166 3165 287 3246 Angelis
318 3165 496 3246 qrribusdem
526 3165 625 3226 omnio
647 3167 721 3227 lacta
744 3173 815 3226 sunt
837 3173 868 3225 et
888 3166 1065 3236 constituto;
1093 3165 1146 3227 sed
1169 3164 1236 3244 quie
1259 3164 1356 3226 omniu
1377 3183 1482 3233 urm.

164 3267 236 3345 Deo,
262 3267 311 3348 qui
334 3287 403 3329 ecre
427 3276 483 3340 est,
506 3285 574 3329 cum
598 3274 683 3328 antee
706 3285 768 3328 uun
791 3273 910 3338 esseut,
933 3283 987 3344 per
1009 3265 1135 3328 Verbum
1157 3267 1230 3328 luctu
1252 3273 1337 3342 sunt,
1360 3273 1394 3330 ut

165 3377 281 3432 meent:
305 3369 415 3432 idcirco
439 3387 474 3430 ex
489 3369 552 3430 llco
575 3369 622 3430 illo
645 3387 712 3430 esse
735 3367 847 3430 dictum
870 3375 925 3430 est.
968 3367 1005 3430 lt
1021 3367 1158 3441 Verbum,
1181 3368 1248 3447 quie
1270 3385 1330 3430 non
1346 3377 1395 3432 cst

166 3471 235 3550 quid
264 3478 426 3546 creatum,
440 3470 538 3532 sulum
569 3469 669 3548 utique
698 3477 728 3532 et
756 3488 825 3532 esse
852 3469 960 3532 dicitur
986 3477 1017 3532 ct
1036 3487 1138 3532 rcrcru
1161 3477 1209 3532 est
1230 3487 1267 3532 ex
1288 3469 1394 3544 Patre;

169 3579 254 3652 atque
281 3573 311 3634 id
339 3571 438 3651 ipsum
468 3571 661 3650 significetur,
692 3589 759 3632 cum
789 3570 912 3645 dieitur,
941 3571 1045 3636 Filium
1076 3591 1144 3636 esse
1166 3589 1201 3633 ex
1226 3571 1393 3634 substantie

166 3673 276 3746 Patr-im
309 3673 339 3734 id
366 3673 445 3736 euim
467 3673 539 3736 nulli
560 3672 605 3736 rei
627 3675 720 3734 lectae
740 3681 841 3752 potest
862 3691 1035 3752 congruere.
1080 3674 1160 3736 Seue
1181 3672 1308 3747 Paulus,
1342 3671 1394 3752 qui

166 3774 265 3836 omniu
287 3793 323 3835 er
345 3775 407 3836 lieu
430 3793 497 3837 esse
520 3775 599 3848 dicit,
622 3793 691 3836 mur
715 3773 852 3838 subiicit:
875 3773 915 3838 Bt
934 3794 1016 3838 unus
1032 3775 1183 3838 Dominus
1199 3773 1285 3838 lesus
1302 3773 1394 3836 Obri-

165 3885 247 3945 stue,
267 3894 326 3955 per
349 3895 435 3956 puero
457 3881 572 3950 omnim
593 3895 700 3958 nempe
721 3885 754 3938 ut
776 3883 899 3938 cunctos
922 3877 1060 3947 doceret,
1083 3874 1190 3935 Filium
1211 3875 1299 3939 elium
1322 3893 1392 3936 esee

166 3975 202 4037 nb
225 3976 381 4050 omnibus,
411 3995 487 4055 quoe
516 3995 551 4037 ex
573 3976 634 4037 Deo
657 3979 732 4038 lactu
755 3984 835 4036 sunt.
879 3975 952 4036 Nam
975 3993 1051 4054 quae
1073 3993 1109 4036 ex
1129 3973 1192 4036 Deo
1215 3977 1288 4038 lecte
1311 3983 1393 4050 suut,

165 4095 220 4156 per
240 4077 347 4138 Filium
370 4084 442 4138 sunt
463 4077 548 4138 lucto.
593 4075 641 4138 Ob
668 4075 849 4137 erectionem
871 4074 976 4152 igitur,
1005 4073 1088 4138 cuiue
1110 4075 1187 4138 [leus
1209 4081 1392 4144 auctorest,

164 4177 238 4240 boec
267 4178 316 4240 ille
349 4177 438 4252 dixit,
471 4195 534 4238 uun
562 4195 632 4238 veru
662 4175 742 4255 quod
770 4173 868 4238 omniu
898 4175 958 4238 sint
979 4194 1014 4238 cx
1035 4175 1138 4252 Putre,
1168 4186 1200 4240 ut
1222 4183 1269 4238 est
1288 4172 1393 4238 Filius.

198 4397 395 4447 ulimmerius
428 4405 452 4448 et
483 4397 632 4460 lleuicbeei,
668 4395 754 4448 Simon
805 4393 855 4456 vir
872 4388 968 4449 coicior
984 4393 1033 4444 τοῦ
1050 4390 1157 4462 πατρός
1184 4395 1272 4446 desunt
1290 4393 1313 4444 iu
1332 4393 1389 4444 edit

162 4463 254 4527 llegns,
273 4465 410 4524 llenender,
429 4465 575 4516 Soluntinus
594 4467 692 4530 aliique.
806 4465 924 4515 Commel.
936 4473 959 4514 et
969 4463 992 4513 t.
1012 4479 1057 4514 ms.
1077 4465 1182 4514 l'elclrm.
1220 4463 1244 4510 ln
1264 4461 1317 4510 eliis
1335 4475 1391 4510 vero

198 4547 219 4582 e.
238 4533 302 4583 llere
319 4533 391 4582 rerba
416 4531 465 4592 τῆς
490 4529 520 4582 δὲ
542 4526 672 4593 τοιαύτης
696 4529 754 4581 δια·
806 4533 934 4592 bibentur,
954 4546 1029 4596 enque
1048 4532 1158 4593 legerunt
1176 4529 1283 4580 Nunnius
1301 4527 1394 4578 etlm·

161 4594 240 4675 ruine
261 4593 422 4666 γνώρισμα,
444 4595 475 4650 τὸ
494 4589 565 4652 cirne
582 4597 631 4650 τὸν
649 4593 709 4650 υἱὸν
726 4593 755 4650 ix
806 4601 872 4652 bros.
892 4599 999 4651 Gemoll.
