3176 5304
66 405 69 464 l

65 483 67 522 l

65 537 68 576 l

678 337 852 381 emeseno.
1339 320 1382 383 27
1399 347 1408 362 ·

144 493 195 553 siro
217 489 315 553 decet
340 507 497 562 moneare,
520 507 582 550 noo
605 487 759 566 exagitare.
803 485 862 548 Sed
884 486 1025 566 pleraque
1045 485 1119 546 haec
1141 485 1171 548 in
1186 487 1381 550 Athanasium

65 609 68 634 ¹
140 601 254 671 pecata
291 611 372 656 esse
405 600 530 671 apparet
551 590 588 652 ah
610 590 664 662 iis,
698 589 749 668 qui
777 605 839 648 non
873 587 1086 665 intelligerent,
1119 585 1149 648 in
1177 588 1382 650 corrtroversia

62 723 65 730 ·
135 693 240 754 ansus
263 701 375 756 auum
398 709 466 753 esse
488 691 524 752 de
547 709 650 752 errore
677 689 853 768 gravissimo
876 696 907 750 et
927 685 1201 768 perniciosissimo,
1229 707 1288 768 qoo
1317 691 1382 770 ipsa

135 793 238 871 religio
265 793 442 856 christiana
470 793 500 853 io
523 791 683 853 discrimen
710 800 883 862 vocaretur,
912 807 1008 868 neque
1037 787 1115 848 illam
1143 798 1273 850 veterum
1295 791 1382 852 Chri-

132 895 315 957 suanorum
345 895 461 957 πὶστιν
490 904 520 954 et
541 884 711 974 ὑπομονὴν
729 881 832 975 Ἰησοῦ
862 889 1013 972 Χριστοῦ
1042 888 1192 968 martyriis
1225 900 1383 968 spectatam

134 995 233 1056 auimo
271 993 440 1075 complecti
468 1001 604 1074 possent
663 992 779 1054 Etenim
807 993 852 1053 sic
880 993 1045 1055 sentientes
1074 998 1104 1051 et
1131 989 1231 1052 omnia
1260 1009 1297 1051 ex
1323 995 1384 1055 suis

133 1097 349 1175 opinionibus
370 1093 565 1174 moribusque
580 1093 737 1156 metientes
759 1093 845 1155 dictis
868 1103 899 1155 et
920 1093 1004 1154 lactis
1027 1093 1125 1170 magni
1146 1093 1202 1153 viri
1225 1101 1386 1172 potuerunt

132 1197 252 1272 induci,
282 1205 323 1258 ut
344 1213 431 1277 quem
454 1195 502 1258 alii
526 1195 665 1256 eximium
687 1194 757 1255 lidei
786 1203 815 1256 et
835 1196 1020 1256 constantine
1042 1193 1208 1273 exemplum
1230 1194 1386 1273 praedica-

131 1307 255 1371 verant,
287 1297 348 1376 ipsi
369 1297 556 1376 arrogantiae
578 1303 608 1358 et
629 1295 810 1375 pervicaciae
838 1295 1060 1367 insimularent,
1091 1297 1192 1374 etqui
1215 1295 1287 1358 olim
1306 1313 1386 1377 pro·

129 1399 360 1477 pugnaculum
382 1402 523 1461 ueritatis
547 1407 576 1459 et
598 1398 738 1461 columna
761 1397 902 1460 acciaens
923 1406 1046 1458 comtos
1061 1404 1134 1470 erat,
1157 1415 1225 1458 eum
1248 1415 1384 1458 commu·
1451 1389 1456 1398 '

132 1516 208 1560 nem
244 1499 490 1562 Christianorum
519 1499 567 1560 sui
600 1499 745 1579 temporis
775 1507 982 1578 tempestatem
1010 1498 1263 1578 calamitatemque
1291 1501 1385 1560 luisse

134 1599 301 1662 dicerent.
317 1601 346 1674 ⁸)
388 1598 544 1662 Eiusmodi
565 1599 787 1661 criminationes
810 1599 856 1661 vel
870 1599 971 1679 potius
994 1599 1093 1678 iniqua
1109 1599 1156 1662 illa
1172 1599 1209 1660 de
1224 1601 1385 1661 Athanasio

134 1701 297 1782 theologo
320 1699 444 1780 eiusque
466 1699 588 1779 scriptis
610 1701 717 1762 iudicia
739 1701 869 1762 vicissim
895 1701 972 1762 hanc
1000 1701 1169 1762 hahuerunt
1196 1699 1269 1774 rim,
1300 1710 1334 1762 ut
1355 1702 1384 1762 in

136 1801 284 1866 historia
306 1802 477 1881 demnatum
500 1798 648 1880 theologia
671 1801 763 1880 patris
778 1801 973 1864 orhtodoxise
989 1801 1039 1862 diu
1055 1799 1255 1879 negligentius
1278 1809 1385 1862 trecte-

137 1913 233 1966 retur
259 1921 316 1964 nec
337 1910 454 1964 mutum
486 1909 628 1981 quantum
649 1919 704 1982 par
726 1909 806 1972 erat,
840 1919 928 1963 curae
950 1911 980 1962 et
1001 1901 1167 1980 diligentiae
1189 1899 1312 1980 scriptis
1335 1920 1387 1962 ex·

139 2005 306 2068 cutiendis
328 2012 359 2066 et
379 2001 536 2064 sententiis
558 2001 808 2064 reooodtnonbos
832 2002 974 2063 eruendis
997 2001 1225 2080 impenderetur.
1269 2003 1387 2065 Nostris

140 2122 227 2167 uero
253 2103 436 2185 temporibus
465 2103 571 2166 studiis
594 2103 737 2166 hloehleri
758 2103 890 2184 primum
918 2121 953 2164 ac
973 2101 1120 2172 Neandri,
1147 2102 1215 2163 dein
1236 2103 1335 2166 Baurii
1358 2115 1388 2166 et

141 2203 284 2269 Dnrneri
308 2206 471 2286 theologica
493 2204 646 2267 Athanasii
668 2204 805 2294 dogmata
828 2203 953 2266 clariore
974 2203 1006 2265 in
1028 2201 1093 2266 loce
1109 2203 1212 2284 posita
1233 2215 1312 2280 suot,
1334 2225 1386 2267 ea·

37 2319 38 2324 ’
146 2325 217 2386 que
240 2307 351 2370 ratione
365 2308 469 2370 laudes
490 2307 589 2388 magui
605 2307 659 2368 viri
676 2325 736 2368 oon
758 2305 856 2369 solum
878 2305 916 2367 ah
939 2305 1204 2368 obtrectationibus
1226 2313 1255 2365 et
1276 2305 1386 2386 iniqui-

149 2407 462 2482 tatibusrindieatae,
486 2409 539 2470 sed
563 2408 651 2470 etiam
674 2427 709 2469 ex
738 2407 894 2470 subtiliore
922 2425 1024 2470 rerum
1047 2407 1215 2486 cognitione
1236 2417 1337 2469 anctae
1359 2417 1390 2468 et

153 2506 333 2569 illustratae.
375 2507 517 2569 Fateotnr
537 2509 628 2570 hodie
650 2509 828 2588 omnesqui
850 2509 979 2590 sapiunt,
1001 2507 1161 2570 hthaoasio
1184 2527 1251 2570 nrm
1272 2509 1389 2569 Arianis

159 2624 228 2666 nou
251 2607 287 2666 de
308 2606 480 2684 quaestione
501 2607 677 2688 philosophe
699 2609 744 2670 vel
766 2609 950 2688 problemate
972 2610 1175 2690 metaphysico
1198 2608 1293 2670 luisse
1316 2624 1391 2667 onn-

172 2705 354 2776 trorersiam,
369 2706 424 2766 sed
438 2706 475 2766 de
490 2706 679 2769 tundamento
694 2711 785 2770 tetius
800 2711 953 2789 religionis
969 2711 1148 2772 christianae
1164 2719 1253 2788 atque
1266 2708 1342 2768 adeo
1357 2707 1393 2768 de

173 2801 325 2882 principali
348 2803 453 2864 salutis
473 2811 595 2864 nostrae
615 2823 721 2878 musa,
748 2810 983 2889 quandoquidem
1006 2811 1063 2890 ipsi
1086 2811 1116 2871 id
1132 2807 1314 2877 constiterit,
1336 2806 1393 2867 uisi

169 2903 250 2966 lilius
273 2904 313 2965 sit
335 2903 425 2965 nnius
449 2903 640 2982 eiusdemque
662 2905 844 2968 substantiae
866 2927 932 2969 oum
954 2917 1045 2988 patre,
1068 2927 1124 2988 per
1146 2925 1216 2969 eum
1232 2923 1287 2966 nec
1308 2905 1393 2968 deum

166 3004 340 3068 hominihus
361 3005 497 3086 perfecte
520 3003 699 3078 innotuisse,
722 3023 778 3068 uec
791 3007 929 3069 homiues
951 3027 1017 3070 cum
1039 3010 1097 3070 den
1112 3025 1184 3068 vere
1199 3025 1266 3068 esse
1288 3023 1393 3068 recon-

165 3107 279 3170 ciliatos
302 3114 332 3168 et
359 3105 396 3168 ah
430 3105 602 3168 adversaria
634 3115 785 3186 potestate
815 3109 1006 3186 redemptos:
1039 3107 1097 3168 nisi
1131 3106 1219 3186 igitur
1249 3107 1393 3182 credatur,
1448 3172 1453 3181 ,
1545 3175 1546 3187 χ

162 3207 243 3289 qnod
264 3206 392 3269 formula
407 3207 537 3268 Nicaena
552 3206 677 3270 credere
699 3207 809 3282 iubeat,
833 3217 947 3270 temere
969 3208 1102 3270 fiduciam
1118 3225 1235 3274 omnem
1257 3216 1287 3270 et
1308 3227 1390 3290 spem

162 3309 303 3372 cnducari
324 3307 355 3370 iu
377 3307 508 3372 Christo.
561 3307 595 3370 ld
618 3316 717 3371 autem
741 3309 791 3389 qui
812 3319 935 3384 tenent,
967 3309 1104 3372 iudicium
1138 3329 1224 3372 suum
1246 3311 1284 3371 ad
1305 3311 1391 3373 aliam

162 3409 295 3490 dirigunt
315 3427 463 3482 normam,
486 3416 574 3489 atque
597 3429 630 3474 aa
653 3410 718 3484 luit,
741 3429 797 3490 qua
820 3410 1035 3472 obtrectatores
1058 3411 1155 3491 magni
1171 3411 1313 3474 ecclesiae
1335 3411 1391 3474 do-

163 3511 256 3575 ctoris
289 3529 363 3574 usos
398 3529 466 3572 esse
488 3509 638 3585 uidemus,
673 3529 729 3573 nec
755 3521 900 3591 possunt,
933 3511 960 3574 si
987 3513 1106 3592 quidem
1130 3513 1289 3576 Christiani
1311 3519 1393 3584 sunt,

162 3613 292 3676 animum
325 3611 482 3684 inducere,
515 3619 550 3673 ut
580 3631 654 3692 quae
676 3615 707 3674 in
729 3611 785 3674 alin
817 3613 924 3693 quovis
957 3613 1074 3676 virtutis
1097 3622 1128 3676 et
1159 3613 1394 3692 magnificentiae

163 3713 249 3793 signa
264 3712 439 3794 probantur,
455 3711 557 3774 eadem
570 3714 599 3774 in
614 3714 673 3775 hoc
687 3715 901 3794 vituperentur.
946 3713 1047 3776 Virum
1063 3715 1142 3798 enim
1157 3713 1188 3774 in
1204 3715 1395 3794 episcopatus

164 3813 284 3894 lastigie
314 3813 447 3894 positum
469 3811 500 3874 in
531 3813 714 3876 defendenda
743 3833 778 3876 ae
805 3815 983 3878 stabilienda
1017 3814 1075 3876 llde
1096 3815 1238 3888 Nicaeoa,
1273 3833 1309 3876 ex
1337 3831 1394 3894 qna

164 3954 478 3970 *annun—*u*

232 4047 258 4111 *t
275 4048 351 4111 'tetigi
370 4047 408 4097 his
426 4045 504 4096 uerbis
522 4045 701 4111 iniquissimum
721 4053 745 4097 et
761 4045 916 4098 durissimum
934 4047 1057 4114 lodiclom,
1076 4049 1141 4114 quod
1159 4051 1266 4100 lleohios
1286 4047 1395 4098 deltha-

166 4131 236 4183 nttsin
262 4131 424 4206 pronpotiarit
450 4131 475 4182 in
492 4131 554 4181 llltt
582 4130 684 4181 uehens.
712 4129 828 4182 acclesiae
854 4132 999 4185 christicolae
1017 4134 1055 4185 ad,
1073 4135 1110 4185 ll.
1129 4134 1179 4184 lul.
1198 4133 1215 4183 l.
1239 4145 1263 4198 p.
1283 4131 1340 4184 ²88.
1359 4145 1397 4196 sq.

165 4216 261 4280 „Wcao
277 4219 417 4268 dttonocisa
443 4218 524 4280 fultha
542 4218 663 4280 'mnan
681 4223 756 4280 utre,
782 4233 809 4272 eo
827 4219 906 4270 ende
928 4221 989 4272 soal
1013 4219 1093 4284 mles
1110 4221 1172 4271 licta
1195 4221 1316 4283 pecuedes
1333 4219 1398 4278 sets,-

167 4301 230 4352 deno
248 4303 323 4352 dieser
340 4303 500 4365 hocbntlltt'at
518 4301 648 4366 Stonlopl,
669 4303 715 4352 den
731 4303 792 4352 Alter
808 4305 857 4354 uad
876 4305 961 4354 beiden
973 4319 1018 4356 noer
1034 4307 1114 4356 lamec
1126 4305 1286 4366 eotnpooner
1297 4301 1399 4366 gennit

167 4385 261 4448 hatten,
285 4401 334 4436 cor
351 4387 424 4436 (lorch
446 4387 498 4435 aeia
521 4386 699 4449 woehreltetaa
722 4388 867 4452 gedicteodea
890 4389 981 4438 doccia
1006 4387 1047 4438 der
1064 4387 1239 4454 tlooptnteter
1260 4401 1303 4436 con
1327 4383 1402 4434 alelen

169 4461 342 4534 Vmirrsngen
358 4469 407 4520 ttnd
423 4483 468 4520 con
487 4469 537 4519 dent
549 4467 651 4533 llnoloct
667 4471 738 4522 aleier
748 4473 846 4522 leucend
860 4469 981 4523 Meneclem
998 4469 1129 4536 peuecm.'‘
1165 4469 1314 4521 Sententiam
1333 4479 1401 4514 suant

168 4549 199 4602 ic
216 4553 377 4606 controversis
392 4553 480 4604 Ariana
496 4551 533 4602 ael
551 4551 582 4602 de
600 4553 710 4617 domnate
727 4553 833 4606 lllcaeoo
852 4562 922 4606 antea
938 4569 963 4621 p.
982 4553 1040 4606 212.
1059 4569 1095 4620 aq.
1113 4555 1239 4622 protessus
1257 4559 1302 4602 est.
