3226 5308
531 354 638 396 ORATIO
655 353 698 396 nr.
715 355 830 396 CONTRA
845 353 979 397 animos.
1290 341 1351 404 563

129 506 283 568 sumtiono
305 504 497 584 ambigerent.
540 503 631 566 liutto
658 504 748 584 igitur
774 506 867 584 magis
889 506 997 568 Paulus
1020 507 1086 586 ipse
1108 515 1210 586 raptus
1232 516 1438 570 norerotemor.

128 609 239 680 etiam,
274 627 402 688 quonam
430 608 519 670 modo
548 615 650 686 raptus
682 607 797 669 luisset
842 609 973 686 Namque
1001 609 1031 670 id
1052 607 1109 688 ipsi
1131 609 1211 670 litiae
1232 611 1354 672 minime

126 710 235 782 latuit,
263 705 303 772 ita
331 721 365 772 ut
394 709 508 790 siquis
532 729 598 772 eum
621 709 788 772 haedere
815 708 1044 788 interrogasset,
1077 709 1226 789 potuisset
1252 713 1354 792 utique
1437 737 1441 752 ·

126 831 273 887 narrare,
302 811 548 893 quonammodo
571 811 679 874 luisset
701 811 765 891 ipse
787 819 947 874 assumtus.
981 811 1050 874 -sed
1074 820 1170 872 tamen
1192 813 1298 874 Paulus
1321 833 1355 876 aa

126 916 251 976 nescire
273 923 406 988 testatur,
430 914 511 988 duas,
535 923 567 976 ut
588 933 642 993 ego
665 913 784 994 quidem
805 933 884 985 reor,
907 912 945 974 ob
960 931 1074 974 causas.
1108 911 1219 987 Primo,
1241 923 1274 976 ut
1287 916 1354 994 ipse

126 1018 235 1090 dixit‚·
253 1037 290 1078 ne
313 1017 379 1096 quis
401 1017 547 1078 visionum
570 1016 740 1078 excellentia
761 1015 902 1076 maiorem
925 1035 992 1076 eum
1014 1023 1132 1094 putaret
1152 1035 1235 1088 esse,
1267 1033 1356 1094 quam

126 1121 216 1198 quod
239 1119 360 1180 videret.
398 1119 509 1180 Deinde
532 1117 768 1198 quandoquidem
785 1117 917 1178 Salvator
943 1137 976 1178 se
992 1117 1109 1179 nescire
1132 1117 1254 1190 dixerat,
1276 1117 1355 1178 idem

127 1221 218 1284 illum
241 1219 362 1282 decebat
390 1222 503 1292 dicere,
536 1240 575 1282 ne
602 1237 706 1282 servus
735 1239 823 1299 supra
850 1219 1007 1281 Dominum
1031 1229 1060 1281 et
1081 1219 1243 1298 discipulus
1266 1236 1356 1298 supra

127 1323 310 1402 magistrum
332 1335 399 1386 esse
421 1323 646 1396 existimaretur.

222 1429 273 1490 48.
320 1426 377 1499 Qui
400 1425 490 1505 igitur
503 1425 595 1487 Paulo
619 1425 740 1486 dederat
762 1434 795 1486 ut
817 1423 917 1496 sciret,
939 1425 1003 1503 ipse
1018 1423 1109 1484 multo
1124 1424 1217 1502 magis
1233 1421 1354 1485 serebat.

124 1528 197 1604 Qut
220 1528 297 1590 enim
321 1548 369 1602 ea,
393 1547 467 1606 quae
490 1527 529 1588 illi
552 1527 609 1589 diei
631 1535 837 1607 praecurrunt,
862 1527 1008 1600 enunciet,
1028 1527 1110 1587 novit
1131 1533 1226 1598 certe,
1249 1543 1354 1604 qnem-

126 1631 296 1694 admodum
328 1629 403 1701 dixi,
433 1629 618 1707 quandonam
651 1629 699 1690 illa
726 1629 790 1690 dies
819 1635 849 1689 et
869 1627 943 1688 hora
965 1637 1086 1688 ventura
1108 1627 1164 1700 ait;
1196 1635 1353 1700 ettamen,

130 1734 207 1794 lieet
229 1738 436 1808 cognosceret,
466 1729 549 1790 dioit:
583 1737 675 1811 oeqire
705 1731 802 1792 Filius
830 1735 923 1792 novit.
968 1729 1059 1792 Cuius
1081 1747 1152 1808 argo
1175 1729 1265 1809 gretia
1288 1739 1358 1791 tuno

133 1834 213 1896 dixit
233 1835 334 1894 neseio
357 1849 431 1910 quae
454 1832 519 1910 ipse
540 1841 573 1894 ut
593 1831 739 1894 llominus
760 1831 908 1894 noverat?
947 1831 1024 1892 Sane
1058 1832 1084 1892 si
1117 1831 1284 1892 coniectura
1313 1831 1357 1890 uti

133 1936 223 2006 lioet,
247 1941 368 1994 nostrae
392 1933 523 1994 utilitatis
545 1953 647 2007 eausa,
672 1943 701 1995 ut
723 1953 809 2008 reor,
833 1935 861 1995 id
884 1935 961 1996 lecit.
1004 1933 1088 1995 Faxit
1108 1940 1205 1995 autem
1227 1932 1301 2012 ipse,
1324 1934 1367 1994 ut'

135 2039 206 2110 boo,
230 2035 309 2114 quod
332 2035 449 2116 opinor,
472 2053 574 2098 rerum
597 2037 644 2098 sit
689 2037 850 2116 Utrobique
866 2035 1000 2097 Salvator
1020 2037 1057 2096 ad
1078 2043 1214 2096 nostrum
1235 2033 1359 2096 attendit

138 2139 339 2202 commodum.
364 2137 457 2200 llam
478 2157 552 2218 quae
574 2147 641 2200 ante
665 2139 753 2200 finem
777 2139 934 2200 occurrent
958 2137 1112 2211 indicavit,
1144 2157 1198 2210 ne,
1226 2144 1260 2199 ut
1287 2135 1359 2198 dixit

136 2241 222 2320 ipse,
245 2249 368 2320 stupore
388 2241 515 2322 peronlsi
538 2241 585 2302 his
610 2227 810 2302 accidentibus
835 2241 1034 2314 turbaremur,
1056 2241 1110 2302 sed
1131 2237 1232 2320 potius
1254 2259 1288 2301 ex
1310 2239 1357 2300 nis

135 2352 309 2406 secuturum
343 2345 431 2405 finem
463 2343 726 2422 praestolaremur.
775 2341 874 2404 Noluit
906 2361 997 2422 porro
1025 2341 1062 2402 de
1090 2341 1138 2404 illa
1166 2341 1212 2404 die
1235 2343 1359 2402 ethera

138 2447 301 2508 seeundum
325 2446 507 2508 divinitatem
529 2445 628 2506 dioere
654 2448 743 2518 noea}
778 2445 847 2516 sed,
879 2451 912 2505 ut
938 2444 995 2505 iam
1023 2443 1163 2525 exposui,
1197 2440 1360 2504 secundum

139 2563 276 2619 carnem,
299 2567 372 2625 quae
394 2566 502 2626 nempe
524 2547 554 2608 id
575 2546 745 2627 ignorabat,
774 2547 815 2608 ait
837 2565 898 2609 noo
920 2551 1006 2620 ooot3
1034 2563 1073 2606 ne
1094 2561 1199 2606 rursus
1222 2561 1287 2605 eum
1311 2542 1359 2604 di-

142 2644 247 2722 soipuli
278 2645 511 2724 interrogarent,
544 2667 656 2728 eoaque
684 2647 733 2710 illo
754 2649 779 2712 si
801 2649 940 2711 reticeret
961 2643 1065 2710 dolore
1093 2645 1237 2719 alliceret,
1265 2643 1311 2704 rel
1333 2643 1361 2704 ei

92 2761 96 2770 ·
144 2743 263 2818 diceret,
286 2755 403 2824 praeter
423 2739 544 2809 illorum
564 2758 594 2811 et
614 2759 750 2812 nostrum
774 2750 961 2812 oomroodum
977 2756 1086 2826 ageret.
1121 2745 1268 2825 Quioquid
1281 2743 1361 2806 enim

142 2845 226 2917 laoit,
260 2847 291 2908 id
319 2855 414 2908 totum
442 2850 537 2910 nostri
565 2853 657 2929 qratia
691 2861 753 2926 est,
785 2849 1024 2930 quandoquidem
1053 2857 1081 2910 et
1107 2848 1206 2927 ipsum
1231 2847 1361 2909 Verbum

143 2955 267 3028 propter
288 2967 347 3009 nos
368 2966 436 3009 oaro
459 2951 566 3011 lactum
588 2961 644 3016 eat.
687 2951 813 3032 Propter
834 2969 889 3012 nos
911 2951 1008 3028 igitur,
1022 2949 1111 3011 dixit:
1147 2941 1362 3030 aequalibus

143 3053 238 3111 nouit.
283 3049 346 3110 Neo
367 3067 437 3112 vero
460 3050 518 3110 hoo
539 3051 723 3114 mendacium
749 3053 821 3124 lnit;
854 3051 1000 3130 etquidem
1028 3069 1085 3130 pro
1107 3049 1233 3112 namna
1253 3048 1360 3112 eondi-

142 3150 224 3212 tione
244 3159 277 3214 ut
298 3151 390 3212 homo
412 3151 485 3213 dixit
505 3155 615 3224 arado,
637 3139 694 3214 neo
713 3151 861 3232 permisit,
883 3161 917 3214 ut
938 3151 1074 3232 discipuli
1095 3170 1128 3213 ae
1150 3151 1248 3214 dioere
1270 3167 1360 3231 onge-
1410 3156 1412 3166 ⁴

142 3260 219 3329 rent,
239 3252 351 3332 ¹qnippe
371 3271 438 3314 eum
459 3253 631 3316 huiusmodi
652 3253 742 3314 verbo
765 3258 864 3316 nereio
892 3253 1010 3315 illorsum
1032 3252 1212 3335 reperierit
1231 3269 1359 3334 pereun-

142 3353 298 3416 ctatioues.
331 3355 489 3416 Praeterea
512 3354 655 3435 scriptum
678 3363 725 3416 est
739 3351 903 3418 indolibus
917 3356 1138 3437 Apostolorum,
1160 3373 1226 3418 oum
1240 3352 1445 3435 depellerere.

142 3455 343 3530 inveberetur,
365 3465 398 3518 ut
417 3458 508 3519 boma
529 3456 694 3518 ascendere
715 3461 746 3518 et
767 3475 901 3542 omnem,
924 3475 1015 3538 qxanr
1033 3455 1175 3538 metebat,
1197 3458 1228 3520 'm
1249 3457 1363 3535 caelum
1426 3497 1436 3526 .

145 3557 394 3639 merereturque
416 3559 551 3621 videntes
573 3555 710 3638 disoipuli
731 3555 806 3620 lioeo
826 3559 935 3621 iterum
954 3559 991 3622 alr
1006 3579 1042 3621 eo
1056 3567 1243 3640 quaererent,
1266 3555 1361 3638 qnae-¹

143 3657 252 3722 douam
272 3659 342 3722 tinia
365 3661 481 3724 taturus
508 3667 591 3724 esset
619 3668 652 3724 et
677 3659 795 3740 mando
818 3668 849 3722 tu
870 3667 1014 3724 rerumne
1037 3679 1087 3736 es,
1109 3658 1207 3741 iprum
1230 3657 1362 3741 apertius

144 3836 226 3900 adria
243 3839 280 3899 ὥς
296 3839 427 3906 δεσπότης
441 3837 527 3899 otto·
546 3839 728 3912 dedidreqev·
813 3845 837 3896 b.
855 3846 911 3906 neg.
925 3847 946 3896 l.
965 3853 988 3896 et
1000 3845 1099 3907 Sequar.
1114 3840 1152 3910 pri
1170 3840 1364 3912 mapoerrieor·

144 3908 258 3966 νῶνιας,
781 3923 827 3960 σιν
852 3905 951 3968 αὐτὸν,
985 3905 1031 3959 arel
1055 3907 1152 3960 λοιπὸν
1177 3907 1215 3979 μὴ
1242 3905 1362 3982 εἰρηκώς.

179 3999 201 4032 e.
220 3983 276 4044 tier.
290 3981 311 4029 l.
330 3981 428 4042 Seguer.
448 3979 729 4032 depromerentur.
781 3979 845 4028 llaec
862 3989 940 4028 autem
958 3994 1020 4042 qnae
1037 3989 1171 4044 sequuntur
1180 3981 1250 4031 rerba
1259 3976 1362 4050 λυπήσῃ

144 4041 296 4115 παράσχοι,
313 4054 339 4098 ut
357 4049 478 4110 ettnqlio.
497 4051 520 4097 io
540 4047 653 4107 margine.
683 4047 729 4096 (ϊο-
779 4037 844 4094 atra
866 4039 928 4100 τοὺς
948 4039 1090 4111 μαθητὰς,
1115 4039 1260 4115 laureata
1277 4047 1364 4102 alsam

144 4119 190 4170 teri
208 4125 232 4167 et
249 4117 306 4167 editi
322 4111 440 4184 παρέχει.
476 4115 549 4165 Panlo
567 4123 623 4196 poet
635 4113 691 4176 lies.
706 4113 729 4162 l.
781 4129 794 4164 a
812 4113 886 4164 baril.

145 4187 218 4248 Sego.
236 4185 305 4236 Gobl.
319 4191 342 4234 et
355 4185 458 4234 l'elekm.
475 4184 496 4233 l.
513 4175 543 4232 ἰν
560 4177 730 4248 opporteat·
815 4199 830 4248 a,
850 4199 905 4261 fleg,
925 4197 947 4249 ι,
966 4207 989 4248 02
1006 4199 1104 4262 Sem
1121 4195 1229 4270 mm
1264 4203 1320 4267 neg·
1338 4204 1363 4254 2·

144 4247 219 4322 epar.
235 4251 282 4332 ¹nra
295 4253 384 4303 oreore
396 4242 727 4318 ermenone·
781 4265 861 4315 noer.
900 4267 960 4318 earn
985 4265 1050 4334 naq
1068 4271 1132 4334 quoa
1149 4273 1248 4322 vernem
1264 4280 1290 4322 n
1308 4261 1364 4322 et·

181 4319 256 4372 &8¹⁰
273 4323 329 4384 ΗΕΒ·
341 4322 362 4370 ¹·
381 4321 480 4384 SQW·
498 4321 596 4371 θοΜθῐ·
614 4318 731 4370 “⁸⁰¹3''
780 4325 888 4402 γὰρῆν
904 4335 972 4387 deest
989 4336 1013 4386 io
1031 4337 1129 4391 Gobler.
1146 4347 1170 4390 et
1186 4339 1292 4390 retum.
1308 4341 1330 4391 l.

146 4391 227 4442 nexui
239 4389 261 4439 1.
295 4389 325 4439 lt
342 4389 382 4439 etii
400 4397 426 4440 et
440 4381 640 4440 editiotlemmel.
657 4387 731 4439 omit·

146 4465 200 4510 tuot
215 4451 284 4524 μηδὲ
300 4455 474 4524 θροηθιιῖμεν.

181 4539 203 4587 q.
222 4525 293 4576 baril.
312 4535 338 4576 et
354 4527 457 4577 l'elelrx.
476 4525 500 4576 b.
518 4523 619 4580 &eleale
635 4516 729 4582 amalr,
815 4521 832 4572 l.
850 4523 906 4586 lies.
927 4523 949 4574 1.
967 4531 991 4574 et
1008 4523 1146 4588 amnne.
1163 4523 1255 4578 adulant
1267 4517 1365 4584 abab,

146 4581 194 4645 ὅτι
209 4583 257 4642 οὐκ
274 4580 344 4642 olda.
782 4591 847 4656 qnod
863 4592 888 4643 iu
905 4592 959 4642 aliia
977 4599 1001 4643 et
1017 4593 1088 4644 editis
1105 4593 1180 4642 daem.

1106 4673 1162 4725 36*

815 4429 839 4480 l·
857 4429 913 4494 deq.
928 4429 950 4480 l.
968 4437 992 4481 et
1008 4430 1108 4496 Sequar.
1126 4421 1182 4482 oria.
