3258 5276
587 375 695 422 omaro
710 377 731 420 r.
747 375 864 422 conrea
877 373 1013 422 amisos.
1145 345 1151 358 '
1345 357 1409 424 att

177 549 256 605 csse,
278 528 466 612 proindeque
488 546 538 604 ea,
560 545 636 608 qnae
657 533 884 608 comparantur,
906 526 1041 592 eiusdem
1064 545 1134 590 esee
1155 527 1290 607 generis,
1313 525 1354 588 ita
1376 529 1494 586 uterer.

57 611 68 636 ’
176 631 412 696 moraturae
434 631 475 694 sit
495 629 691 710 Angelorum
718 629 802 708 ipsos
829 629 964 708 profecto
993 627 1139 706 imprimis
1160 626 1283 705 pudebit
1304 627 1410 689 eadem

174 749 309 814 pugnare
330 739 361 794 ct
380 731 463 813 loqui
485 749 520 794 ac
540 729 736 804 Valentinum,
759 729 968 808 Carpocratem
990 726 1102 788 aliosve
1123 726 1305 801 haereticos,
1328 747 1407 808 qrro·

175 851 243 897 rum
264 833 315 896 ille
334 832 464 913 Angelos
486 831 621 896 eiusdem
643 848 714 892 esse
737 829 856 910 generis
879 847 914 890 ae
930 827 1085 889 Christum
1106 827 1271 900 affirmarit,
1294 829 1408 909 Carpo·

175 943 273 999 cates
301 942 400 998 autem
428 933 552 997 eosdem
581 950 650 994 esse
678 931 752 992 dixit
778 928 882 992 mundi
910 928 1116 990 fabricatores.
1162 927 1274 1007 Nempe
1301 929 1352 990 isti
1373 931 1409 992 ab

175 1035 234 1099 illis
256 1036 335 1098 forte
356 1034 455 1097 edocti
477 1033 629 1112 magistris
650 1031 705 1093 Dei
727 1029 857 1093 Verbum
879 1047 946 1092 nrm
966 1028 1086 1109 Angelis
1116 1029 1253 1091 conferre
1275 1047 1336 1092 non
1357 1047 1409 1092 re·

174 1145 290 1200 rentum.

261 1339 316 1402 57.
358 1336 396 1398 At
422 1342 502 1398 certe
529 1351 583 1396 ens
611 1311 672 1396 tam
699 1332 790 1412 impia
817 1329 982 1411 cogitantes
1010 1341 1095 1411 coget
1123 1331 1304 1395 erubescere
1326 1351 1413 1396 sacer

177 1437 296 1514 Cantor,
319 1439 405 1500 cuins
427 1437 483 1498 hae
504 1443 576 1498 sunt
595 1453 703 1498 voces:
730 1434 807 1508 Qur'a
830 1433 937 1496 currilia
960 1437 1021 1496 crr't
1034 1435 1163 1496 Domino
1184 1439 1218 1496 r'rr
1238 1435 1314 1517 filiis
1328 1435 1412 1500 Dei?

176 1546 220 1602 et:
248 1541 325 1614 Quia
347 1538 455 1602 cimilia
478 1541 526 1600 tao·
545 1541 578 1598 r'rr
599 1535 682 1609 utre,
712 1532 866 1598 Daraba?
907 1533 1108 1596 Nihilominus
1137 1535 1196 1598 illis
1218 1553 1336 1618 quoque
1357 1555 1409 1601 re·

175 1638 404 1722 spondebimus,
426 1648 460 1700 ut
480 1638 527 1700 rel
548 1637 593 1699 sio
614 1655 716 1700 rerum
739 1635 870 1710 discant,
899 1636 1151 1717 comparationem
1174 1635 1272 1703 solere
1294 1639 1409 1704 institui

176 1743 257 1804 inter
279 1759 323 1815 ec,
347 1757 423 1819 quae
445 1739 582 1800 ciusdem
603 1745 722 1800 constat
742 1755 808 1799 esso
831 1737 961 1816 generis,
984 1754 1043 1800 non
1060 1745 1160 1800 autem
1174 1738 1253 1800 inter
1270 1759 1314 1814 ea,
1336 1759 1410 1821 qnae

179 1841 329 1902 ffirersam
350 1838 462 1900 hahent
483 1845 629 1900 naturam.
672 1838 773 1917 ltaque
794 1856 884 1901 nemo
906 1839 1000 1903 Deum
1022 1857 1089 1902 cunr
1110 1838 1233 1902 homine
1254 1857 1409 1921 compara·
1510 1879 1517 1888 ·

178 1939 256 2002 verit
283 1957 381 2020 neque
411 1938 499 2000 etiam
525 1939 676 2001 hominem
704 1957 772 2002 cum
798 1939 906 2002 belluis
936 1958 1033 2021 neque
1060 1941 1138 2020 ligna
1167 1959 1234 2002 oum
1262 1940 1411 2022 lapidibus

177 2049 304 2123 proptor
334 2049 458 2104 namma
486 2039 768 2104 dissimilitudinem.
812 2041 873 2104 Sed
901 2042 981 2104 flens
1014 2041 1132 2121 guidem
1164 2061 1231 2105 cum
1264 2043 1344 2106 nulla
1376 2061 1410 2106 re

177 2143 344 2223 comparari
364 2149 480 2224 potest,
506 2143 598 2206 bomo
619 2161 691 2206 voro
713 2161 781 2206 cnm
802 2143 943 2216 homine,
973 2142 1084 2224 lignum
1113 2161 1179 2206 orm
1207 2143 1305 2223 ligno,
1333 2143 1409 2226 lapis

176 2261 244 2308 cerm
265 2245 362 2326 lapide
383 2256 463 2310 recte
483 2253 584 2326 potest
605 2245 745 2320 conferri,
767 2263 826 2308 neo
847 2245 878 2306 io
901 2244 950 2307 his
972 2263 1028 2306 vox
1047 2249 1258 2326 praestantius
1279 2265 1408 2327 usurpa-

173 2345 273 2422 bitur,
302 2347 356 2410 scd
383 2365 440 2408 rox
466 2351 561 2428 onogia
582 2347 630 2408 vel
648 2347 733 2426 plor.
778 2346 830 2408 Sic
849 2345 959 2427 loseph
986 2345 1080 2426 magis
1108 2345 1233 2428 pulcher
1260 2357 1325 2410 erat
1346 2348 1409 2410 suis

173 2447 326 2524 nauibus,
348 2448 458 2512 Rachel
479 2447 574 2528 magis
596 2446 721 2527 pulchra
744 2463 831 2526 quarn
852 2445 916 2509 Lia.
944 2447 1035 2512 Stella
1050 2465 1121 2511 vero
1136 2465 1199 2510 non
1221 2449 1304 2510 stella
1318 2467 1410 2529 prae·
1469 2493 1472 2501 ·

172 2551 312 2625 stantior,
330 2541 389 2613 'sed
411 2550 507 2628 magis
528 2567 589 2610 una
612 2546 650 2610 eh
672 2545 727 2608 alia
750 2547 853 2630 differt
874 2553 907 2612 ira
927 2551 1039 2630 pforin-
1084 2549 1159 2612 Cum
1174 2559 1274 2612 antem
1294 2569 1345 2611 res
1361 2550 1409 2610 di·
1432 2535 1439 2553 '

170 2671 278 2715 versae
299 2661 424 2714 naturae
445 2650 524 2710 inter
545 2665 580 2709 se
602 2657 819 2727 comparantur,
842 2658 912 2714 tunc
932 2670 990 2714 vox
1009 2655 1226 2732 praestantior
1248 2658 1298 2711 aut
1316 2667 1411 2730 proe-

174 2755 311 2814 rtoottus
334 2747 522 2810 differentiae
544 2746 752 2827 significandae
774 2751 867 2831 gratia
895 2751 1070 2825 adhibetur,
1102 2748 1353 2830 quomadmodum
1374 2749 1412 2810 de

175 2849 323 2929 sapientia
346 2856 377 2910 et
396 2847 544 2926 lapidibus
567 2855 613 2910 est
633 2849 753 2914 diuum.
799 2851 833 2914 Si
855 2852 945 2932 igitur
965 2851 1129 2932 Apostolus
1152 2847 1292 2910 dixisset:
1315 2849 1412 2910 'lanto

174 2950 273 3030 magis
296 2947 389 3012 Filius
411 2947 559 3012 antecellit
578 2949 624 3010 rol
645 2957 726 3012 tanto
748 2951 845 3014 maior
867 2960 915 3014 est
934 2951 1073 3030 Angelis,
1095 2949 1182 3010 robis
1207 2965 1279 3009 sane
1300 2967 1336 3010 ex
1356 2949 1413 3012 hac

174 3049 244 3114 Filii
266 3067 333 3112 oum
355 3047 477 3128 Angelis
499 3050 719 3129 comparatione
741 3051 939 3114 contendendi
962 3067 1036 3111 anae
1056 3048 1261 3128 praeberetur.
1294 3049 1331 3110 At
1344 3067 1411 3114 cum

177 3142 256 3214 eum'
269 3149 347 3212 dicat
368 3167 439 3212 esse
465 3149 730 3228 praestantiorem,
760 3157 933 3230 tantumque
960 3149 1097 3224 diffemc,
1126 3154 1266 3228 quantum
1292 3149 1410 3214 frliuar

177 3251 275 3312 serris
297 3249 412 3324 differt,
440 3250 600 3313 manifeste
628 3252 732 3332 utique
755 3249 887 3313 ostendit
908 3250 997 3313 aliurn
1025 3268 1094 3312 csse
1115 3269 1131 3312 a
1154 3257 1257 3312 natura
1278 3251 1407 3332 Angelo-

173 3369 253 3414 rum.
298 3351 373 3414 Cum
393 3352 466 3414 item
489 3369 557 3414 eum
580 3352 680 3416 omnia
701 3352 845 3415 fundasse
866 3352 1000 3427 affirmet,
1023 3351 1111 3414 alium
1126 3352 1259 3431 profecto
1279 3353 1316 3416 ab
1339 3373 1407 3416 om-

173 3451 264 3514 nibus
286 3452 372 3514 factis
394 3451 487 3514 rebus
509 3470 578 3516 esse
599 3452 716 3532 probat.
762 3453 952 3533 Quapropter
976 3471 1044 3516 cum
1066 3452 1201 3516 diversae
1223 3453 1263 3516 sit
1283 3462 1491 3518 nannenus.

174 3569 314 3614 ararum
336 3555 478 3616 locorum
500 3561 623 3628 natura,
646 3571 790 3634 quaenam
812 3573 925 3634 quaeso
945 3555 1126 3636 comparatio
1148 3563 1200 3617 aut
1222 3572 1297 3634 quae
1318 3555 1406 3618 sinri-

173 3651 267 3714 litudo
290 3653 355 3715 eius
376 3662 500 3716 naturae
522 3671 589 3717 oum
611 3654 701 3717 rebus
723 3653 832 3718 factis?
875 3655 984 3734 yerunr
998 3657 1025 3719 si
1048 3674 1155 3718 rursus
1179 3655 1276 3717 similo
1297 3653 1408 3736 aliquid

175 3752 360 3833 excogitent,
392 3755 459 3817 illos
482 3755 530 3818 his
553 3755 651 3819 verbis
673 3756 838 3820 confutabit
858 3757 983 3820 Paulus:
1011 3757 1057 3819 Ad
1079 3774 1166 3838 guero
1187 3765 1287 3818 eutem
1308 3756 1407 3837 Arpo-

208 4032 233 4086 d.
252 4037 292 4088 Sic
308 4037 449 4152 Seffariro.
473 4045 498 4088 ot
514 4037 571 4100 fleg.
605 4037 652 4088 Alii
669 4050 725 4088 roro
743 4045 767 4089 ot
816 4031 960 4106 κρείσσων.
999 4037 1095 4090 Gohlor.
1114 4038 1145 4090 'st
1161 4039 1265 4092 ielclm.
1279 4041 1303 4091 1.
1320 4039 1409 4110 apric-

174 4103 233 4155 editi
251 4117 335 4173 serap
364 4119 396 4156 aa
818 4115 886 4168 σονς
904 4103 1031 4156 mendose.
1056 4105 1117 4158 sliu
1133 4115 1157 4158 rt
1170 4099 1254 4159 altiori
1266 4103 1406 4174 spernor.

210 4187 232 4220 e.
251 4173 426 4240 συγκρίνεται
449 4171 520 4223 abest
542 4187 557 4222 a
576 4171 724 4224 Gohlorirnc
742 4179 767 4224 ot
852 4204 875 4253 ε,
892 4188 991 4254 ςομρῐ,
1004 4179 1225 4245 {mmmm
1250 4193 1306 4254 Μ,
1320 4191 1408 4240 ταῦτα

173 4237 282 4290 felclm.
293 4241 316 4290 t.
819 4257 915 4308 oniuit.
951 4257 1042 4310 ibidem
1067 4257 1172 4312 i'clclm.
1189 4259 1213 4310 b.
1233 4253 1407 4328 'nnpndfflp

181 4361 191 4385 ,
209 4307 225 4357 f.
244 4307 345 4386 Sequer-
361 4301 412 4388 ²5¹³.
423 4301 532 4387 'lily‘-n
547 4307 615 4386 ΜΨ
638 4321 693 4358 ¹³⁰¹
710 4313 768 4372 1³⁰¹!
817 4323 896 4376 Editio
914 4325 1032 4377 Commel.
1051 4333 1074 4376 ct
1092 4327 1132 4378 alii
1149 4319 1301 4393 παραβάλῃ.

172 4366 313 4439 «repone
335 4381 424 4425 cmrttrt
447 4387 539 4427 aureo.
579 4374 642 4427 lhrd.
665 4377 765 4438 Ssgoor.
851 4409 874 4460 h·
894 4405 947 4476 m
965 4423 1039 4476 ⁸⁰1³st
1057 4425 1082 4474 p·
1101 4407 1160 4461 232·
1178 4418 1228 4460 not·
1246 4405 1283 4476 2]

173 4441 274 4492 Gohler.
293 4449 317 4492 et
333 4441 440 4492 felclm.
454 4442 477 4492 l.
495 4436 570 4495 Atos.
595 4443 766 4506 ltomSegncr.
851 4493 857 4506 ,
1102 4493 1107 4504 ,
1130 4494 1136 4504 ,

173 4507 233 4558 rora.
252 4499 341 4575 ἀστὴρ
359 4503 396 4559 rt.
422 4509 468 4561 aru
486 4519 511 4560 a
527 4501 683 4575 saritur,
700 4501 766 4575 rep.
851 4509 868 4544 ¹·
885 4493 986 4557 segon.
1005 4483 1042 4546 ὣς
1059 4500 1156 4544 mut

174 4571 236 4624 ibid.
255 4575 355 4640 Ssgnrr.
374 4577 472 4629 Gohler.
496 4585 520 4628 et
543 4577 649 4630 falclm.
664 4579 686 4628 l.
705 4567 767 4642 cripi
854 4577 876 4628 lr.
898 4577 997 4640 Segocr.
1016 4568 1032 4622 ὃ
1050 4567 1116 4628 otte.
