3250 5292
573 371 681 416 onarro
697 371 741 416 ur.
758 373 873 418 conrru
887 373 1022 418 suanos.
1193 387 1198 394 ·
1342 361 1405 426 tat

171 531 229 588 rat
262 523 336 586 Nam
358 541 425 584 cum
446 522 568 584 nescius
587 541 649 584 nou
672 529 764 598 osset,
786 523 869 587 illum
891 525 989 604 magni
1012 525 1128 587 consilii
1150 525 1291 604 Angelum
1307 527 1492 590 Patrisruct.

170 624 288 698 vocari,
317 643 378 686 uon
407 621 495 686 alium
523 631 642 703 praeter
664 623 772 710 ipsum
786 643 855 686 essa
878 625 1069 704 significavit,
1092 627 1141 707 qui
1164 635 1193 688 et
1216 626 1406 708 benediceret

172 735 202 788 ct
224 726 261 786 de
283 723 369 786 malis
392 732 520 786 erueret.
558 723 617 786 Nee
639 725 717 786 enirn
740 724 942 786 arbitrandum
966 733 1022 799 est,
1045 727 1273 804 conuoluisse,
1296 737 1329 792 ut
1345 729 1403 792 sibi

171 827 292 908 quidem
313 825 404 898 Deus,
426 825 589 906 nepotibus
608 843 679 888 vero
701 825 829 905 Angelus
852 826 1059 901 benediceret;
1089 827 1141 889 sed
1164 847 1251 908 quem
1274 829 1339 908 ipse
1362 829 1401 892 ita
1412 843 1489 892 ntea

171 927 311 1010 rogabat:
340 926 409 991 Non
432 940 460 992 te
482 930 639 997 dimittam,
661 929 724 989 aui
743 927 819 990 milti
838 929 1028 991 benede'acert'e
1051 927 1090 1004 (is
1112 946 1205 1008 porro
1228 928 1307 991 Deus
1329 941 1402 1005 erat,

171 1039 206 1094 ut
225 1030 305 1092 idern
328 1037 470 1091 testatur:
506 1029 570 1090 Vidi
590 1027 686 1090 Deum
707 1029 787 1108 socie
808 1030 848 1090 od
868 1031 1001 1109 sonem),
1025 1030 1152 1092 eundem
1174 1029 1349 1109 precabatur
1370 1041 1404 1092 ut

171 1130 241 1194 filiis
263 1131 371 1210 loseph
393 1130 593 1192 benediceret.
638 1129 794 1210 Proprium
823 1129 943 1210 quidem
964 1131 1068 1210 angeli
1090 1139 1138 1192 est
1159 1129 1221 1192 Deo
1244 1130 1403 1211 imperanti

171 1233 358 1305 ministrare,
381 1232 509 1312 hincque
532 1231 681 1294 multoties
705 1230 847 1292 scribitur
867 1231 1034 1312 praeivisse
1057 1241 1089 1294 ut
1110 1232 1325 1294 Amorrhaeum
1347 1250 1401 1294 ex·

172 1335 306 1415 pelleret,
330 1333 499 1414 missusque
522 1333 615 1395 luisse
637 1341 670 1394 ut
691 1331 833 1413 populum
856 1333 887 1394 in
909 1333 1015 1396 itinere
1037 1341 1180 1396 tueretur.
1216 1333 1324 1396 Verum
1346 1321 1404 1396 uec

173 1436 229 1498 ista
254 1435 318 1498 eins
341 1443 412 1497 sunt
433 1453 534 1514 opera,
558 1433 612 1497 sed
627 1435 680 1496 Dei
702 1433 876 1515 imperantis
891 1443 920 1496 et
934 1435 1090 1509 mittentis,
1113 1434 1198 1496 cuius
1214 1441 1261 1496 est
1274 1433 1403 1496 liberare

172 1555 248 1617 quos
275 1535 419 1610 volucrit;
452 1554 509 1615 qua
538 1536 575 1598 de
603 1554 690 1598 eausa
713 1553 775 1598 uon
797 1536 872 1597 alius
895 1553 982 1614 quam
1005 1536 1070 1616 ipsa
1091 1534 1235 1598 Dominus
1258 1535 1338 1596 Deus
1361 1533 1402 1596 illi

174 1637 310 1719 apparuit
338 1645 369 1698 et
397 1637 451 1698 ait:
487 1637 559 1698 llere
590 1655 642 1716 epo
666 1649 763 1700 tecum
785 1655 838 1699 ero
860 1637 900 1700 od
922 1648 960 1700 te„
974 1627 1200 1701 custodiendum
1221 1655 1404 1718 puteumque

170 1743 255 1802 teris.
300 1737 361 1798 Nec
389 1736 460 1798 item
489 1736 565 1798 alius
588 1756 676 1817 qoam
698 1737 764 1818 ipse
785 1735 865 1800 Deus
888 1737 1024 1816 apparuit
1044 1735 1145 1798 Labau
1168 1737 1294 1817 eiusque
1316 1737 1402 1799 colri-

170 1837 400 1910 hollinstein,
434 1837 481 1897 cui
512 1845 542 1898 et
573 1838 678 1911 iussit,
711 1847 744 1900 ut
771 1857 809 1900 ue
831 1837 932 1900 verbis
954 1839 1070 1918 asperis
1093 1857 1160 1900 cum
1182 1838 1269 1900 lacob
1290 1845 1402 1916 ageret.

171 1941 240 2020 lpse
269 1946 367 2000 autem
395 1937 483 1999 lacob
513 1957 573 1999 uon
602 1939 691 2001 alium
722 1958 795 2002 sane
816 1958 903 2019 quam
925 1939 1018 2002 Deum
1040 1940 1087 2001 bis
1108 1938 1209 2001 verbis
1232 1937 1403 2000 invocabat:

169 2041 254 2104 Erue
274 2059 320 2102 nte
344 2041 378 2101 de
398 2058 490 2102 mano
512 2041 625 2119 scotres
646 2045 708 2103 mei
727 2041 819 2114 Boou,
842 2047 913 2122 quio
934 2061 1001 2104 eant
1024 2046 1121 2106 timec.
1156 2039 1235 2102 llaec
1257 2039 1344 2102 mam
1367 2037 1404 2100 ad

173 2161 284 2204 uxores
306 2141 395 2203 dixit:
422 2140 505 2204 Deos
527 2160 591 2204 non
610 2146 752 2223 permisit
775 2143 878 2204 lobon
899 2155 935 2206 et
958 2142 1032 2204 milo·
1050 2151 1183 2204 noceret.

257 2549 307 2611 13.
350 2547 418 2608 Non
450 2547 539 2610 alium
573 2566 692 2629 quoque
724 2555 843 2628 praeter
868 2547 962 2610 Deum
994 2503 1171 2628 precabatur
1198 2545 1289 2606 David
1316 2555 1349 2606 nt
1371 2563 1405 2606 se

170 2644 326 2706 liberaret:
347 2644 409 2708 ‘lo
432 2660 474 2719 te,
504 2649 644 2721 Dormire,
669 2651 932 2730 comestilem,
957 2649 1101 2724 clamavi,
1124 2659 1153 2711 et
1176 2647 1329 2709 ecoode'ett'
1348 2663 1403 2706 me.

171 2742 315 2816 Domine,
351 2745 448 2807 libero
479 2752 610 2810 animam
640 2769 736 2812 mecm
763 2768 782 2811 o
810 2749 898 2812 lobiis
927 2753 1040 2830 lne'pois
1070 2758 1099 2810 et
1121 2767 1140 2808 o
1163 2746 1267 2826 le'npoo
1289 2744 1404 2808 dolona.

172 2845 278 2908 Eidem
300 2863 406 2906 rursus
435 2847 543 2925 gratias
566 2867 657 2928 agens
680 2851 754 2912 baec
776 2850 884 2912 Psalmi
908 2849 1014 2910 decimi
1037 2847 1155 2925 septimi
1178 2845 1266 2906 rerba
1289 2844 1403 2917 cecinit,

171 2947 219 3008 dic
243 2965 300 3026 qua
322 2945 467 3009 Dominus
491 2966 557 3010 eum
587 2950 623 3012 de
649 2969 738 3012 mauu
767 2951 899 3012 omnium
931 2949 1120 3009 inimicorum
1149 2946 1242 3008 eruit:
1276 2944 1405 3026 De'la'pom

171 3059 211 3124 te,
234 3047 373 3124 Domtite,
395 3050 549 3129 fortitudo
571 3069 648 3123 mee,
670 3049 819 3112 Dominae
842 3051 1068 3129 firmamentum
1084 3067 1187 3132 ‘meam
1211 3057 1239 3108 et
1254 3047 1405 3126 rescipiens

169 3167 269 3212 meum
290 3158 321 3210 et
343 3148 494 3211 liberator
514 3169 609 3212 meos.
646 3149 756 3211 Paulus
779 3148 866 3211 etiam
889 3147 996 3210 multas
1019 3165 1128 3226 passus
1149 3147 1321 3209 vexationes
1343 3165 1405 3208 nou

112 3313 117 3320 ,
171 3249 221 3312 elii
245 3267 332 3328 quam
353 3248 416 3311 Deo
439 3250 548 3330 gratias
570 3251 628 3312 boc
649 3251 740 3312 modo
763 3249 883 3330 agebat:
906 3249 955 3312 tte
978 3249 1114 3320 omnibus
1138 3253 1250 3330 enituit
1270 3267 1316 3330 me
1339 3245 1403 3308 Do-

169 3355 271 3414 nn'nua
295 3360 324 3413 et
346 3361 511 3431 erepturus
535 3365 596 3424 est,
628 3357 660 3414 in
688 3371 773 3433 wera
796 3353 998 3431 sperovriaue.
1020 3349 1104 3410 ·Nee
1125 3351 1195 3412 item
1217 3347 1293 3410 alius
1316 3365 1403 3426 marn

168 3453 248 3516 Deus
272 3452 406 3514 Abrabae
428 3460 517 3532 atque
537 3452 622 3516 lsaac
642 3453 803 3514 benedixit.
833 3450 901 3530 lpse
924 3459 1021 3536 autem
1038 3450 1120 3512 lsaac
1133 3449 1226 3512 Deum
1242 3448 1289 3511 bis
1305 3447 1403 3510 verbis

204 3639 226 3688 d.
247 3639 302 3702 lieg.
320 3639 340 3687 l.
359 3647 382 3688 st
400 3639 542 3700 Segoerisn.
561 3628 608 3692 oie
625 3630 661 3686 ἂν
678 3629 760 3692 αὐτὸς
810 3632 908 3701 λόγους
925 3635 973 3696 τῆς
1001 3627 1062 3696 ’δῆς
1079 3629 1141 3686 ivr
1183 3625 1403 3697 ἑπτακαιδεκάτῳ

42 3707 50 3722 “
168 3699 269 3771 θελήσῃ
289 3701 411 3772 ῥύεσθαι.
438 3707 535 3757 Gobler.
549 3709 604 3756 item
620 3715 643 3756 et
654 3707 758 3756 Feleitm.
810 3699 914 3769 ψαλμῷ
938 3697 967 3752 ἐν
991 3699 1080 3772 ημέρᾳ
1097 3687 1114 3770 ᾖ
1131 3649 1266 3769 &abacto
1285 3691 1403 3749 αὖτὸνό

172 3775 193 3825 l.
214 3769 336 3840 ῥύεσθαι.
374 3773 434 3823 utto
458 3783 482 3823 et
506 3775 546 3824 etit
573 3766 620 3826 ciis
642 3765 678 3820 ἂν
694 3769 758 3838 θέλῃ
810 3764 910 3839 seipsos.

170 3835 317 3906 ῥύσασθαι.
356 3841 407 3890 llos
431 3849 456 3890 nt
479 3850 502 3890 et
526 3842 588 3890 intra
614 3841 669 3902 ltep.
697 3841 718 3890 l.
737 3849 760 3890 et
846 3843 869 3888 b.
894 3839 935 3888 Sie
960 3851 1018 3887 mss.
1042 3837 1094 3896 ,tt
1118 3837 1191 3886 editio
1216 3835 1333 3886 Commel.
1357 3828 1405 3881 καί

170 3914 270 3972 sooner.
295 3901 309 3956 ὁ
335 3901 400 3960 θεὸς
423 3897 565 3972 tipice.
599 3907 660 3956 catu
679 3915 702 3956 er
720 3907 760 3956 aot
812 3906 908 3955 omitto.

133 4031 137 4040 ¹
170 3969 268 4030 ὁθεὸς
286 3967 394 4040 ὀφθείς.
848 3973 863 4020 i.
882 3971 937 4032 dep.
963 3971 985 4018 1.
1005 3977 1028 4019 et
1046 3971 1146 4030 Seguer.
1163 3965 1263 4034 λέγων·
1291 3963 1319 4017 ἐκ
1335 3960 1403 4017 noiv-

204 4061 226 4094 e·
244 4045 285 4094 Sic
304 4057 361 4092 mss.
397 4045 425 4090 lt
443 4041 516 4090 editio
535 4041 653 4090 Commet.
671 4033 761 4095 ἐξελοῦ
811 4051 877 4087 των.
901 4037 945 4086 tlil
958 4045 982 4086 et
995 4037 1050 4086 editi
1065 4031 1159 4100 uror
1175 4027 1228 4084 ἀλλ’
1242 4029 1401 4086 ἁπάντων.

168 4126 233 4178 μου,
257 4112 381 4162 metrdose.
813 4107 866 4156 lior
891 4105 946 4165 urg.
974 4103 995 4152 l.
1015 4112 1038 4154 et
1056 4105 1155 4182 Sepuer.
1174 4097 1331 4170 ἠλπίκαμεν.
1357 4097 1404 4150 καὶ

205 4182 222 4230 l.
240 4171 284 4228 eiu
301 4179 369 4228 deest
387 4177 410 4225 in
429 4175 486 4237 lteg.
507 4176 527 4226 l.
547 4183 570 4225 et
589 4175 687 4234 Sepuer.
813 4165 861 4222 οὒκ
879 4163 957 4225 ἄλλος
975 4163 991 4231 ἢ
1010 4163 1024 4218 ὁ
1043 4171 1115 4225 θεας.
1145 4173 1206 4224 Editi
1218 4182 1249 4224 et
1266 4173 1307 4223 elii
1325 4165 1403 4232 ἤλπι-

204 4263 226 4308 e.
247 4247 345 4298 Gobler.
370 4253 393 4294 et
417 4243 522 4294 llelcltm.
544 4246 565 4293 t.
584 4235 692 4294 δολίοις·
716 4233 763 4288 καὶ
814 4251 857 4291 σα.
877 4234 923 4289 καὶ
941 4230 989 4290 οὐκ
1006 4231 1084 4293 ἄλλος
1102 4233 1132 4289 δὲ
1150 4231 1166 4299 ἢ
1184 4237 1258 4293 θεός.

170 4309 266 4372 πάλιν,
295 4305 429 4379 ἀγαπήσω
455 4323 485 4361 σε
504 4320 549 4362 etc.
568 4312 666 4360 omissis
685 4311 760 4359 inter·
847 4311 869 4358 t.
889 4309 981 4371 itepl.
999 4309 1098 4368 Seguer.
1118 4307 1402 4359 Gobler.etFelelm.l.

170 4385 264 4434 mediis.
293 4383 353 4432 lbid.
372 4382 428 4444 lter.
450 4381 472 4430 l.
492 4387 516 4430 et
533 4380 631 4441 Segoer.
650 4369 761 4438 ἐλάλησε
812 4377 925 4428 omittunt
947 4369 993 4425 aeni
1015 4367 1165 4426 τὸν-Ἰακιό
1191 4410 1199 4432 ,
1228 4389 1290 4439 ques
1314 4373 1354 4424 elil
1378 4379 1402 4422 et

169 4445 216 4501 atei
233 4445 297 4504 τοὺς
312 4441 410 4514 λόγους
427 4447 476 4507 τῆς
493 4438 564 4528 pidp‘s
582 4441 612 4496 ἐν
628 4439 761 4494 r‘tmo·
812 4446 870 4497 editi
895 4445 984 4496 babent
1007 4455 1061 4496 ante
1085 4438 1132 4493 atei
1192 4435 1285 4490 Ἰσαὰκ
1308 4436 1339 4490 δέ
1356 4447 1402 4488 etc.

599 4460 759 4581 <elizatam
811 4513 863 4564 blot
883 4512 1000 4576 Regiusl.
1019 4521 1043 4562 et
1061 4515 1159 4575 Seguer.
1178 4518 1205 4560 ut
1222 4517 1246 4559 et
1263 4509 1402 4572 Scripturas
1476 4557 1485 4568 ,

170 4513 321 4582 endendae»
339 4513 441 4586 ψαλμῷ
458 4499 622 4633 ‘yma'
733 4575 741 4592 x
1038 4571 1046 4594 ε
1157 4571 1164 4590 0

173 4577 257 4633 αὐτὸν
273 4579 372 4654 κύριος.
398 4585 567 4636 Geterleotem
606 4578 761 4642 αλησετους
813 4583 919 4633 Graecus
938 4589 1016 4632 textus
1033 4595 1048 4628 o
1067 4574 1096 4630 δὲ
1115 4579 1179 4631 deos
1195 4589 1259 4642 μου·
1297 4577 1360 4626 blltlt
1379 4579 1403 4622 οἱ
