3226 5280
231 357 272 422 56
462 389 464 394 ,
630 369 654 410 ε.
671 366 824 410 numu
839 365 1062 409 ιααοιτειεαονι

142 537 220 582 ναι.
232 519 287 588 διὰ
307 517 366 605 τήν
387 519 453 582 τῶν
476 514 618 582 ἐντολῶν
639 511 781 600 τήρησινἸ
797 508 893 598 ἡμεῖς
914 511 1219 596 προςλαμβάνομεν.
1265 513 1381 598 τὰμὲν
1395 515 1459 602 γὰρ

228 624 294 688 τῶν
317 616 480 701 σωμάτων
503 611 604 699 ὅμοια
625 612 712 698 πρὸς
733 611 835 680 ἑαυτά
855 611 1055 698 τυγχάνοντα
1077 612 1216 679 δυνατόν
1238 637 1312 693 πως
1328 616 1461 684 διίστα-

229 728 315 789 σθαι
336 721 390 785 καὶ
411 715 539 802 μακρὰν
562 709 618 782 ἀπ’
644 710 795 802 ἀλλήλων
816 718 981 797 γίνεσθαι,
1006 708 1074 780 οἷοί
1096 713 1180 781 εἰσιν
1195 715 1228 781 οἱ
1242 717 1308 781 τῶν
1323 710 1460 801 ἀνθρώ-

228 849 303 889 πιον
331 820 399 886 υἱοὶ
428 817 514 904 πρὸς
533 816 612 896 τούς
633 815 865 904 γεννήσαντας,
896 810 941 893 ὡς
963 820 1147 900 γέγραπται
1167 815 1248 902 περὶ
1268 819 1327 882 τοῦ
1348 811 1458 902 Ἀδάμ

229 923 284 990 καί
305 923 363 988 τοῦ
388 919 423 999 ἐξ
444 914 543 986 αὐτοῦ
566 923 781 1004 γεννηθέντος
802 915 893 1001 Σήθ,
917 911 962 994 ῶς
983 905 1022 1002 ἦν
1045 913 1161 999 ὅμοιος
1183 913 1272 1004 αὐτῷ
1294 918 1378 984 κατὰ
1399 918 1458 1006 τὴν

230 1024 321 1092 ἰδέαν
350 1015 491 1096 αὐτοῦ’).
537 1017 653 1106 ἐπειδὴ
682 1019 718 1085 δὲ
747 1013 766 1102 ή
797 1016 832 1085 ἐκ
859 1015 988 1102 πατρὸς
1014 1021 1072 1084 τοῦ
1102 1019 1174 1085 υἱοῦ
1204 1025 1353 1106 γέννησις
1375 1017 1456 1108 ἀλλη

230 1123 324 1209 παρὰ
344 1122 402 1210 τὴν
426 1117 618 1207 ἀνθρώπιον
641 1120 743 1208 φύσιν
767 1115 852 1198 ἐστι’,
882 1114 999 1184 καὶού
1021 1118 1123 1202 μόνον
1146 1116 1272 1203 ὅμοιος,
1296 1116 1458 1190 ἀλλὰκαὶ

231 1222 418 1310 ἀδιαίρετός
451 1223 523 1290 ἐστι
552 1227 610 1311 τῆς
637 1225 697 1288 τοῦ
720 1218 847 1305 πατρὸς
870 1215 1000 1300 οὐσίας,
1035 1220 1091 1287 καὶ
1113 1225 1147 1288 ἐν
1167 1228 1228 1305 μέν
1251 1222 1335 1290 εἰσιν
1356 1219 1457 1303 αὐτὸς

229 1330 283 1396 καὶ
307 1324 325 1394 ό
347 1325 457 1413 πατήρ
465 1329 497 1404 ²),
522 1320 567 1403 ῶς
589 1319 689 1402 αὐτὸς
711 1323 845 1409 εἰρηκεν,
870 1316 921 1388 ἀεὶ
946 1322 982 1388 δέ
1004 1321 1038 1388 ἐν
1059 1325 1105 1408 τῷ
1128 1329 1232 1410 πατρί
1254 1323 1344 1390 ἐστιν
1367 1319 1458 1390 όλό-

229 1453 300 1517 γος,
334 1432 387 1495 καί
420 1424 438 1494 ὃ
468 1424 578 1513 πατὴρ
602 1425 635 1492 ἐν
657 1424 829 1511 τῷλόγῳ,
865 1418 910 1501 ῶς
933 1423 1005 1490 ἐστι
1025 1423 1064 1488 τὸ
1087 1419 1290 1510 ἀπαύγασμα
1311 1425 1396 1512 πρὸς
1417 1425 1456 1492 τὸ

230 1535 319 1620 φῶς·
342 1533 440 1596 τοῦτο
455 1528 523 1621 γάρ
546 1531 600 1594 καί
622 1524 642 1614 ἡ
665 1528 753 1606 λέξις
775 1531 942 1613 σημαίνει·
965 1525 1023 1591 διὰ
1043 1529 1141 1592 τοῦτο
1163 1522 1183 1615 ἡ
1207 1525 1344 1606 σύνοδος
1358 1531 1456 1594 τοῦτο

229 1635 352 1698 νοοῦσα
379 1631 488 1708 καλῶς
517 1625 695 1713 όμοούσιον
719 1629 876 1714 ἐγραψεν,
906 1627 961 1693 ἵνα
982 1627 1040 1714 τήν
1062 1653 1098 1694 τε
1118 1632 1184 1695 τῶν
1206 1630 1378 1714 αἰρετικῶν
1398 1655 1458 1696 κα·

229 1732 388 1821 κοήθειαν
412 1726 641 1817 ἀνατρέψωσι,
664 1733 717 1796 καὶ
742 1730 894 1808 δείξωσιν
917 1727 1017 1796 ἀλλον
1040 1725 1125 1796 εἶναι
1146 1733 1213 1797 τῶν
1234 1735 1376 1818 γενητῶν
1397 1728 1456 1797 τὸν

231 1833 336 1920 λόγον.
380 1836 434 1900 καί
456 1832 517 1918 γὰρ
539 1834 637 1898 τοῦτο
659 1829 847 1917 γράψαντες
869 1825 971 1909 εὐθὺς
994 1829 1175 1916 ἐπήγαγον·
1197 1831 1274 1911 τούς
1296 1833 1332 1899 δέ
1348 1833 1458 1917 λέγον-

229 1961 290 2014 τας
311 1935 347 2014 ἐξ
368 1929 425 1999 οὐκ
447 1931 551 1999 όντων
572 1932 630 1999 τὸν
652 1932 724 1999 αίὸν
746 1935 805 1998 τοῦ
826 1936 911 1998 θεοῦ
933 1927 955 2020 ἢ
976 1932 1108 1998 κτιστὸν
1130 1927 1151 2019 ἢ
1173 1934 1315 2019 τρεπτδν
1337 1929 1358 2020 ἢ
1380 1941 1459 2001 ποί-

104 2060 111 2074 ·
229 2063 298 2126 ημα
325 2031 346 2123 ἢ
374 2035 410 2114 ἐξ
431 2035 543 2122 έτέρας
566 2030 690 2114 οὐσίας,
713 2028 1111 2119 τούτους-ἀναθεματίζει
1132 2032 1152 2121 ή
1176 2031 1254 2121 ἀγία
1275 2038 1329 2102 καλ
1350 2040 1458 2102 καθο-

230 2136 302 2223 λικὴ
325 2137 486 2224 ἐκκλησία.
531 2141 636 2203 ταῦτα
662 2138 698 2203 δὲ
721 2135 884 2223 εἰρηκότες
906 2135 1075 2221 ἐδήλωσαν
1098 2141 1263 2224 φανερῶς,
1288 2133 1400 2202 ὅτιτὸ
1422 2135 1457 2204 ἐκ

229 2240 288 2326 τῆς
315 2232 432 2317 οὐσίας
459 2241 513 2304 καί
544 2237 582 2303 τὸ
606 2233 784 2322 ὁμοούσιον
807 2232 997 2322 ἀναιρετικὰ
1017 2241 1084 2304 τῶν
1105 2241 1163 2325 τῆς
1186 2234 1339 2324 ἀσεβείας
1359 2240 1457 2324 λογα-

229 2346 310 2425 ρίων
333 2339 426 2419 εἰσίν,
450 2335 536 2425 άπερ
559 2337 629 2406 ἐστὶ
652 2345 773 2424 κτίσμα
794 2342 847 2404 καλ
870 2345 1000 2425 ποίημα
1021 2340 1075 2404 καί
1097 2338 1231 2424 γενητόν
1245 2339 1302 2406 καί
1315 2339 1457 2425 τρεπτὸν

229 2443 283 2506 καλ
306 2435 363 2506 οὐκ
384 2429 424 2525 ἦν
446 2443 526 2525 πρὶν
547 2445 700 2532 γεννηθῇ.
747 2436 764 2506 δ
786 2439 847 2526 γάρ
869 2443 974 2506 ταῦτα
996 2443 1127 2526 φρονῶν
1150 2436 1310 2526 ἀντιλέγει
1325 2444 1364 2528 τῇ
1381 2464 1455 2508 σον·

230 2541 313 2628 όδφ·
338 2537 355 2608 ὃ
379 2543 415 2608 δέ
436 2541 478 2606 τά
496 2537 627 2628 ’Λρείου
649 2543 694 2631 μὴ
718 2545 849 2630 φρονῶν
873 2542 909 2626 ἕξ
930 2537 1069 2628 ἀνάγκης
1079 2540 1121 2609 τὰ
1132 2545 1190 2628 τῆς
1200 2541 1340 2609 συνόδου
1352 2545 1456 2608 ταῦτα

231 2655 350 2733 φρονεῖ
369 2646 424 2710 καί
448 2644 645 2724 διανοεῖται,
669 2646 777 2722 καλῶς
799 2638 883 2709 αὐτὰ
903 2645 1054 2729 βλέπων,
1079 2639 1172 2722 ὅπως
1195 2643 1264 2710 ἐστὶ
1286 2641 1325 2708 τὸ
1347 2637 1458 2709 ἀπαύ-

230 2768 342 2833 γασμα
356 2743 442 2833 πρὸς
456 2744 495 2811 τὸ
508 2749 589 2834 φῶς,
606 2748 660 2812 καὶ
674 2745 710 2826 ἐξ
719 2741 821 2812 αὐτοῦ
836 2745 895 2831 τήν
907 2745 1018 2812 εἰκόνα
1027 2749 1086 2832 τῆς
1098 2739 1259 2833 ἀληθείας
1270 2745 1456 2832 λαμβάνων.

315 2856 366 2916 21.
416 2842 483 2915 Οὐκ
506 2837 562 2914 οῦν
586 2847 615 2915 εί
637 2847 679 2913 τά
700 2848 830 2935 ῥήματα
851 2853 904 2913 καὶ
922 2837 1015 2914 οὗτοι
1030 2844 1076 2926 ῶς
1091 2849 1165 2927 ξένα
1181 2849 1455 2936 προφασίζονται,

152 3021 158 3031 ,
231 2948 458 3036 φρονείτωσαν
480 2948 538 3040 τὴν
561 2949 720 3030 διάνοιαν,
744 2945 819 3016 καθ’
844 2947 883 3035 ἣν
898 2944 917 3035 ή
935 2948 1073 3028 σύνοδος
1088 2945 1193 3028 οὕτως
1209 2949 1360 3036 ἔγραψεν,
1378 2946 1458 3018 ἀνα-

229 3053 465 3134 θεματίζοντες
488 3049 574 3139 άπερ
597 3045 835 3136 ἀνεθεμάτισιν
856 3046 876 3138 ή
900 3049 1047 3130 σύνοδος,
1071 3052 1125 3116 καλ
1141 3049 1271 3130 λοιπόν,
1296 3051 1325 3118 εἰ
1340 3051 1457 3118 δύναν-

229 3173 301 3229 ται,
324 3147 577 3239 μεμφέσθωσαν
598 3152 658 3233 τὰς
680 3154 792 3233 λέξεις.
839 3141 873 3219 εὐ
897 3152 933 3218 δέ
956 3145 1046 3230 οἰδα,
1079 3147 1132 3216 ὅτι
1155 3150 1377 3240 φρονήσαντες
1398 3151 1456 3239 τὴν

232 3247 383 3315 διάνοιαν
411 3257 470 3336 τῆς
498 3255 638 3322 σονόδοα
667 3254 723 3321 καί
744 3253 786 3321 τὰ
808 3253 938 3341 ῥήματα
960 3256 1019 3338 τῆς
1041 3253 1191 3332 διανοίας
1213 3252 1347 3330 πάντως
1369 3247 1457 3318 ἀπο-

141 3342 147 3356 ’
232 3349 390 3427 δέξονται.
436 3347 476 3417 ἀν
499 3355 535 3419 δέ
557 3359 610 3420 καὶ
633 3355 753 3441 ταύτην
769 3355 948 3420 αἰτιᾶσθαι
962 3352 1144 3439 θελήσασι,
1163 3356 1257 3442 δῆλοι
1271 3357 1375 3421 πᾶσίν
1391 3354 1458 3420 εἰσι

230 3449 337 3538 μάτην
358 3453 412 3516 καί
435 3455 512 3536 περὶ
536 3452 666 3522 ἐκείνων
690 3457 853 3541 λέγοντες,
877 3457 930 3522 καί
953 3451 1235 3544 μόνονάφορμάς
1257 3456 1387 3534 ἑαυτοῖς
1409 3453 1456 3535 εἰς

231 3547 385 3637 ἀσέβειαν
407 3550 626 3634 ἐπινοοῦντες.
670 3553 690 3646 ή
712 3559 773 3642 μὲν
797 3547 854 3623 οὐν
876 3557 1049 3646 πρόφασις
1069 3562 1137 3626 τῶν
1157 3557 1317 3625 τοιούτων
1340 3558 1457 3638 λέξεων

230 3647 330 3740 αὐτη·
351 3652 380 3720 εἰ
403 3649 436 3719 δ’
462 3651 515 3721 ότι
536 3659 590 3722 καί
612 3656 657 3744 μή
682 3658 841 3746 ἐγγραφοί
863 3659 929 3725 εἰσι
950 3660 1053 3726 πάλιν
1071 3660 1290 3745 γογγύζουσιν,
1315 3655 1458 3726 αὐτόθεν

229 3753 289 3838 μέν
312 3748 405 3820 αὐτολ
428 3755 705 3840 ἐκβαλλέσθωσαν
728 3756 774 3838 ῶς
794 3761 1040 3843 κενολογοῦντες
1060 3762 1114 3825 καί
1136 3759 1194 3827 τὸν
1216 3765 1293 3828 νοῦν
1316 3757 1373 3844 οὐχ
1387 3756 1458 3847 ὖγι-

143 3860 394 3934 αιηαίνοντες·
427 3857 582 3938 ’ἑαυτοὺς
615 3861 652 3926 δέ
679 3862 733 3926 καὶ
757 3858 790 3926 ἐν
812 3857 945 3938 τούτοις
966 3858 1217 3942 αἰτιάσθωσαν,
1252 3857 1306 3928 ὅτι
1327 3866 1457 3948 πρῶτον

230 3955 458 4040 παρασχόντες
485 3959 544 4046 τὴν
574 3960 730 4048 τοιαύτην
758 3959 933 4048 πρόφασιν
962 3961 997 4041 ἐξ
1018 3955 1176 4050 ἀγράφων
1197 3969 1377 4046 θεομαχεῖν
1399 3960 1458 4050 ήρ-

230 4056 337 4132 ξαντα.
382 4064 568 4139 γινωσκέτω
591 4062 627 4126 δὲ
651 4057 758 4143 ὅμως,
782 4062 815 4127 εἰ
834 4068 885 4139 τίς
907 4061 979 4127 ἐστι
1001 4062 1205 4147 φιλομαθής,
1231 4058 1284 4127 ότι
1298 4063 1328 4128 εἰ
1342 4067 1396 4128 καί
1411 4063 1456 4150 μή

229 4150 335 4232 ούτως
368 4154 402 4221 ἐν
433 4165 509 4234 ταῖς
540 4169 685 4244 γραφαῖς
707 4159 791 4224 εἰσιν
813 4159 848 4223 αἰ
871 4161 989 4238 λέξεις,
1020 4156 1118 4236 ἀλλά,
1148 4158 1305 4243 καθάπερ
1329 4163 1457 4245 εἴρηται

229 4253 401 4340 πρότερον,
425 4254 484 4341 τὴν
508 4256 542 4323 ἐκ
562 4261 629 4323 τῶν
650 4259 788 4342 γραφῶν
811 4256 962 4322 διάνοιαν
985 4258 1104 4338 έχουσι,
1128 4261 1182 4322 καί
1204 4257 1325 4345 ταύτην
1347 4259 1455 4345 ἐκφοι-

161 4394 165 4402 ·
228 4353 385 4439 νούμεναι
407 4364 606 4442 σημαίνουσι
626 4367 699 4434 τοῖς
722 4356 850 4438 ἐχουσιν
873 4353 920 4432 εἰς
942 4349 1110 4442 εὐσέβειαν
1130 4355 1189 4440 τὴν
1205 4350 1304 4442 ἀκοὴν
1319 4354 1455 4446 ὁλόκλη-

298 4578 322 4639 1)
341 4581 428 4633 uenas.
446 4581 471 4643 5,
489 4580 513 4632 ³.
583 4580 609 4642 2)
627 4581 693 4632 Ισοο.
714 4579 753 4641 10,
773 4577 813 4630 30.
