3054 5236
423 391 541 435 cononi
554 390 912 436 mouunsnruuumnnr.
956 421 959 427 .
1215 379 1277 444 885

14 547 124 604 tate
173 541 221 605 rel
253 541 337 604 inriti
365 541 580 614 confiteamini,
609 541 681 602 dum
709 541 807 604 dicitis
836 541 1117 608 consubstantialem
1139 547 1363 610 'l'rinitatirssn

11 661 169 706 irnem
192 641 284 706 esse?
327 642 430 722 ltaque
458 661 532 704 vana
556 651 601 705 est
623 642 698 704 lides
721 651 837 715 vestra,
865 643 949 722 paria
971 646 1048 706 enim
1071 647 1189 710 sentitis
1211 667 1279 712 cum

11 743 143 824 npiis
164 745 294 818 brionis,
317 744 393 806 male
415 743 592 823 accipientes
614 744 701 806 illud:
732 743 857 806 Verbum
872 763 944 808 coro
958 746 1075 824 [cotom
1090 753 1152 811 cst(
1181 749 1277 812 Porro

13 845 178 908 erbsrm
202 865 271 908 caro
295 847 402 908 lactum
427 852 490 917 est,
512 863 573 905 non
595 852 629 906 ut
651 844 782 906 Verbum
804 863 865 907 non
886 846 1013 926 amplius
1038 847 1165 911 Verbum
1187 858 1276 925 esset,

11 947 66 1006 ed
109 947 258 1010 Verbum
281 954 315 1008 ut
335 947 367 1007 in
390 964 478 1008 carne
500 953 582 1008 esset
603 963 672 1006 caro
695 946 805 1008 factum
829 954 885 1020 est,
909 956 943 1009 ut
963 956 993 1011 ct
1007 948 1137 1010 Verbum
1159 967 1278 1029 semper

20 1047 182 1111 erbum
205 1055 298 1122 esset,
321 1055 351 1108 et
373 1046 501 1108 Verbum
523 1063 642 1108 carnem
663 1045 796 1118 baberet,
819 1047 849 1108 in
872 1066 932 1134 qua
952 1047 1125 1127 passionem
1149 1059 1179 1112 et
1193 1069 1278 1112 mor·
1371 1077 1373 1080 ·

11 1169 83 1211 em
123 1150 194 1212 sub
216 1149 347 1210 bumana
366 1149 461 1210 lorma
483 1147 653 1228 susciperet
675 1166 709 1208 ao
730 1165 826 1226 usque
847 1149 885 1210 ad
900 1150 1070 1230 sepulcrum
1085 1159 1116 1213 et
1130 1151 1279 1214 infernum

11 1251 266 1322 lescenderet,
288 1249 319 1310 in
341 1269 397 1329 qua
419 1257 450 1311 et
470 1247 722 1312 resurrectionem
745 1267 781 1310 ex
803 1251 932 1312 mortuis
954 1252 1093 1331 perfecit,
1122 1253 1280 1333 carnisque

11 1361 45 1412 st
79 1351 259 1430 sanguinis
281 1359 368 1432 atque
390 1351 505 1414 animae
528 1350 635 1413 indicia
656 1349 794 1430 praebuit
804 1350 883 1412 Deus
897 1351 1035 1427 Verbum,
1057 1370 1113 1432 per
1126 1355 1281 1435 propriam

13 1463 48 1512 et
90 1453 356 1533 inseparabilem,
389 1462 423 1514 ut
450 1453 593 1534 scripturn
622 1460 686 1524 est,
720 1471 838 1514 carnem
862 1455 1032 1516 exsemine
1054 1455 1155 1518 David.
1201 1455 1280 1528 Quid

14 1553 124 1615 enim
158 1553 240 1617 aliud
269 1555 342 1615 dixit
363 1554 493 1615 Marcion
524 1571 612 1633 quam
641 1571 716 1633 quae
746 1573 800 1616 vos
821 1553 987 1634 profertis?
1029 1555 1136 1619 Nonne
1157 1574 1279 1636 corpus,

13 1655 130 1732 quod
167 1673 204 1716 ex
235 1654 317 1716 caelo
346 1655 483 1734 apparuit
510 1656 541 1716 in
570 1654 764 1716 similitudine
795 1656 923 1717 bumana
945 1665 974 1718 et
995 1675 1056 1718 noo
1078 1657 1109 1718 in
1131 1655 1280 1720 veritate?

12 1755 129 1828 Quid
153 1755 227 1818 item
249 1754 328 1815 eliud
350 1752 491 1833 loquutus
513 1763 559 1816 εει
580 1754 793 1817 Manichacus?
837 1756 945 1819 Nonne
967 1757 1065 1819 divina
1086 1759 1186 1838 speeie
1208 1778 1279 1821 cor-

15 1875 114 1937 puso,
142 1856 209 1918 sola
232 1855 427 1918 similitudine
448 1874 573 1937 corpus,
597 1857 633 1918 ab
656 1857 783 1918 humana
806 1876 894 1919 carne
915 1856 1060 1931 alienum,
1084 1860 1167 1920 ouius
1188 1868 1279 1922 natu·
1378 1869 1379 1872 ’

20 1975 111 2018 ram
143 1965 175 2018 et
201 1975 263 2018 non
293 1957 678 2040 operationempeccatum
702 1977 771 2020 csse
795 1958 886 2038 impie
908 1957 1058 2021 affirmat?
1100 1959 1281 2022 Huiusmodi

22 2067 89 2122 est
108 2049 240 2120 'illorum
263 2059 412 2138 impietas.

141 2163 193 2225 13.
239 2159 441 2232 Quamobrem
469 2162 552 2222 nelas
583 2168 629 2222 est
649 2161 732 2240 pium
753 2160 906 2223 hominem
927 2160 1099 2224 huiusmodi
1121 2162 1282 2224 verborum

31 2242 233 2324 commentis
263 2261 323 2335 uti3
352 2263 407 2324 sed
429 2262 586 2324 dicendum
610 2271 670 2333 est,
700 2259 843 2334 Verbum,
876 2263 955 2340 quod
977 2272 1045 2326 ante
1067 2263 1183 2326 saecula
1205 2281 1281 2326 oon·

11 2405 12 2412 ι
33 2361 250 2426 substantiale
282 2372 329 2426 est
349 2362 448 2438 Patri,
481 2362 513 2425 iu
541 2361 681 2422 extremis
697 2361 894 2440 temporibus
923 2381 959 2424 ex
987 2371 1089 2425 sancta
1111 2370 1141 2424 ct
1162 2363 1283 2443 deipara

36 2465 175 2542 Virgine
196 2464 276 2525 Adae
304 2463 417 2544 plasma
445 2471 476 2524 et
503 2461 651 2540 opificium
680 2477 789 2523 novum
817 2463 1005 2536 restituisse,
1022 2481 1101 2524 oum
1129 2462 1201 2525 illud
1223 2462 1282 2526 sibi
1338 2477 1340 2480 ·

11 2587 12 2592 ’
40 2582 109 2644 per
131 2552 271 2626 unionem
296 2563 450 2643 proprium
472 2563 579 2634 effecit,
603 2569 690 2641 atque
713 2563 751 2624 ita
773 2563 854 2626 visus
877 2571 925 2625 est
944 2565 1036 2626 homo
1061 2563 1282 2646 Christus,'qui

41 2674 124 2727 ante
146 2666 262 2728 saecula
285 2662 364 2725 Deus
387 2670 460 2723 erat.
504 2662 542 2723 Et
563 2681 619 2724 nos
640 2664 774 2726 membra
797 2663 1051 2738 chrissenmor,
1083 2673 1116 2727 ut
1137 2665 1282 2745 scriptum

46 2773 114 2838 est,
138 2785 173 2826 ex
195 2783 283 2827 carne
304 2773 334 2826 ει
356 2783 391 2824 ex
414 2763 535 2826 ossibus
557 2764 633 2827 eius.
678 2765 829 2838 Quorsum
852 2765 944 2844 igitur
964 2765 1038 2828 haec
1051 2776 1216 2828 vestrarum
1231 2765 1280 2826 in-

48 2867 229 2928 ventionum
251 2865 422 2939 contentio,
444 2875 477 2927 ut
497 2884 552 2945 per
573 2866 731 2928 humanam
755 2866 931 2945 sapientiam
954 2885 1006 2942 ea,
1028 2885 1103 2947 quae
1123 2867 1284 2930 humanam

53 2965 281 3047 intelligentiam
311 2975 466 3046 superant,
497 2967 660 3040 definiatis,
693 2966 763 3028 dum
793 2965 890 3028 dicitis
919 2966 981 3028 ricc
1009 2967 1162 3029 interioris
1184 2967 1283 3028 nostri

53 3068 188 3130 bominis
209 3075 340 3128 mentem
362 3069 519 3130 caelestem
542 3067 573 3129 in
589 3068 706 3128 Christo
729 3065 848 3128 luisse?
892 3068 1083 3130 Onelariam
1106 3067 1283 3130 sententiam
1331 3114 1339 3122 .

56 3181 91 3231 et
119 3170 232 3231 infirma
253 3168 458 3248 indecoraque,
473 3165 578 3230 verbal
622 3167 784 3229 Hominum
807 3185 894 3241 sane,
924 3168 974 3247 qui
996 3186 1057 3232 non
1078 3171 1164 3249 prius
1185 3169 1283 3232 anim-

56 3271 229 3346 advertere,
253 3269 403 3334 Christum
432 3289 494 3332 non
523 3268 713 3347 singulariter
740 3267 814 3342 dici,
845 3269 898 3330 sed
927 3270 958 3331 in
987 3269 1038 3332 illo
1060 3271 1128 3351 ipso
1150 3270 1284 3344 nomino,

58 3372 141 3451 quod
162 3369 279 3432 unicum
302 3377 360 3444 est,
382 3389 445 3432 rem
469 3380 623 3449 utramque
645 3369 815 3448 significari,
837 3370 1027 3433 Divinitatem
1049 3389 1157 3452 nempe
1179 3379 1208 3434 et
1223 3371 1283 3432 bu-

60 3471 240 3534 manitatem.
295 3471 425 3552 ldooque
457 3473 548 3532 bomo
582 3469 689 3532 dicitur
723 3470 878 3544 Christus,
910 3470 990 3533 lleus
1023 3490 1143 3553 quoque
1175 3471 1283 3536 dicitur

64 3572 206 3648 Christus,
227 3591 262 3636 ac
275 3571 356 3636 [leus
379 3581 408 3634 et
428 3573 519 3634 homo
544 3580 590 3634 est
605 3571 754 3646 Christus,
777 3581 807 3632 et
830 3589 906 3632 unus
923 3581 970 3634 est
985 3573 1131 3636 Christus.
1167 3574 1283 3635 Vanum

62 3677 159 3754 itaque
179 3683 226 3735 est
245 3683 378 3737 vestrum
401 3675 566 3755 sophisma,
588 3691 648 3752 quo
670 3672 748 3734 aliud
771 3672 802 3734 in
818 3670 935 3734 Christo
950 3683 1069 3753 praeter
1083 3674 1182 3754 ipsum
1194 3672 1283 3734 Chri-

65 3785 143 3838 stum
167 3775 340 3853 conspicere
367 3775 505 3836 nitimini.
550 3773 595 3834 llli
623 3773 758 3852 quidem,
787 3774 838 3851 qui
859 3773 979 3836 abusive
1000 3775 1139 3836 dicunttrr
1160 3775 1282 3848 Christi,
1290 3789 1368 3840 rsus.

68 3879 143 3936 lorte
161 3873 239 3936 iuxta
261 3875 439 3936 sententiam
461 3883 589 3936 vestram
612 3873 740 3954 spectari
761 3882 896 3953 possent,
919 3873 970 3952 qui
992 3891 1063 3934 vero
1079 3892 1134 3953 per
1148 3883 1283 3938 natsrram

73 3975 152 4036 solus
176 3991 263 4034 serus
291 3984 338 4035 est
359 3973 513 4050 Christus,
541 3992 602 4036 uon
624 3975 661 4036 ab
684 3974 814 4037 bumana
828 3972 952 4033 ’ratione
973 3971 1174 4046 describetur,
1204 3973 1286 4062 quod

108 4209 126 4242 c.
141 4187 275 4258 παρθένου
293 4193 362 4242 deest
380 4194 403 4244 io
422 4193 519 4245 Gobler.
529 4192 648 4244 etl'elcl-
697 4202 721 4243 et
733 4191 837 4243 Feloltm.
850 4192 872 4242 l.
890 4187 997 4274 Mystes
1007 4183 1023 4239 ὃ
1030 4183 1284 4272 gemti-meets,

77 4263 149 4310 manui
164 4260 183 4309 l.
220 4261 291 4310 Paulo
316 4269 372 4323 post
396 4261 495 4323 Seguor.
521 4277 566 4327 pro
584 4251 645 4309 καθ’
697 4253 743 4308 καὶ
766 4245 804 4312 εἷς
820 4253 895 4308 ἔστιν
912 4275 927 4308 o
940 4271 1064 4325 χριστοε.
1101 4260 1173 4312 Busil.
1198 4261 1287 4313 omittit

77 4321 165 4377 ἕνωσιν
179 4329 251 4378 hebet
266 4322 336 4376 κατὰ
354 4320 448 4393 φύσιν,
468 4339 539 4395 atque
557 4331 589 4379 ita
610 4330 647 4380 le·
697 4321 745 4376 stoi
760 4312 798 4382 εἷς
815 4320 891 4376 ἐστιν
908 4322 923 4376 ὁ
937 4320 1061 4394 χριστός.

80 4399 109 4459 git
124 4397 230 4446 Nunnius.
733 4397 749 4444 l.
768 4397 868 4457 Seguer.
893 4397 990 4448 Gobler.
1015 4405 1039 4447 ει
1058 4394 1162 4448 Felclrm.
1179 4397 1202 4447 l.
1226 4392 1285 4444 τολ-

111 4465 178 4515 l.Sic
201 4478 286 4513 omnes
304 4457 356 4514 ler‘e
374 4478 432 4514 mss.
467 4464 493 4514 ln
514 4465 584 4514 editis
603 4479 647 4514 ao·
697 4461 776 4528 μᾶτε.
814 4462 875 4512 sliu
894 4465 973 4514 miuus
991 4473 1055 4517 recte
1069 4458 1208 4530 τολμηταί.
1231 4463 1284 4512 llox

81 4539 123 4579 ten
138 4523 162 4578 lv
174 4532 250 4581 deest.
699 4531 770 4580 tidem
790 4523 852 4578 οὔτε
867 4524 923 4601 γὰρ
940 4545 1029 4600 προφ.
1045 4569 1052 4584 .
1066 4568 1071 4582 .
1085 4567 1093 4584 .
1106 4524 1168 4582 οὔτε
1185 4520 1282 4579 bicor.

114 4609 131 4646 e.
145 4597 168 4646 ln
181 4599 286 4662 .Ssguer.
308 4611 338 4650 τε
356 4598 432 4650 deest.
466 4599 531 4650 lnlm
549 4597 647 4651 Gobler.
746 4589 809 4647 chol
826 4611 875 4652 τις.
