3094 5318
206 219 298 346 776.
603 285 799 332 mmm
813 283 1037 330 ιισιιενωαοει

118 466 271 524 ν.ειι.τως
291 434 481 522 ἀδιαίρετος
501 429 521 520 ἦ
544 433 648 521 τριάς.
685 435 784 500 τοῦτο
807 426 840 498 δ’
864 429 906 500 ἄν
926 455 980 511 τις
1000 431 1071 498 ίδοι
1092 425 1165 496 ’κατ’
1188 421 1243 496 ἐπ’
1265 419 1402 510 αύτῆς
1419 429 1491 511 τῆς

205 539 300 629 άγίας
314 542 463 623 Μαρίας.
501 531 520 601 ὁ
542 534 604 622 γάρ
626 533 762 622 άγγελος
777 530 923 619 Γαβριὴλ
938 526 1142 610 ἀποσταλεὶς
1157 525 1400 614 ἀπαγγεῖλαι
1418 527 1486 614 τὴν

82 639 86 652 ’
204 637 255 712 ἐπ’
279 635 381 726 αι’πῆς
409 636 567 724 ἐσομένην
594 637 653 704 τοῦ
681 634 780 722 λόγου
808 633 974 702 κάθοδον·
1001 633 1132 716 πνεῦμα
1153 627 1277 718 ῦγισν,
1315 631 1481 715 εἴρηκεν,

204 739 419 810 δπιλεύσεται
440 739 498 806 έπλ
521 743 574 818 σέ,
598 736 696 816 ιίδὼς
719 732 773 804 ὅτι
794 734 830 803 έν
850 737 898 823 τῷ
920 733 1006 821 λύγῳ
1027 723 1128 819 ἦντὸ
1150 735 1322 816 πνεῦμα·
1359 725 1479 807 am,-

201 846 281 931 γοῦν
304 843 448 930 συνῆψε·
472 843 527 906 καλ
549 838 688 923 δύναμις
709 833 855 916 ὑψίστου
878 834 1175 914 έπισκιάσει·σοι“).
1207 831 1398 918 Χριστὸς
1412 831 1476 916 γάρ

203 947 288 1012 θεοῦ
319 942 458 1027 δύναμις
486 943 540 1009 καὶ
568 942 651 1007 θεοῦ
675 940 821 1026 σοφία’).
858 940 918 1004 τοῦ
941 938 977 1004 δέ
999 935 1186 1021 πνεύματος
1210 931 1333 1013 ὄντος
1359 933 1404 1000 ἐν
1428 935 1475 1018 τῷ

205 1043 292 1132 λόγῳ
315 1045 414 1133 δῆλον
436 1037 476 1108 ἂν
499 1042 549 1129 εἴη
573 1036 619 1119 ὥς
638 1042 693 1108 καί
716 1039 750 1108 έν
772 1041 820 1127 τῷ
841 1040 915 1124 θεῷ
936 1025 975 1123 ἦν
990 1037 1047 1104 διὰ
1061 1039 1119 1104 τοῦ
1131 1033 1296 1122 λόγουτὸ
1309 1038 1470 1120 πνεῦμα,

206 1143 294 1215 οῦτω
325 1146 361 1212 δὲ
389 1145 444 1212 καλ
472 1145 531 1208 τοῦ
563 1140 752 1224 πνεύματος
773 1143 948 1225 γενομένου
971 1137 1005 1206 έν
1026 1134 1105 1225 ἡμῖν
1128 1135 1318 1204 ἐλεύσεται
1347 1131 1373 1202 ὁ
1400 1137 1470 1214 υἱὸς
1514 1215 1515 1228 2

204 1251 260 1316 καλ
283 1243 301 1312 ὁ
322 1243 433 1334 πατὴρ
455 1247 510 1313 καὶ
531 1243 635 1330 μανίην
657 1239 859 1330 ποιήσουσιν
880 1239 937 1308 ὓέν
958 1234 1079 1325 ἡμῖν’).
1117 1232 1327 1324 ἀδιαίρετος
1354 1234 1465 1325 γὰρῆ
1514 1269 1515 1302 ;

205 1347 308 1436 τριάς,
332 1346 389 1414 καλ
408 1351 471 1430 μία
491 1345 612 1434 ταύιης
633 1339 652 1431 ἡ
675 1342 808 1430 θείη-ης,
831 1344 885 1408 καί
909 1336 957 1420 εἷς
977 1340 1061 1420 θεδς
1082 1339 1138 1408 ἐπὶ
1153 1338 1305 1406 πάντων
1326 1343 1394 1406 καὶ
1411 1339 1466 1405 διὰ

206 1447 342 1517 ’πάντων
364 1450 418 1515 καλ
442 1447 476 1514 ἐν
497 1450 642 1526 πᾶσιν).
680 1441 762 1530 αῦτη
792 1445 852 1532 τῆς
870 1442 1053 1530 καθολικῆς
1074 1437 1295 1530 έναλησίαςὴ
1326 1449 1461 1520 πίστις,

207 1549 241 1618 δν
261 1547 375 1632 τριάδι
395 1547 457 1634 γάρ
480 1543 581 1634 αὐτὴν
604 1547 808 1630 έθεμελίωσε
829 1546 883 1611 καί
906 1543 1081 1631 ἐρρίζωσεν
1104 1540 1123 1610 ὃ
1144 1542 1279 1630 κύριος,
1309 1543 1460 1631 είρηκοῗς

205 1657 279 1728 τσίς
299 1653 488 1736 μαθηταῖς·
511 1652 752 1735 ·πσρευθέντες
765 1644 998 1733 μαθητεύσατε
1013 1643 1124 1712 πάντα
1138 1643 1179 1712 τά
1195 1643 1297 1732 ἔθνη,
1325 1653 1454 1730 pami-

207 1750 318 1832 ζυντες
349 1744 469 1828 αύτούς
491 1749 560 1828 1είς
591 1747 630 1814 τὸ
663 1745 770 1832 ὄνομα
797 1750 857 1813 τοῦ
885 1745 1014 1832 πατρὸς
1039 1748 1092 1812 καί
1120 1747 1179 1812 τσῦ
1202 1745 1283 1812 υλσῦ
1307 1751 1378 1814 καὶ
1403 1749 1455 1812 τοῦ

208 1846 302 1938 άγίου
325 1851 552 1934 πνεύματοςἽ.
591 1854 712 1934 κτίσμα
734 1848 771 1915 δέ
792 1847 822 1914 εί
843 1835 882 1936 ἦν
904 1845 943 1914 τὸ
965 1849 1106 1931 πνεῦμα,
1129 1841 1187 1912 ούκ
1204 1839 1246 1912 ἂν
1264 1851 1454 1928 συνέταξεν

207 1948 290 2020 αύτὸ
311 1955 358 2038 τῷ
380 1957 493 2037 πατρί,
517 1951 573 2016 ἵνα
593 1949 639 2038 μὴ
661 1939 681 2037 ᾖ
704 1945 863 2034 άνύμσιος
884 1948 983 2035 ἑαυτῇ
1005 1942 1025 2036 ἡ
1040 1945 1143 2034 τριάς,
1167 1947 1263 2026 ξένου
1280 1949 1388 2029 τινὸς
1401 1953 1453 2014 καί

207 2049 383 2134 ἀλλοτρίου
407 2056 674 2135 συντασσομένου
696 2045 788 2138 αύιῇ.
825 2055 860 2116 τί
879 2049 941 2136 γὰρ
964 2049 1095 2116 ’ἔλειπε
1114 2050 1162 2135 τῷ
1183 2051 1278 2136 θεῷ,
1306 2050 1372 2118 ἵνα
1394 2046 1451 2118 άλ-

206 2147 440 2236 λοτρισούσιον
468 2150 698 2239 προςλάβηται
724 2155 780 2220 καί
808 2151 868 2218 σύν
890 2145 979 2238 αύτῷ
1002 2149 1177 2237 δοξάζηται
1184 2177 1196 2232 ,·
1228 2149 1277 2236 μὴ
1302 2157 1445 2237 γένοιτο,

207 2245 266 2320 ούκ
294 2250 384 2318 ἔστιν
414 2245 528 2328 ούτως.
567 2252 711 2340 πλήρης,
736 2249 837 2333 αύτὸς
858 2247 965 2333 είπεν,
990 2251 1095 2336 εἰμί’).
1133 2251 1191 2318 διὰ
1211 2255 1321 2319 τοῦτο
1345 2249 1444 2331 αύτύς

208 2348 228 2420 ὁ
249 2350 361 2440 κύριος
382 2354 429 2438 τῷ
453 2344 593 2436 ὀνόματι
614 2356 674 2419 τοῦ
697 2354 825 2440 πατρὸς
847 2349 947 2421 ἀύτδ
971 2353 1160 2432 συνέταξεν,
1189 2353 1247 2420 ἵνα
1270 2355 1362 2440 δείζη
1383 2349 1433 2419 ὅτι

207 2447 266 2522 ούκ
294 2451 329 2520 ἐκ
357 2453 530 2540 διαφόρων
557 2459 727 2520 τουτέστιν
755 2453 791 2521 έκ
811 2461 945 2522 κτίστου
967 2458 1020 2522 καί
1042 2461 1220 2539 κτίσματος
1243 2463 1436 2543 συνέστηκεν

207 2551 228 2641 ἡ
257 2547 337 2640 άγία
362 2553 473 2640 τριάς,
506 2549 592 2622 ἄλλά
618 2561 680 2640 μία
700 2553 822 2641 ταύτης
842 2552 862 2642 ἡ
884 2555 1009 2644 θεύτης
1030 2553 1110 2622 έστί.
1148 2557 1248 2622 τοῦτο
1269 2551 1438 2640 μαθδινύ

45 2731 51 2738 ,
207 2657 345 2735 Παῦλος
368 2654 621 2741 έδίδασκεμίαν
643 2649 807 2741 εἶναιτὴν
830 2654 864 2722 έν
887 2652 969 2744 αὐτῇ
993 2657 1166 2743 διδομένην
1186 2655 1293 2743 χάριν,
1320 2659 1438 2746 λέγων·

125 2777 131 2788 ‘
209 2751 257 2837 εἷς
277 2756 398 2844 κύριος,
422 2763 484 2843 μία
506 2763 630 2838 πίστις,
648 2759 682 2826 ἓν
695 2754 910 2843 βάπτισμῶ).
949 2753 1060 2844 ιῦςπερ
1076 2758 1111 2826 δὲ
1127 2761 1161 2826 ἓν
1175 2757 1364 2844 βάπτισμα,
1384 2757 1437 2826 οῦ·

207 2877 275 2938 τως
294 2857 350 2928 καί
371 2864 434 2943 μία
455 2864 588 2937 πίστις·
613 2853 714 2946 ὁγὰρ
736 2853 906 2927 πιστεύων,
926 2856 973 2936 είς
994 2856 1053 2925 τὸν
1075 2863 1205 2946 πατέρα
1227 2853 1318 2927 σίδεν
1341 2861 1376 2928 έν
1391 2863 1435 2946 τῷ
1517 2891 1518 2896 ’

208 2963 312 3047 πατρί
334 2959 392 3027 τὸν
414 2958 486 3026 υἱὸν
507 2961 563 3026 καλ
584 2959 625 3026 τὸ
646 2961 778 3044 πνεῦμα
799 2952 857 3026 οῦκ
878 2956 970 3038 ἐκτὸς
991 2961 1051 3024 τοῦ
1074 2960 1155 3040 υίοῦ,
1179 2963 1233 3027 καί
1257 2959 1314 3027 διὰ
1336 2965 1434 3028 τοῦτο

208 3061 360 3130 πιστεύει
381 3065 455 3128 Ικαί
478 3059 525 3140 είς
546 3061 605 3128 τὸν
627 3061 699 3128 υἱὸν
720 3063 776 3129 καλ
799 3059 847 3141 είς
867 3060 906 3128 τὸ
922 3063 1056 3145 πνεῦμα
1070 3058 1110 3126 τὸ
1126 3057 1231 3147 ἅγιον,
1248 3061 1363 3148 ἐπειδὴ
1378 3065 1431 3130 καὶ

207 3169 270 3246 μία
290 3165 349 3249 τῆς
369 3162 505 3250 τριάδος
526 3158 546 3250 ἡ
569 3162 701 3252 θεύτης,
725 3161 762 3242 έξ
782 3162 857 3244 ένὸς
876 3165 936 3232 τοῦ
958 3160 1086 3248 πατρὸς
1106 3169 1336 3250 γινωσκομένη.

293 3267 324 3326 7.
373 3264 441 3345 Ίῆς
466 3265 527 3346 μὲν
551 3253 630 3328 1ὀῦν
657 3264 840 3349 καθολικῆς
867 3271 1015 3344 πίστεως
1037 3259 1055 3329 ύ
1074 3262 1237 3353 χαρακτὴρ
1260 3253 1370 3345 οὗτος·
1397 3266 1430 3332 οἱ

209 3359 246 3428 δὲ
268 3359 512 3446 δυςφημοῦντις
534 3359 581 3438 τίς
602 3360 642 3426 τὸ
664 3363 797 3444 πνεῦμα
817 3365 873 3428 καί
895 3363 1043 3449 λέγοντες
1065 3359 1145 3432 αύτὸ
1160 3371 1281 3450 κτίσμα
1295 3366 1324 3434 εί
1336 3366 1379 3453 μὴ
1394 3366 1428 3434 ia

207 3462 275 3528 τῶν
299 3457 478 3546 είρημένων
498 3459 798 3543 μεταγινώσκουσι,
820 3456 881 3546 κᾷν
903 3461 938 3528 έκ
959 3467 1026 3531 τῶν
1048 3467 1300 3554 λεχθησομένων
1320 3467 1427 3552 αἰσχυ-

207 3560 342 3646 νόμενοι
361 3558 624 3625 καταδυέτωσαν.
663 3558 692 3626 εί
712 3557 808 3643 τριάς
829 3559 902 3628 έστι
923 3566 978 3629 καὶ
989 3563 1024 3632 έν
1041 3565 1155 3654 τριάδι
1170 3567 1259 3638 ἐστίν
1273 3563 1293 3656 ἦ
1307 3575 1422 3650 πίστις,

208 3659 409 3740 είπάτωσαν,
434 3657 463 3726 εί
485 3654 539 3728 ἀεὶ
559 3657 654 3745 τριάς
676 3659 775 3741 ἐστιν,
798 3653 821 3750 ἢ
841 3649 880 3748 ἦν
904 3657 959 3731 ὅτι
977 3660 1036 3733 σῦκ
1056 3657 1095 3755 ἦν
1117 3667 1219 3754 τριάς.
1258 3669 1288 3738 εί
1300 3672 1356 3754 μέν
1370 3661 1422 3738 σύν

208 3757 318 3841 άΐδιός
341 3759 431 3830 έστιν
453 3756 473 3851 ἡ
496 3759 606 3850 τριάς,
638 3755 696 3830 ούκ
718 3761 791 3830 ἔστι
812 3769 934 3852 κτίσμα
955 3766 994 3834 τὸ
1016 3772 1161 3856 πνεῦμα,
1198 3765 1314 3850 άίδίως
1333 3771 1420 3839 συνὸν

277 3949 301 4011 l)
319 3951 376 4003 Luc.
393 3954 416 4015 1,
435 3953 476 4004 ³5.
557 3952 803 4015 2)1.c0r.¹,24.
890 3953 1001 4016 δΗοεο.
1021 3957 1061 4020 14,
1080 3955 1120 4007 2³.
1206 3959 1233 4019 4)
1256 3959 1417 4025 Ερδιεῌι

208 4015 330 4080 δίλίιῑίίι.
347 4019 390 4082 28,
410 4021 449 4072 19.
518 4021 544 4084 6)
562 4023 617 4072 θνα.
638 4022 660 4084 ί,
681 4021 720 4074 ῙΙ.
791 4023 816 4083 ”ί)
834 4022 924 4088 Ερύιε.
943 4026 969 4088 4,
984 4026 1008 4076 5.

240 4165 262 4201 ι.
287 4152 322 4202 ίιε
347 4153 403 4215 θος.
432 4153 531 4216 δαςαεε.
554 4155 627 4204 Βιείί.
647 4164 671 4205 ει
687 4157 719 4206 ita
738 4157 797 4219 legit
847 4165 893 4208 ete.
929 4159 981 4210 ίίοε
1006 4161 1061 4221 fleg.
1087 4165 1111 4210 ιι
1133 4159 1233 4222 εαραεε.
1257 4158 1329 4226 γοῦν.
1361 4161 1414 4212 Εδλί

207 4217 337 4279 Εεννωαι,
365 4235 468 4284 quorum
497 4229 575 4271 ιιωισ
603 4223 696 4286 primus
724 4224 796 4274 buhen
847 4211 905 4280 σύν,
925 4241 987 4291 ροσε
1006 4227 1124 4291 partionis
1142 4229 1238 4291 penitus
1257 4229 1413 4280 νΙιιιιιύυλΙ.

207 4275 376 4352 ἀρχάγγελος
393 4287 428 4347 (δι
447 4287 504 4348 legit
522 4289 647 4347 Ετεεωσι)
664 4283 793 4354 Γαβριάλ,
847 4301 871 4342 ιι
889 4294 995 4344 λἰΙελσι.
1016 4294 1037 4342 1.

205 4361 345 4416 postremus
369 4369 425 4404 vero
449 4347 494 4402 ἐπί
510 4353 558 4413 τῆς
576 4347 656 4418 ύγίσε
673 4350 791 4422 Μαρίας.
880 4362 903 4410 b.
921 4361 963 4410 Sic
981 4361 1038 4422 fleg.
1056 4365 1079 4410 εί
1097 4361 1238 4424 Saguntina.
1272 4361 1328 4413 Εδίύ
1344 4361 1412 4412 etalii

206 4419 268 4472 adiu
287 4422 335 4472 sie:
353 4415 429 4491 παρά
447 4419 496 4471 τού
514 4415 632 4504 Γαβριὴλ
650 4422 682 4492 τη·
699 4419 795 4473 θεοτύ-
845 4419 908 4492 παρ’
929 4419 1003 4492 ἡμῖν.

204 4498 244 4552 κρ
261 4483 401 4555 λέγοντος·
419 4487 526 4556 πνεῦμα
538 4503 618 4556 αγιον
627 4483 795 4545 ἐπελεύσεται
881 4509 902 4544 ι.
938 4495 1002 4546 Haec
1035 4491 1215 4564 πορευθέντες
1242 4489 1410 4565 μαθητεύσατε
