3054 5236
515 373 713 416 suessonum
727 337 904 418 metensium.
1256 367 1318 430 855

2 519 67 578 'nni
99 520 248 582 nostri
281 521 373 586 lesu
396 521 506 586 Christi
529 523 752 596 adorare,¹aut
773 525 799 586 si
821 524 950 587 Verbum
972 544 1091 589 moneor
1113 529 1220 591 sactum
1242 531 1403 596 ado-reu.

11 637 60 679 re
95 619 250 701 illique
286 623 420 690 servire
439 623 605 698 notuerint,
628 625 664 710 ab
688 625 828 688 omnibus
850 625 952 700 reiiei,
975 644 1032 690 nee
1053 628 1179 710 amplius
1200 634 1318 696 censeri
1385 643 1390 652 '

6 720 265 798 hristiamos,
298 725 366 788 sed
387 725 434 788 vel
454 725 535 787 ioter
554 725 697 788 Etbnieos
719 726 765 788 vel
786 725 865 788 iuter
885 727 1012 809 iudaeos
1035 731 1248 794 annumerari?

107 1029 152 1088 5.
214 1026 331 1090 Haec
352 1044 434 1106 ergo,
457 1035 602 1106 utsupra
623 1025 763 1100 diximus,
785 1025 903 1087 insania
918 1033 948 1088 et
963 1028 1113 1090 temeritas
1128 1029 1249 1093 illorum
1262 1042 1318 1096 est.

17 1125 152 1188 bostra
182 1137 320 1192 autem
341 1129 416 1192 tides
437 1135 518 1190 recta
541 1137 597 1201 est,
620 1135 709 1206 atque
731 1146 767 1188 cx
790 1127 925 1190 docuina
939 1128 1111 1209 Apostolics
1132 1130 1267 1208 deducta,
1290 1143 1319 1196 et

14 1228 180 1290 .’atrum‘
211 1229 399 1292 traditione
420 1248 477 1292 nee
498 1247 560 1291 non
582 1243 648 1290 cum
671 1227 741 1290 novi
764 1237 827 1290 turn
848 1228 958 1292 veteris
980 1229 1163 1294 Testamenti
1186 1234 1317 1296 auctori-

20 1335 93 1390 mte
125 1330 355 1392 confirmata.
398 1329 480 1392 Haec
501 1329 581 1392 enim
604 1335 675 1390 sunt
695 1327 912 1408 Prophetarum
934 1329 1039 1392 verba:
1062 1325 1172 1397 Emitte
1190 1333 1401 1400 Verbosae-uo.

19 1442 127 1492 tuum
157 1444 198 1495 ec
227 1435 404 1496 uera'totem
426 1441 527 1508 mom,
550 1439 579 1492 et
600 1429 674 1492 Ecce
700 1428 788 1508 Virgo
811 1433 957 1510 coacepiet
977 1440 1007 1493 et
1025 1437 1129 1512 portes
1143 1433 1263 1506 litium,
1287 1445 1316 1498 et

24 1533 221 1594 vocabunt
258 1551 375 1594 nomm
406 1529 687 1602 menomenae,
716 1531 797 1610 guod
825 1543 870 1593 est
891 1535 1128 1611 beterpretctum
1154 1533 1317 1598 Nobiscum

24 1631 149 1693 Deus.
211 1632 308 1704 Quid
328 1650 420 1712 porro
442 1631 515 1693 illud
537 1639 584 1693 est
605 1647 693 1708 quam
715 1622 810 1692 licum
831 1629 863 1690 in
885 1647 974 1692 cerne
995 1633 1104 1697 tacttnu
1120 1633 1212 1696 esset
1232 1635 1316 1698 idem

33 1750 187 1812 quoqne
213 1731 397 1810 Apostobca
425 1731 511 1794 docet
539 1730 674 1804 haditio,
708 1739 770 1792 tum
797 1729 896 1792 Beato
910 1730 1000 1792 Petro
1029 1727 1161 1795 dicente:
1195 1734 1315 1800 Obrieto

35 1835 161 1911 igitur
186 1850 263 1912 pro
286 1833 373 1895 uobis
397 1851 489 1915 cerae
506 1849 612 1913 pomo,
635 1840 698 1893 tum
712 1830 804 1894 Paulo
820 1831 987 1894 scribente:
1010 1833 1229 1914 despectantes
1246 1837 1317 1900 beo·

43 1942 120 1994 tum
160 1951 263 2013 apem
290 1945 319 1996 et
347 1934 509 1998 adveutum
537 1931 655 2012 gloriae
675 1936 778 2022 magni
798 1931 858 1993 Dei
877 1932 1102 2001 etSoiuetert's
1124 1939 1227 1999 nostri
1246 1935 1317 1999 Iesu

47 2033 212 2110 Christi,
250 2038 304 2114 qui
330 2034 410 2097 dedit
432 2038 623 2116 semetipsum
640 2023 703 2112 pro
725 2033 829 2103 uobis,
858 2045 894 2095 ut
916 2035 1078 2097 redimeret
1098 2053 1154 2098 eece
1176 2036 1212 2098 ob
1236 2040 1319 2099 omui

46 2147 210 2214 peceato,
238 2145 269 2196 et
289 2137 453 2200 mundaret
473 2137 532 2198 cibi
549 2133 698 2216 poputum
716 2133 905 2214 peculiarem
927 2146 956 2196 et
974 2145 1152 2198 retentorem
1167 2135 1317 2199 bonorum

53 2252 217 2314 operum.
268 2235 427 2310 Quomodo
458 2254 529 2314 ergo
562 2235 697 2314 seipsum
725 2252 782 2314 pro
811 2235 900 2298 uobis
928 2234 1079 2309 dedisset,
1114 2236 1173 2298 nisi
1195 2255 1314 2299 earnem

58 2336 257 2414 gestasset?
288 2337 365 2400 banc
393 2338 473 2400 enhn
501 2337 632 2398 offerens
654 2335 848 2418 semetipsum
870 2354 926 2416 pro
950 2337 1039 2398 nobis
1063 2335 1154 2408 dedit,
1176 2343 1210 2398 ut
1231 2353 1314 2398 mor-

61 2443 130 2496 tem
164 2436 200 2497 in
226 2437 275 2499 illa
298 2439 453 2501 subeundo
478 2437 627 2500 diabolum
649 2436 755 2498 mortis
778 2437 933 2517 imperium
953 2437 1111 2500 habentem
1132 2429 1315 2518 profligaret.

64 2534 153 2594 flinc
184 2539 299 2614 gratim
329 2555 450 2617 semper
478 2537 592 2616 agimus
619 2537 652 2598 in
674 2536 794 2598 nomine
816 2537 886 2608 besu
904 2536 1036 2626 ΙΕΙιιίειί,
1064 2552 1160 2614 neque
1190 2536 1313 2615 gretiam

60 2633 163 2694 nobis
195 2653 256 2714 per
283 2639 382 2718 ipsum
410 2639 586 2719 praestitam
614 2637 815 2717 repudiamus.
861 2639 1013 2716 corporea
1042 2636 1121 2698 enim
1150 2637 1313 2698 Salvatoris

68 2738 255 2815 praesentia
288 2739 396 2800 mortis
430 2737 485 2800 tuit
516 2739 646 2818 pretium
677 2747 708 2801 et
733 2757 833 2801 rerum
862 2723 996 2826 omniurn
1027 2747 1192 2799 creatarum
1221 2736 1312 2798 salus.

71 2835 243 2912 Quocirca,
266 2837 420 2900 carissime
443 2847 473 2900 et
495 2839 692 2919 optatissime,
715 2839 746 2900 hi
769 2838 900 2918 quidem,
923 2837 972 2915 qui
995 2836 1122 2916 diligunt
1142 2835 1312 2908 Dominum,

28 2953 29 2956 ’
76 2957 114 3000 ex
137 2938 230 3001 dictis
252 2941 497 3014 commonebant,
527 2939 577 3019 qui
599 2959 669 3002 vero
692 2938 845 3000 imitantur
866 2937 967 2999 ludam
990 2945 1024 3000 et
1041 2937 1199 2999 Dominum
1223 2936 1312 2997 dese-

27 3025 28 3028 *
77 3048 168 3112 runt,
193 3040 388 3120 utssaipham
411 3051 591 3120 sequnntur,
620 3059 657 3101 ex
678 3038 784 3100 iisdem
807 3037 1022 3112 dedoceantur,
1051 3037 1191 3100 simodo
1214 3021 1313 3109 'velint
1368 3039 1371 3046 “

83 3140 263 3220 tandemque
287 3139 474 3202 erubescant.
519 3140 661 3201 Noverint
683 3139 773 3217 igitur
794 3156 871 3211 nos,
900 3155 967 3199 cum
989 3137 1148 3199 bominum
1170 3136 1201 3198 io
1224 3153 1312 3198 carne
1355 3137 1360 3146 ‘

28 3255 29 3262 ¹
84 3241 263 3322 adoramus,
297 3258 359 3302 non
380 3259 444 3303 rem
468 3249 595 3302 creatam
618 3240 759 3312 adorare,
789 3239 842 3300 sed
866 3245 1030 3302 creatorem
1053 3245 1153 3302 creato
1176 3238 1312 3300 indutum

31 3330 33 3336 ¹
88 3359 224 3422 corpore,
246 3342 496 3422 quemadmodum
518 3359 609 3420 supra
631 3340 853 3420 explicavimus.

177 3845 203 3905 t.
244 3839 352 3901 Vellem
375 3857 456 3912 vero,
479 3849 512 3900 ut
535 3847 583 3900 tua
605 3840 700 3918 pietas
722 3840 781 3900 hoe
800 3838 836 3899 ab
859 3837 917 3899 illis
940 3837 1153 3898 sciscitarentur
1198 3836 1311 3914 Nempe

101 3962 162 4004 eum
187 3939 331 4001 Israelitae
357 3939 570 4016 lerosolymam
601 3937 778 4000 iubebantur
815 3935 993 4034 ascendere,
1027 3944 1060 3996 ut
1091 3934 1310 3998 adorarentin

101 4041 200 4120 templo
220 4038 346 4112 bomini,
369 4038 419 4100 ubi
443 4037 579 4100 videlicet
601 4057 667 4100 area
691 4045 769 4111 erat,
793 4054 884 4115 supra
907 4053 994 4114 quam
1017 4033 1176 4097 Cherubim
1199 4034 1310 4114 gloriae

103 4139 261 4220 obtegebant
281 4137 531 4219 propitiatorium,
554 4139 669 4201 benene
691 4139 817 4216 agebant
838 4155 875 4198 an
897 4133 998 4198 male?
1035 4135 1067 4198 Si
1081 4135 1157 4197 male
1173 4135 1308 4214 agebant,

106 4343 252 4408 ἇιιοσιόλων.
752 4355 775 4405 d.
795 4355 827 4406 Se
845 4370 895 4405 uer.
912 4349 1106 4433 npocevsyxedr.

136 4431 156 4478 b.
171 4429 203 4478 Sic
217 4430 312 4488 Segner.
330 4425 415 4490 Basib-
426 4434 450 4477 et
464 4423 587 4504 bogtiean.
622 4423 667 4475 htii
753 4437 775 4472 e.
792 4435 839 4470 και
855 4415 1035 4472 nocentem
1052 4421 1273 4477 omittuntdobtes.
1284 4427 1308 4469 et
1330 4467 1333 4479 ,

107 4509 156 4556 seeo
171 4494 252 4544 uetiti
269 4507 351 4544 rocem
366 4488 633 4560 paepeouomrttnot
719 4491 824 4542 tersum.
845 4491 867 4540 l.

139 4553 348 4612 ciorteiuueo'r.
457 4584 465 4596 ·
614 4607 620 4621 ,
754 4559 770 4607 t.
790 4558 889 4620 Segner.
907 4549 1013 4624 Καΐφα.
