3226 5280
214 383 255 450 68
613 398 638 440 8.
654 397 809 442 immi!
824 399 1047 444 nummum

128 565 297 632 manea
317 545 432 629 ·λέγω,
462 544 794 631 σιηαεφαλαιοῦσθαί
819 570 857 613 τε
883 543 939 612 καί
961 545 1166 631 συνάγεσθαι
1187 547 1283 614 πάσα
1304 539 1437 636 ἀνάγκη.

213 651 417 732 Μαρκίωνος
442 642 504 731 γὰρ
533 647 593 712 τοῦ
613 645 862 734 ματαιόφρονος
884 645 1042 731 δίδαγμα,
1072 646 1119 725 είς
1145 656 1235 732 τρεῖς
1257 642 1358 733 άρχάς
1378 652 1438 736 τῆς

212 751 393 832 μοναρχίας
418 745 523 834 τομὴν
543 745 599 813 καί
620 747 797 834 διαίρεσιν,
826 747 995 831 παίδευμα
1018 742 1055 815 ὂν
1077 747 1282 834 διαβολικόν,
1306 742 1379 831 οόχὶ
1400 749 1437 816 δὲ

212 851 280 916 τῶν
309 843 413 929 όντως
433 850 596 935 μαθητῶν
617 850 677 914 τοῦ
698 851 850 934 Χριστοῦ
872 847 1015 915 καὶτῶν
1037 842 1262 936 ἀρεσκομένων
1283 859 1356 928 τοῖς
1376 853 1436 916 τοῦ

215 953 364 1040 σωτῆρος
383 949 590 1036 μαθήμασιν.
635 936 729 1014 οὗτοι
748 946 809 1034 γάρ
830 948 951 1033 τριάδα
971 950 1032 1033 μέν
1045 955 1283 1037 κηρυττομένην
1297 945 1366 1017 άπὸ
1379 953 1438 1040 τῆς

213 1057 314 1132 θείας
334 1053 463 1140 γραφῆς
484 1052 602 1137 σαφῶς
616 1047 822 1130 ἐπίστανται,
838 1060 927 1135 τρεῖς
942 1051 979 1118 δέ
992 1050 1095 1130 θεοὺς
1109 1048 1186 1118 οῦτε
1199 1049 1347 1118 παλαιάν
1362 1049 1439 1119 οότε

214 1153 329 1240 καινὴν
351 1151 514 1238 διαθήκην
534 1148 765 1237 κηρόττουσαν.
811 1146 850 1217 οὗ
878 1161 973 1236 μεῖον
996 1147 1028 1219 δ’
1053 1150 1094 1220 άν
1115 1177 1166 1232 τις
1187 1157 1436 1240 καταμέμψαιτο

214 1253 271 1324 καὶ
300 1251 377 1332 τοὺς
407 1257 539 1339 ποίημα
568 1249 626 1319 τὸν
653 1250 727 1320 υίδν
755 1245 841 1320 είναι
862 1251 1094 1335 ιδοξάζοντας,
1117 1254 1173 1323 καὶ
1192 1260 1359 1342 γεγονέναι
1379 1253 1438 1322 τὸν

129 1357 337 1443 Μακάρων,
361 1350 471 1440 άίςπερ
494 1355 528 1422 έν
549 1379 583 1420 τι
605 1349 709 1434 όντως
729 1359 912 1440 γενομένων
933 1355 1141 1440 νομίζοντας,
1164 1359 1230 1423 τῶν
1252 1361 1358 1424 θείων
1379 1356 1437 1421 λο-

214 1465 295 1547 γέων
326 1462 475 1543 γέννησιν
505 1449 595 1541 αότῷ
616 1454 675 1543 τὴν
697 1450 925 1542 ἁρμόττουσαν
952 1460 1006 1524 καί
1028 1463 1240 1544 πρέπουσαν,
1272 1450 1340 1523 ἀλλ’
1366 1451 1439 1539 οῦχί

212 1558 339 1627 πλάσιν
365 1556 442 1625 τινά
468 1554 525 1623 καὶ
550 1563 689 1644 ποίησιν
710 1557 1057 1644 προςμαρτυροόντων.
1100 1557 1294 1647 βλόςφημον
1315 1547 1373 1626 οὖν
1395 1551 1434 1625 οὔ

212 1661 252 1730 τὸ
273 1657 380 1744 τυχόν,
403 1663 558 1745 μέγιστον
579 1657 640 1743 μέν
662 1648 735 1739 οὖν,
756 1665 989 1747 χειροποίητον
1010 1659 1136 1749 τρόπον
1157 1659 1233 1729 τινά
1254 1660 1358 1745 λέγειν
1379 1657 1437 1726 τὸν

212 1761 335 1848 κόριον.
380 1759 411 1830 εί
430 1757 492 1848 γὰρ
513 1764 642 1846 γέγονεν
664 1755 745 1841 υἱός,
769 1750 809 1847 ἦν
831 1756 888 1828 ὅτε
909 1754 967 1828 οῦκ
988 1750 1043 1850 ἦν·
1067 1755 1119 1829 άεί
1142 1762 1178 1829 δέ
1198 1750 1252 1848 ἦν,
1275 1760 1326 1828 ἐἴ
1345 1783 1381 1845 γε
1403 1755 1437 1826 έν

214 1867 262 1952 τῷ
293 1869 400 1950 πατρί
431 1860 565 1942 ἐστιν’),
601 1857 646 1941 άς
672 1854 772 1940 αῦτός
799 1885 898 1950 φησι,
932 1861 988 1929 καί
1010 1862 1040 1930 εί
1061 1861 1157 1949 λόγος
1178 1860 1234 1929 καί
1256 1868 1361 1950 σοφία
1381 1857 1438 1927 καί

215 1964 353 2050 δόναμις
374 1959 392 2030 ὁ
412 1961 562 2049 χριστός·
584 1964 689 2030 ταῦτα
709 1961 771 2050 γὰρ
793 1957 880 2032 είναι
900 1963 1119 2049 τδνΧριστὸν
1141 1964 1177 2032 αί
1196 1969 1293 2032 θεῖαι
1307 1965 1439 2050 λέγουσι

213 2071 354 2154 γραφαί,
388 2059 498 2150 ιόςπερ
532 2059 737 2131 ἐπίστασθε·
769 2066 875 2131 ταῦτα
907 2065 944 2132 δέ
971 2064 1126 2149 δυνάμεις
1154 2054 1253 2132 οόσαι
1273 2067 1332 2132 τοῦ
1351 2067 1438 2132 θεοῦ

212 2165 436 2252 τυγχάνουσιν.
482 2164 512 2232 εί
532 2171 643 2232 τοίνυν
664 2170 793 2251 γέγονεν
816 2162 835 2231 δ
857 2164 943 2245 υἱός,
973 2155 1013 2253 ἦν
1035 2163 1090 2234 ὅτε
1112 2160 1170 2232 οῦκ
1189 2156 1229 2252 ἦν
1251 2170 1370 2246 ταῦτα,
1398 2155 1439 2252 ἦν

213 2266 278 2354 ἄρα
299 2266 423 2354 καιρός,
447 2262 503 2334 ότε
523 2264 625 2351 χωρίς
645 2265 771 2334 τούτων
792 2255 831 2352 ἦν
854 2262 873 2331 ό
896 2264 985 2345 θεός.
1032 2260 1249 2334 ἇτοπιότατον
1271 2268 1308 2334 δέ
1329 2269 1436 2334 τοῦτο.

212 2367 269 2437 καί
295 2373 330 2435 τί
357 2361 398 2434 άν
425 2365 485 2434 ἐπὶ
511 2367 615 2433 πλέον
637 2365 717 2453 περὶ
737 2366 863 2432 τούτων
885 2365 971 2451 πρὸς
990 2362 1077 2449 όμάς
1097 2367 1323 2454 διαλεγοίμην,
1353 2366 1439 2452 πρὸς

214 2467 337 2555 ἄνδρας
357 2466 655 2554 πνευματοφόρους
675 2465 731 2534 καί
753 2470 871 2556 σαφῶς
893 2465 1133 2551 ἐπισταμένους
1146 2466 1206 2546 τὰς
1221 2463 1365 2545 άτοπίας
1379 2466 1439 2546 τὰς

214 2569 248 2639 ίκ
269 2573 329 2638 τοῦ
351 2574 481 2656 ποίημα
503 2569 607 2654 λέγειν
629 2566 687 2634 τὸν
709 2567 781 2636 υίὸν
803 2564 1071 2652 άνακυπτοάσαςς
1103 2563 1158 2647 αίς
1170 2592 1230 2654 μοι
1245 2569 1380 2635 δοκοῦσι
1392 2566 1438 2656 μὴ

212 2673 469 2757 προςεσγηκίναι
489 2667 547 2737 τὸν
569 2671 646 2736 νοῦν
667 2669 702 2736 oz
723 2668 993 2756 καθηγησάμενοι
1013 2671 1072 2757 τῆς
1093 2668 1190 2754 δόξης
1211 2668 1359 2756 ὖταύτης,
1382 2666 1440 2736 καί

214 2769 270 2840 διά
290 2773 389 2838 τοῦτο
411 2769 530 2857 κομιδῇ
551 2771 611 2836 τοῦ
633 2762 783 2856 ἀληθοῦς
804 2770 1073 2860 διημαρτηκέναι,
1105 2771 1223 2856 ἑτέρως
1242 2764 1263 2858 ἢ
1284 2769 1439 2856 βούλεται

212 2871 314 2959 ταύτῃ
346 2867 366 2958 ἡ
398 2876 480 2938 θεία
505 2867 561 2937 καί
590 2869 779 2959 προφητικὴ
806 2869 915 2958 γραφὴ
943 2871 983 2938 τὸ
1010 2870 1122 2958 κύριος
1149 2871 1255 2939 ἕκτισέ
1275 2896 1318 2955 με
1338 2868 1438 2960 ἀρχὴν

213 2967 300 3039 ὁδῶν
327 2967 458 3052 αὐτοῦ’)
487 2970 704 3057 ἐκδεξάμενοι.
750 2967 788 3039 οῦ
815 2978 877 3057 μία
904 2971 966 3059 γάρ
993 2968 1013 3060 ἡ
1035 2975 1094 3038 τοῦ
1118 2971 1258 3052 ἔκτισεν,
1289 2967 1334 3051 ὡς
1355 2973 1436 3051 ἴστε,

203 3077 376 3162 σημασία·
406 3073 514 3141 λ’κτισο
540 3071 602 3160 γάρ
631 3072 779 3140 ἐνταῦθα
808 3068 985 3140 άκονστέον
1007 3068 1082 3140 άντὶ
1102 3076 1161 3138 τοῦ
1184 3071 1345 3159 ἐπέστησε
1365 3081 1438 3150 τοῖς

211 3168 268 3240 ὑπ’
293 3168 393 3240 αότοῦ
415 3172 584 3258 γεγονόσιν
607 3173 722 3260 λ’ργοις,
745 3173 896 3260 γεγονόσι
917 3173 955 3240 δέ
976 3167 1024 3240 δι’
1048 3168 1150 3239 αὖτοῦ
1172 3175 1231 3239 τοῦ
1253 3173 1342 3238 υίοῦ·
1367 3168 1437 3255 οόχί

132 3337 140 3350 ,
213 3273 250 3340 δέ
269 3296 307 3361 γε
327 3273 373 3340 ιδ’
389 3271 496 3341 ἔκτισε
523 3277 579 3340 νῦν
606 3268 723 3358 λέγοιτ’
747 3268 805 3339 ’άν
834 3272 891 3340 ἐπὶ
918 3275 977 3339 τοῦ
1005 3272 1160 3359 ἐποίησε·
1194 3272 1346 3358 διαφέρει
1375 3270 1436 3356 γὰρ

211 3375 270 3440 τοῦ
292 3375 435 3459 ποιῆσαι
455 3372 496 3440 τό
516 3378 635 3441 κτίσαι.
681 3368 740 3440 οὖν
761 3367 860 3452 αότδς
881 3363 978 3452 οὗτός
999 3395 1060 3440 σου
1082 3372 1192 3460 πατὴρ
1215 3371 1373 3459 έκτήσατό
1389 3393 1436 3453 σε,

211 3471 267 3539 καί
295 3471 434 3560 ἐποίησέ
462 3495 500 3540 σε
526 3475 580 3539 καί
610 3467 716 3541 ίκτισέ
738 3475 824 3554 σε’),·
857 3475 898 3561 τῇ
926 3473 961 3540 έν
981 3477 1029 3560 τῷ
1052 3474 1290 3560 δευτερονομίῳ
1311 3469 1435 3559 μεγάλῃ

212 3567 281 3662 ὠδῇ
304 3570 468 3660 δΜωοῆς
489 3596 582 3660 φησι.
626 3573 713 3660 πρὸς
736 3571 793 3652 οῦς
814 3576 868 3641 καί
891 3575 985 3642 είποι
1006 3572 1047 3643 άν
1067 3595 1134 3654 τις·
1157 3564 1185 3640 ὦ
1206 3572 1437 3659 ριψοκίνδυνοι

211 3673 405 3760 άνθρωποι,
429 3680 560 3762 ποίημα
581 3669 601 3741 δ
622 3671 835 3761 πρωτότοκος
855 3675 967 3764 πάσης
987 3678 1168 3756 κτίσεωςἾ,
1198 3669 1217 3739 ό
1240 3672 1274 3740 έν
1295 3672 1437 3760 γαστρὸς

166 3813 170 3822 ,
210 3773 279 3862 πρό
307 3773 478 3862 ίωςφόρου
502 3779 718 3862 γεννηθείςἽ,
748 3771 767 3841 δ
795 3773 900 3842 είπών
923 3770 969 3854 ὥς
990 3781 1111 3864 σοφία·
1139 3773 1208 3860 πρὸ
1236 3775 1273 3840 δέ
1299 3773 1436 3841 πάντων

211 3878 338 3962 βουνῶν
365 3877 462 3962 γεννᾷ
487 3879 575 3961 W),-
605 3874 661 3943 καί
681 3875 852 3959 πολλάχου
874 3877 911 3944 δὲ
931 3878 999 3943 τῶν
1019 3882 1125 3944 θείων
1147 3875 1267 3962 λογίων
1288 3876 1436 3996 γεγεννη-

210 3982 307 4058 σθαι,
330 3971 399 4042 ἄλλ’
424 3969 463 4041 οὗ
485 3983 652 4062 γεγονέναι
671 3975 730 4045 τόν
751 3976 823 4045 υίδν
845 3977 1019 4065 λεγόμενον
1042 3974 1133 4065 εῦροι
1152 4001 1205 4056 τις
1226 3973 1284 4057 άν,
1307 3968 1363 4063 ὕφ’
1388 3998 1434 4040 ων

211 4078 409 4169 καταφανοῦς
438 4073 623 4162 ίίέγγονται
650 4077 693 4146 τά
713 4077 840 4166 ’ψεύδη
862 4078 941 4166 περί
961 4081 1021 4167 τῆς
1041 4082 1100 4147 τοῦ
1121 4083 1234 4162 κυρίου
1255 4074 1436 4160 γεννήσεως

281 4338 304 4390 11
323 4337 389 4387 loun.
409 4337 449 4396 14,
470 4335 508 4386 11.
584 4331 610 4392 2)
628 4333 696 4383 Ριον.
714 4331 739 4390 8.
757 4331 798 4383 22.
875 4331 901 4392 3)
919 4331 1014 4381 Denter.
1033 4327 1116 4392 ³²2⁶·
1192 4323 1332 4387 4)(1ο1οιε.
1352 4325 1375 4386 1,
1395 4324 1436 4378 15.

211 4403 237 4468 ό)
255 4405 320 4456 Pul.
341 4403 390 4454 110
407 4400 478 4470 [109.
497 4395 585 4471 ml,
603 4397 628 4450 3.
698 4398 724 4460 6)
742 4400 809 4451 Ριον.
828 4398 854 4460 8,
872 4397 913 4448 λδ.

243 4553 266 4588 ε.
290 4537 348 4602 λος.
372 4533 477 4604 λέγων,
510 4541 537 4586 τι
560 4543 584 4585 ιι
606 4517 665 4596 liga
687 4532 798 4584 λιπέτω.
884 4529 983 4608 μέλις.
997 4518 1175 4604 manac,
1195 4515 1440 4580 Βαάλδοξάζιντις

210 4603 318 4658 Cnmnld.
850 4603 875 4648 ιι
892 4595 938 4647 nh·
956 4607 1027 4644 mun
1043 4607 1089 4660 γρ.
1109 4585 1286 4648 dommac.
