3226 5280
451 385 596 430 eersrom
611 387 648 430 on
664 387 808 432 neccsrrs
823 387 969 432 aremare
985 389 1103 434 suanm.
1355 375 1396 442 63

153 535 264 598 stantia
288 535 439 597 diversum
462 554 543 610 esse,
566 537 715 599 latendum
736 557 808 600 sane
830 548 886 612 est,
909 548 990 600 recte
1006 541 1157 621 Synodum
1180 551 1210 604 et
1232 543 1482 624 scripsissem.

154 645 185 699 et
208 635 369 714 cogitasse.

242 740 297 800 24.
343 737 449 799 Procul
472 745 569 798 autem
592 737 661 800 binc
682 739 759 800 absit
781 741 880 802 omnis
904 741 1043 819 cogitatio
1060 759 1222 821 corporea3
1244 745 1297 806 sed
1320 765 1393 806 sen-

152 859 209 901 sns
232 857 341 900 omnes
362 840 578 918 praetergressi
601 859 674 920 pura
702 841 895 920 intelligentia
923 850 953 902 et
980 842 1166 902 solamente
1188 845 1393 923 percipiamus,

153 961 246 1022 qnam
276 959 346 1001 vere
374 941 413 1001 sit
434 940 527 1001 Filius
549 941 663 1014 Patris,
692 943 924 1020 quamproprie
946 942 1000 1003 llei
1022 943 1063 1004 sit
1086 942 1229 1016 Verbum,
1259 953 1395 1024 atquem

154 1043 322 1124 perfectam
351 1060 418 1103 cnm
446 1042 511 1104 lnce
533 1041 756 1104 similitudinem
780 1041 923 1120 splendor
943 1043 1059 1104 babeat.
1104 1043 1142 1104 Ut
1165 1043 1242 1104 enim
1266 1045 1343 1106 lctus
1366 1054 1396 1106 et

155 1147 238 1207 lilius
261 1163 325 1206 non
346 1143 500 1204 bominum
522 1161 625 1214 more,
656 1143 708 1202 sed
732 1153 765 1204 nt
787 1143 880 1203 llenm
903 1143 1002 1214 decet,
1032 1153 1061 1206 et
1088 1145 1186 1206 dictus
1209 1154 1255 1206 est
1277 1154 1306 1206 ει
1328 1165 1395 1206 rere

157 1257 223 1320 cst,
252 1247 292 1307 ita
320 1263 386 1306 cum
414 1263 516 1306 vocem
541 1243 811 1306 consubstantialis
834 1245 986 1320 audimus,
1018 1245 1165 1308 humanos
1193 1265 1304 1307 sensus
1334 1265 1394 1308 uon

158 1349 304 1410 debemus
326 1346 419 1426 sequi,
440 1365 498 1406 uec
519 1346 682 1408 divinitatis
705 1345 879 1424 partitiones
903 1355 954 1407 ant
976 1345 1138 1408 divisiones
1153 1347 1307 1425 fingendae
1324 1355 1395 1408 naut

158 1450 251 1523 nllae3
281 1447 335 1510 aed
366 1457 504 1528 tanquam
528 1447 564 1508 de
586 1446 677 1508 rebus
699 1465 760 1508 non
782 1448 936 1526 corporeis
960 1448 1123 1527 cogitantes
1146 1467 1235 1510 unam
1257 1459 1394 1510 naturam

159 1561 189 1613 et
210 1551 336 1614 eandem
363 1549 458 1611 lucem
487 1569 546 1610 noo
577 1548 752 1611 dividamus.
804 1549 837 1610 ld
866 1549 952 1610 enim·
973 1551 1127 1630 proprium
1157 1548 1222 1610 Filii
1250 1559 1296 1610 est
1323 1567 1393 1629 erga

160 1655 288 1725 Patrem,
312 1670 407 1730 eoque
430 1651 608 1724 ostenditur,
631 1651 724 1712 Deum
747 1670 818 1712 vere
833 1650 921 1712 Verbi
937 1651 1054 1714 Patrem
1077 1669 1156 1713 esse.
1194 1649 1267 1710 Nam
1285 1669 1390 1712 rursus

69 1796 76 1804 -
159 1753 234 1815 lucis
258 1760 288 1813 et
310 1735 478 1832 splendoris
502 1752 667 1832 exemplum
696 1753 733 1812 ad
762 1751 832 1814 illud
862 1751 1084 1831 intelligendum
1109 1760 1156 1812 est
1179 1753 1391 1814 necessarium.

161 1855 235 1928 Quis
258 1853 347 1932 igitur
361 1853 459 1914 dicere
478 1854 593 1925 audeat,
616 1853 805 1932 splendorem
821 1854 876 1914 soli
892 1863 1048 1914 externum
1064 1862 1095 1914 et
1109 1849 1283 1929 dissimilem
1299 1847 1392 1912 esse‘l

160 1957 213 2017 Vel
233 1956 332 2036 potius
355 1955 434 2033 quis,
458 1953 483 2014 si
506 1953 676 2026 adverterit,
700 1973 829 2033 quonam
851 1955 941 2015 modo
966 1954 1155 2032 splendores
1174 1951 1321 2014 adsolem
1337 1950 1393 2010 ba·

158 2059 227 2120 beat
238 2057 432 2138 eandemque
455 2075 523 2118 esse
545 2056 651 2129 lucem,
676 2075 737 2116 non
759 2056 899 2116 audacter
922 2055 1015 2116 dicat:
1047 2056 1143 2128 „Vere
1164 2055 1212 2116 lux
1235 2062 1264 2114 ει
1287 2052 1391 2131 splen-

157 2159 243 2233 „dor
264 2177 323 2218 una
346 2177 395 2219 res
419 2165 475 2233 est,
498 2157 604 2238 hicque
626 2158 657 2218 in
673 2157 720 2219 illa
737 2157 915 2230 ostenditur,
938 2167 967 2218 et
983 2157 1127 2236 splendor
1148 2157 1178 2218 in
1202 2157 1264 2218 sole
1281 2154 1389 2228 existit,

157 2262 227 2335 „ita
251 2269 284 2320 ut
305 2259 354 2338 qui
376 2260 470 2322 solem
493 2259 618 2330 viderit,
643 2261 836 2340 splendorem
859 2279 978 2340 qnoque
1001 2257 1155 2320 cernatl“
1199 2259 1278 2320 llaec
1298 2274 1390 2337 porro

155 2364 256 2424 unitas
286 2370 316 2422 et
342 2361 481 2424 naturalis
508 2364 677 2442 proprielas
706 2363 858 2443 quomoda
888 2381 903 2421 a
932 2359 1123 2422 credentibus
1155 2379 1190 2422 ac
1222 2359 1388 2420 videntibus

155 2471 238 2524 recte
267 2461 363 2523 vocari
391 2463 490 2542 possit
517 2464 576 2524 nisi
605 2463 865 2525 consubstantialis
894 2460 999 2524 letos?
1049 2461 1123 2534 Quis
1152 2469 1246 2522 autem
1269 2460 1390 2540 proprie

157 2565 307 2642 digneque
330 2561 417 2622 alium
439 2561 492 2622 Dei
522 2563 611 2622 letnrn
642 2581 708 2624 esse
731 2564 878 2644 concipiet
899 2569 1019 2643 praeter
1041 2562 1184 2633 Verbum,
1216 2561 1389 2640 sapientiam

158 2672 191 2722 ει
213 2661 367 2732 virtutem,
397 2679 485 2736 quam
513 2680 585 2720 sane
611 2679 667 2722 nec
687 2664 767 2724 Patri
794 2676 944 2726 externam
974 2665 1019 2724 ias
1048 2672 1096 2725 est
1124 2664 1239 2734 dicere,
1268 2680 1325 2722 nec
1346 2659 1391 2720 rel

163 2758 296 2833 cogitare
322 2757 392 2818 licet
418 2777 480 2818 nou
508 2777 627 2836 semper
654 2763 731 2840 apud
754 2765 870 2825 Patrem
899 2762 1017 2825 inisse?
1068 2763 1222 2842 Siquidem
1245 2763 1303 2820 boc
1325 2760 1391 2838 ipso

164 2857 231 2916 leta
255 2857 352 2916 omnia
373 2857 443 2917 lecit
462 2857 565 2930 Pater,
595 2878 735 2939 suamque
757 2863 786 2922 in
808 2883 859 2924 res
882 2883 986 2924 omnes
1007 2862 1226 2942 providentiam
1249 2877 1304 2936 per
1326 2875 1393 2918 enm

159 2955 294 3033 benigne
316 2957 512 3028 administrat,
535 2967 621 3037 atque
642 2959 681 3020 ita
704 2961 768 3038 ipse
790 2971 819 3022 et
834 2963 921 3022 l'atcr
936 2981 1026 3022 unum
1042 2971 1121 3033 sunt,
1145 2956 1393 3038 quemadmodum

157 3057 271 3118 dictum
295 3065 358 3130 est3
380 3058 439 3118 nisi
461 3059 537 3118 lorte
560 3059 647 3120 iidem
670 3061 798 3139 improbi
818 3061 927 3122 iterum
947 3061 1075 3122 audeant
1095 3057 1286 3130 contendere,
1309 3057 1392 3120 aliam

158 3175 229 3220 esse
253 3157 340 3220 Verbi
363 3157 571 3234 substantiam,
596 3170 626 3222 ει
648 3162 735 3222 aliam
758 3161 868 3236 lucem,
891 3180 967 3240 qnae
990 3179 1024 3221 ex
1039 3160 1127 3220 Patre
1148 3149 1179 3238 ir'r
1200 3158 1250 3220 illo
1273 3168 1328 3230 eet,
1351 3161 1389 3222 ita

158 3265 192 3319 nt
212 3257 262 3319 lux
284 3259 413 3338 quidem,
436 3280 512 3341 quae
534 3271 580 3323 est
602 3262 634 3322 in
655 3262 743 3334 Filio,
768 3281 858 3324 unum
881 3263 921 3322 sit
944 3279 1009 3322 cum
1025 3259 1121 3334 Patre,
1144 3261 1208 3340 ipse
1229 3279 1299 3320 vero
1321 3271 1388 3322 ten·

158 3377 245 3436 quam
266 3378 316 3420 res
339 3369 436 3424 creata
460 3361 500 3422 sit
521 3362 599 3424 Patri
623 3371 773 3425 externus.
819 3362 927 3424 Verum
957 3363 1030 3424 baec
1049 3361 1183 3441 prolecto
1205 3361 1331 3442 Caiphae
1358 3372 1388 3424 et

158 3459 376 3522 Samosatensis
398 3470 446 3522 est
466 3462 614 3534 (lectuna,
644 3483 731 3543 mam
755 3463 886 3525 Ecclesia
915 3463 1032 3542 quidem
1053 3463 1158 3544 procrrl
1180 3463 1304 3542 repulit,
1334 3463 1387 3524 sed

158 3577 244 3638 quam
267 3561 307 3622 illi
330 3562 404 3624 clam
427 3571 458 3622 et
479 3571 575 3624 astute
598 3583 679 3625 nunc
699 3573 820 3625 tuentur
841 3565 976 3644 hancque
994 3565 1037 3628 ,ob
1052 3584 1170 3626 causam
1191 3565 1248 3644 ipsi
1265 3562 1387 3625 veritate

158 3660 258 3720 relicta
279 3661 416 3724 haeretici
440 3671 510 3724 sunl
530 3662 678 3724 declarati.
723 3664 755 3725 Si
784 3666 862 3726 enim
891 3685 1015 3744 prorsus
1043 3667 1135 3740 lucis,
1170 3684 1245 3744 quae
1274 3674 1320 3726 est
1352 3683 1389 3726 ex

156 3758 259 3834 Patre,
286 3763 433 3840 particeps
455 3763 504 3824 ille
527 3773 586 3838 est,
615 3783 667 3825 cur
689 3784 749 3825 uon
771 3767 871 3844 potins
902 3767 967 3846 ipse
990 3766 1018 3826 is
1040 3775 1101 3838 est,
1131 3765 1215 3826 cuius
1244 3782 1292 3826 res
1315 3764 1389 3826 aliae

157 3859 231 3920 liunt
251 3863 427 3942 participes,
459 3881 496 3923 ne
525 3863 635 3925 seilicet
661 3865 768 3943 aliquid
797 3865 926 3926 medium
955 3865 1033 3924 inter
1055 3883 1122 3924 cnm
1146 3871 1175 3922 ει
1195 3865 1313 3926 Patrem
1336 3883 1386 3925 rc-

156 3960 310 4036 periaturl
352 3963 426 4022 Narn
449 3963 510 4023 nisi
531 3964 561 4023 id
584 3965 779 4036 concedatur,
802 3983 863 4024 non
886 3964 1013 4042 amplius
1037 3962 1154 4024 ostendi
1177 3966 1295 4042 poterit,
1319 3984 1387 4026 om·

156 4061 204 4128 nia
227 4079 282 4139 per
303 4061 409 4123 Filium
432 4064 507 4122 lacta
530 4081 613 4135 esse,
637 4063 690 4122 sed
713 4081 767 4141 per
788 4063 891 4134 illum,
915 4061 999 4124 cuius
1023 4069 1052 4123 et
1074 4064 1137 4143 ipse
1160 4073 1207 4125 est
1227 4065 1386 4144 particeps.

35 4176 41 4188 ·
157 4157 194 4218 lc
215 4161 241 4220 si
264 4161 331 4240 ipse
353 4173 400 4224 est
421 4163 604 4224 Verbum-et
626 4163 768 4242 sapientia
790 4163 903 4236 Patria,
933 4163 962 4224 iu
991 4183 1049 4242 qno
1079 4183 1113 4226 se
1135 4164 1221 4226 Pater
1242 4165 1388 4242 patefacit,

156 4261 362 4337 cognoscitur,
386 4273 481 4337 creat,
506 4274 534 4324 et
556 4265 622 4326 sine
644 4283 703 4344 quo
727 4264 943 4326 nihilomnino
967 4265 1050 4337 lacit,
1074 4266 1262 4326 manifestum
1285 4265 1387 4344 utique

189 4459 211 4492 a.
231 4445 273 4494 Sic
290 4446 346 4508 lteg.
382 4447 443 4498 Editi
468 4463 524 4500 reru
541 4427 600 4502 adr
617 4451 742 4500 mendose.
831 4466 851 4500 a
870 4450 912 4499 Sic
929 4449 985 4510 llep.
1012 4450 1056 4498 llii
1075 4464 1131 4500 vero
1151 4457 1175 4498 et
1192 4447 1250 4496 editi
1268 4437 1383 4506 ἣνοῦτε.

152 4511 276 4630 omhiiwsspp
291 4513 348 4575 Res.
383 4515 469 4566 Atelli
488 4525 512 4566 et
529 4517 586 4566 editi
604 4510 655 4576 τὴν
672 4513 744 4572 λέξιν
832 4518 855 4567 d.
874 4517 932 4578 ltoq.
950 4508 1079 4581 ἀτέχνως.
