3176 5304
187 411 190 420 .
204 361 242 421 12
530 349 539 358 ⁸
729 345 906 420 raanrnrro.

202 523 333 588 lontibus
349 525 515 596 duxissent,
539 523 689 605 quomodo
705 524 927 587 controversiae
943 533 1063 586 exortae
1086 532 1115 586 et
1130 531 1279 597 tractatae,
1302 525 1439 606 denique

201 626 352 706 quomodo
375 625 406 687 in
428 625 475 687 his
496 625 635 704 paulatim
659 625 795 705 dogmata
817 645 901 687 sacra
923 625 1043 687 uberius
1066 625 1207 704 explicata
1228 633 1316 705 atquc
1338 609 1434 689 cocu-⁰

200 727 293 788 ratius
309 726 501 788 determinata
518 735 547 787 et
561 725 660 788 limata
676 733 787 788 essent.
819 725 906 800 Quod
923 725 1041 806 quidem
1059 727 1160 805 operis
1179 726 1359 790 institutum
1371 729 1434 790 etsi

201 847 262 890 non
284 827 332 888 his
354 827 430 906 ipsis
452 825 550 889 verbis
573 826 603 888 in
626 827 809 907 praefatione
831 826 1008 890 declaratum
1030 835 1087 901 est,
1121 833 1201 888 corte
1223 845 1259 890 ex
1281 827 1434 891 universis

202 928 307 991 studiis
330 927 367 990 ab
389 935 509 989 auctore
531 927 568 989 ad
590 927 619 988 id
641 925 755 990 collatis
778 920 977 1008 cognoscitur.
1020 927 1061 990 hc
1092 930 1225 1007 prolecto
1247 927 1434 991 Bibliotheca

201 1028 393 1092 Roesleriana
412 1029 452 1089 ita
475 1039 643 1114 comparata
665 1037 721 1102 ost,
744 1037 777 1090 ut
797 1029 906 1109 largam
929 1039 959 1091 ot
980 1027 1116 1091 idoneam
1139 1029 1306 1108 theologiae
1328 1029 1431 1092 histo-

167 1139 170 1145 “
200 1131 279 1192 ricae
301 1130 452 1192 materiam
475 1128 624 1209 praebeat.
667 1128 777 1191 Primis
800 1139 926 1210 quatuor
947 1129 1146 1192 voluminibus
1169 1139 1306 1210 excerpta
1327 1130 1432 1193 couti-

200 1242 310 1293 nentur
331 1249 367 1292 ex
389 1229 509 1309 scriptis
540 1241 672 1309 patrum,
706 1230 756 1310 qui
788 1239 856 1292 ante
887 1230 1042 1292 concilium
1065 1229 1224 1292 Nicaenum
1247 1233 1430 1293 floruerunt:

163 1405 167 1413 ἱ
202 1351 255 1395 sex
271 1331 393 1410 reliquis
410 1331 701 1411 comprehenduntur
720 1349 810 1411 opera
828 1340 943 1411 patrum
957 1331 1143 1393 saeculorum
1154 1331 1202 1393 lv.
1215 1339 1245 1394 ot
1256 1331 1289 1394 V.
1302 1339 1333 1392 ct
1346 1332 1427 1393 scri-

200 1441 319 1513 ptorum
342 1432 529 1511 quorundum
552 1431 730 1512 posterioris
752 1433 856 1494 aetatis
872 1429 976 1494 eodem
991 1432 1081 1494 modo
1097 1433 1127 1494 in
1143 1439 1300 1511 angustum
1317 1441 1430 1495 cotom.

201 1533 303 1612 Neque
314 1550 383 1594 uero
395 1534 494 1594 omnia
510 1541 698 1613 exponuntur
712 1551 814 1612 opera,
831 1533 895 1607 sed,
911 1533 989 1595 sicut
1003 1533 1105 1596 titulus
1121 1552 1209 1613 quem
1222 1552 1311 1614 supra
1326 1533 1428 1613 posui,

200 1634 320 1707 indicat,
342 1633 499 1713 praecipua
522 1642 650 1706 tantum,
681 1633 806 1695 maxime
835 1635 1009 1712 dogmatica.
1054 1635 1087 1696 ln
1115 1653 1174 1714 quo
1198 1642 1296 1696 tamen
1318 1635 1428 1697 obser·

152 1811 161 1821 ἱ
200 1734 325 1796 vandum
349 1743 394 1795 est
415 1734 579 1812 dogmatica
601 1734 650 1796 hio
670 1734 727 1796 dici
751 1735 848 1795 omnia
871 1734 980 1796 veteris
1004 1734 1147 1796 ecclesiae
1164 1743 1365 1809 monumenta,
1395 1735 1428 1797 in

200 1835 306 1914 quihus
328 1835 365 1896 de
387 1833 533 1913 dogmatis
552 1835 730 1914 theologicis
751 1836 1019 1915 quomodocunque
1038 1835 1205 1898 disseritur.
1251 1836 1317 1908 Quo
1333 1853 1426 1898 sensu

198 1937 230 1997 id
252 1943 513 1997 monumentorum
536 1953 630 2014 genus
652 1935 795 1998 latissimo
816 1945 898 2015 patet
918 1955 974 1998 neo
996 1936 1078 1998 solos
1102 1936 1306 2016 complectitur
1330 1925 1429 1998 libros'

199 2037 399 2116 dogmaticos,
428 2037 459 2097 in
486 2036 593 2115 quibus
622 2036 659 2098 de
688 2035 835 2098 industria
862 2045 912 2099 aut
934 2037 1050 2116 singula
1073 2037 1225 2102 doctrinae
1246 2037 1426 2099 christianae

184 2125 294 2217 'capita
315 2145 532 2218 pertractantur
553 2146 602 2199 aut
624 2137 761 2199 univorsa
785 2139 862 2199 sicut
883 2138 962 2198 inter
984 2157 1018 2200 so
1040 2147 1105 2218 apta
1135 2139 1327 2218 colligataque
1354 2146 1427 2199 sunt

198 2238 393 2310 illustrantur,
416 2238 469 2299 sed
490 2245 644 2316 praeterea
662 2238 864 2318 apologeticos
879 2239 965 2317 atque
980 2239 1154 2318 polenniaco,
1177 2256 1304 2318 quorum
1319 2251 1425 2300 aucto-

198 2357 248 2400 res
276 2339 345 2400 dum
375 2338 529 2401 veritatem
557 2338 683 2400 divinam
712 2339 748 2400 ab
780 2339 1016 2401 adversariorum
1045 2339 1185 2402 ccclesiae
1213 2339 1366 2401 calumniis
1396 2347 1427 2401 et

197 2439 415 2526 haereticorum
437 2439 591 2502 erroribus
614 2439 777 2514 vindicant,
808 2459 872 2502 eam
895 2439 989 2519 ipsam
1013 2439 1078 2501 data
1102 2441 1258 2502 occasione
1280 2440 1427 2519 explicant

142 2533 148 2544 '
199 2550 229 2603 et
250 2541 429 2620 argumentis
444 2541 667 2620 rationibusque
682 2539 844 2602 stabiliunt
876 2541 978 2620 Neque
993 2541 1119 2603 interest
1133 2541 1303 2621 quidquam,
1325 2548 1424 2602 uuum

197 2641 238 2704 illi
261 2642 328 2704 libri
351 2643 476 2704 sormam
499 2633 825 2704 commentationem
849 2649 989 2703 tractatus
1012 2641 1156 2716 babeant,
1187 2659 1225 2703 an
1247 2639 1331 2702 aliam
1362 2641 1425 2703 sive

199 2743 355 2816 orationis,
378 2744 440 2833 sive
462 2743 615 2822 epistolae,
639 2743 702 2805 sire
724 2742 842 2822 dialogi,
865 2741 1025 2804 dummodo
1042 2741 1103 2804 sint
1117 2741 1282 2822 argumenti
1299 2743 1423 2821 dogma-

199 2845 248 2906 tici
272 2853 302 2906 et
323 2845 419 2906 lucem
441 2843 566 2905 alienant
587 2842 756 2922 dogmatum
779 2843 933 2905 historiae.
968 2844 1032 2916 Qua
1046 2843 1161 2906 ratione
1175 2845 1262 2906 etiam
1283 2863 1319 2904 ex
1336 2843 1448 2912 tornis,

199 2946 337 3024 Origenis
365 2946 396 3006 in
425 2945 606 3024 evangelium
634 2945 759 3007 loannis
789 2955 819 3007 et
846 2963 882 3007 ex
904 2943 1041 3019 Eusebii,
1078 2943 1276 3018 theodoreti,
1308 2943 1423 3023 Evagrii

198 3045 420 3108 commentariis
442 3045 590 3107 derebus
614 3045 861 3119 Christianorum,
883 3053 1036 3125 praeterea
1059 3065 1096 3106 ex
1118 3045 1190 3106 actia
1212 3043 1423 3106 nonnullorum

198 3145 392 3208 conciliorum
415 3145 523 3208 selecta
545 3147 638 3225 capita
661 3154 878 3227 proponuntur.
922 3144 965 3206 lle
986 3145 1054 3222 ipso
1072 3143 1217 3204 librorum
1233 3143 1347 3204 delectu
1363 3162 1423 3205 non
1459 3139 1465 3146 '

197 3244 343 3324 estquod
366 3243 414 3305 bic
435 3245 529 3306 dicam
552 3265 665 3325 eosque
687 3245 820 3322 singulos
842 3262 1016 3324 persequar.

280 3345 362 3407 Inter
383 3345 627 3406 chrestomathias
649 3345 817 3425 patristicas
839 3343 919 3405 vario
941 3343 1100 3422 inscriptas
1123 3360 1181 3404 una
1196 3351 1321 3418 tantum,
1343 3345 1422 3425 quod

199 3467 253 3528 ego
289 3447 390 3520 sciam,
415 3444 573 3526 reperitur.
596 3463 670 3524 quae
693 3443 918 3506 collectionibus
939 3451 1058 3525 patrum
1080 3442 1254 3523 dogmaticis
1277 3444 1420 3508 adnume-

197 3547 256 3608 rari
279 3555 388 3626 potest,
411 3545 470 3609 uisi
489 3545 644 3626 Opusculo
656 3555 783 3627 potrum
797 3545 927 3606 Berolini
950 3553 978 3606 et
994 3545 1101 3606 Ononii
1124 3544 1212 3616 edita,
1235 3564 1310 3625 quae
1333 3565 1420 3626 supra

197 3646 441 3720 commemoravi,
469 3645 514 3708 vel
544 3645 617 3707 adeo
643 3645 852 3709 Collectr'onem
874 3647 1015 3708 selectam
1036 3645 1072 3708 ab
1094 3647 1127 3708 A.
1149 3645 1183 3708 Β.
1207 3645 1316 3708 Caillau
1337 3647 1420 3709 Pari-

197 3749 250 3809 siis
272 3747 449 3828 publicatam
471 3747 530 3809 huc
549 3747 655 3808 referri
677 3746 759 3808 velis.
803 3745 908 3807 Notata
931 3744 982 3808 illa
1004 3756 1051 3809 est
1070 3747 1128 3810 hoc
1142 3747 1254 3809 indice:
1280 3747 1420 3810 Chresto-

197 3850 310 3912 ototbr'o
328 3852 490 3929 patriotica
512 3849 552 3910 od
572 3867 648 3910 usus
671 3865 786 3919 eorum,
816 3851 868 3929 qui
895 3847 1052 3911 historiam
1081 3851 1252 3929 dogmatum
1280 3847 1420 3911 christio-

196 3969 308 4012 oorum
330 3954 502 4012 accuratius
526 3951 640 4012 discere
664 3953 796 4030 cupiunt,
819 3949 971 4011 adornato
992 3969 1011 4011 a
1032 3949 1080 4012 Jo.
1095 3949 1166 4013 Chr.
1190 3947 1268 4012 tort.
1285 3949 1419 4028 humecti.

97 4107 103 4118 ,
197 4051 313 4112 Prodiit
333 4046 452 4129 Lipsiae
474 4069 501 4112 a.
527 4052 618 4116 1812.
641 4050 757 4113 duobus
780 4049 988 4112 voluminibus.
1032 4049 1137 4112 Priore
1151 4049 1299 4111 volumine
1315 4067 1419 4127 graeco

198 4152 388 4214 continentur
407 4150 516 4213 tustini
538 4151 672 4230 Martyris
695 4169 729 4212 ex
751 4151 828 4212 libro
851 4151 888 4212 de
909 4151 1130 4214 resurrectione
1152 4168 1227 4231 quae
1250 4158 1418 4230 supersunt,

196 4253 311 4314 irenaei
333 4251 433 4332 regula
456 4251 542 4324 fidei,
570 4251 713 4332 praefatio
738 4251 875 4331 Origenis
898 4253 929 4314 in
952 4270 1027 4332 opus
1049 4251 1086 4313 da
1107 4249 1278 4333 principiis,
1300 4251 1419 4312 Eusehii

197 4354 232 4415 ad
255 4353 410 4416 historiam
433 4353 663 4415 ecclesiasticam
684 4353 888 4432 prooemium,
915 4351 1065 4414 Athanasii
1093 4359 1232 4415 tractatus
1262 4351 1299 4414 do
1322 4352 1417 4412 incar·

196 4447 316 4516 natione
337 4454 419 4516 verbi
441 4451 488 4516 dei
511 4452 711 4534 apologeticus
741 4461 770 4516 et
798 4453 932 4517 eiusdem
959 4453 1107 4535 professio
1136 4453 1205 4514 fidei
1234 4451 1297 4512 sive
1326 4451 1417 4512 oratio

195 4550 277 4641 περὶ
298 4557 357 4640 τῆς
378 4549 575 4641 σαρκώσεως
602 4557 662 4620 τοῦ
689 4555 775 4620 θεοῦ
801 4547 917 4638 λόγου,
951 4553 1047 4636 Cyrilli
1076 4552 1225 4614 Hierosol.
1259 4551 1417 4614 catechesis
1563 4587 1564 4602 ,
