3212 5272
490 334 688 378 semromos
705 335 1024 380 ssurenrmnroussn.
1330 326 1372 390 99

67 483 69 496 “
168 501 210 564 que
224 482 279 546 hec
299 483 333 546 in
352 491 436 563 parte
458 483 655 547 aemulatores
678 492 757 560 sunt,
779 503 796 546 a
817 485 924 565 quihus
946 485 1034 550 etiem
1049 487 1201 550 Christum
1223 487 1370 570 abnegare
1378 497 1456 548 1.·111.

66 581 68 600 '
165 585 322 646 odeerunt.
366 584 411 646 llli
434 583 592 664 siquidem,
614 593 770 666 postquam
792 594 852 648 tam
873 587 964 650 multa
985 595 1123 668 motaque
1137 588 1281 652 Dominus
1303 590 1369 652 edi·

161 686 228 748 leat
255 703 365 766 opera,
393 684 502 766 quibus
529 687 626 766 palam
647 687 772 758 laceret,
802 705 836 748 se
858 687 1008 750 Christum
1031 707 1099 750 esse
1120 688 1226 752 Filium
1247 689 1301 752 Dei
1322 691 1369 753 ri-

156 785 253 860 sentis,
281 805 353 848 cnm
382 784 419 846 ab
442 805 478 848 eo
500 786 625 848 convicti
647 787 746 848 omnia
768 787 909 868 deinceps
931 788 1088 850 aduersum
1110 787 1276 868 Scripturas
1298 811 1371 854 sen·

155 885 231 946 tirent
251 885 465 966 dicerentque,
488 904 545 949 nec
565 887 697 950 ualerent
716 896 906 968 argumenta,
930 887 1039 967 quibus
1062 889 1305 966 confutabuntur,
1326 891 1372 954 uel

151 986 293 1067 peulisper
315 987 451 1062 obtueri,
482 988 519 1048 ad
539 986 738 1050 Patriareham
766 990 965 1070 conlugerunt
986 989 1134 1052 dicentes:
1165 989 1229 1053 Nos
1252 1001 1373 1072 potres

150 1087 282 1150 homos
305 1088 477 1160 Abrohom,
504 1088 562 1150 rati
589 1107 622 1150 se
649 1089 690 1150 ita
716 1107 809 1171 posse
831 1089 984 1152 stultitiam
1007 1089 1153 1152 occultare
1176 1107 1271 1150 suam.
1315 1090 1374 1153 Sed

149 1207 197 1250 nec
216 1188 274 1252 illis
298 1189 463 1270 quidquam
485 1189 633 1251 eiusmodi
654 1190 744 1252 verbe
765 1189 922 1270 proluere,
946 1207 1043 1269 neque
1064 1191 1095 1251 hi
1117 1189 1292 1270 Dionysium
1314 1209 1372 1251 no-

148 1290 280 1352 minando
309 1289 447 1352 eiusdem
475 1289 606 1376 crinnnis
633 1299 736 1352 nomm
757 1291 887 1370 elingere
908 1289 1056 1352 valebunt
1098 1289 1173 1352 Nam
1195 1299 1226 1352 et
1246 1291 1315 1353 illos
1338 1309 1374 1354 ex

147 1388 213 1468 ipsis
241 1391 310 1453 suis
342 1389 507 1452 sceleribus
530 1391 662 1470 coarguit
682 1390 827 1452 Dominus
850 1391 897 1453 his
919 1390 1034 1453 verbis:
1056 1391 1121 1454 Hoc
1142 1391 1295 1455 Abrabam
1309 1410 1374 1455 oon

147 1492 227 1568 [1111.
262 1499 294 1554 et
329 1491 389 1552 hos
422 1509 542 1554 rursum
570 1490 729 1572 impietatis
756 1491 961 1572 mendaciique
989 1492 1056 1572 ipsa
1081 1493 1189 1554 veritas
1217 1493 1373 1555 convincet
1455 1537 1465 1552 .

149 1591 360 1670 ostendatque,
388 1589 563 1672 Dionysium
591 1591 766 1672 episcopum
801 1611 858 1654 nec
887 1592 990 1654 eadem
1018 1611 1093 1672 quae
1118 1593 1206 1655 Arius
1237 1593 1371 1654 sensisse

150 1709 202 1753 nec
221 1693 381 1770 ignorasse
402 1691 568 1753 veritatem.
612 1691 671 1754 Sed
698 1710 767 1754 eum
788 1693 898 1772 antiqui
920 1693 962 1754 illi
985 1701 1047 1754 tum
1068 1692 1139 1753 novi
1162 1692 1212 1754 isti
1233 1692 1333 1755 ludaei
1355 1711 1373 1754 a

148 1801 229 1870 patre
249 1811 305 1854 sno
329 1791 450 1854 diabolo
473 1791 645 1853 huiusmodi
667 1792 698 1852 in
714 1791 864 1854 Christum
885 1795 1016 1856 lurorem
1038 1791 1202 1853 hereditate
1223 1811 1373 1872 accepere.

152 1889 245 1970 magni
270 1901 349 1954 certe
375 1891 543 1972 argumenti
570 1899 633 1966 est,
661 1892 692 1952 in
713 1891 773 1954 hoc
793 1892 859 1954 illos
881 1911 953 1954 vere
974 1911 1035 1953 non
1058 1892 1172 1965 dicere,
1202 1890 1257 1952 sed
1278 1891 1375 1952 virium

64 1995 68 2002 '
156 1990 332 2066 calumniari,
360 1991 443 2072 qnod
464 2009 521 2053 nec
541 1991 591 2053 ille
611 2010 741 2072 unquam
763 1993 800 2054 ab
822 1991 887 2053 aliis
909 1991 1067 2072 Episcopis
1090 1991 1293 2073 deprehensae
1315 1990 1373 2052 im-

151 2089 266 2170 pietatis
294 2093 451 2156 damnatus
472 2091 655 2174 Episcopatu
680 2092 785 2172 pulsus
815 2092 871 2168 sit,
900 2101 934 2154 nt
960 2093 1001 2154 illi
1030 2091 1155 2153 eClero
1183 2091 1268 2156 eiecti
1292 2099 1373 2166 sunt,

153 2210 247 2272 neque
266 2193 399 2256 haeresis
419 2193 653 2274 propugnandae
676 2211 765 2256 causa
787 2193 946 2256 secesserit
967 2193 1004 2254 ab
1025 2191 1174 2268 Ecclesia,
1195 2191 1302 2254 sedin
1325 2191 1374 2254 ille

155 2292 205 2370 pie
224 2293 430 2368 obdormierit,
453 2293 578 2374 eiusque
599 2294 743 2355 memoria
765 2293 907 2356 hactenus
930 2313 997 2355 omn
1018 2291 1154 2354 Patribus
1176 2291 1321 2354 celebrata
1344 2299 1375 2354 et

156 2409 213 2454 una
239 2393 269 2456 iu
293 2395 390 2456 elbum
416 2393 510 2456 relate
538 2399 587 2456 sit
633 2394 666 2455 Si
695 2394 773 2457 enim
796 2394 898 2456 eadem
920 2411 995 2475 quae
1016 2393 1058 2455 illi
1081 2392 1243 2468 sensisset,
1273 2400 1326 2455 aut
1346 2391 1374 2454 si

156 2493 326 2572 scriptorum
354 2514 480 2558 suornm
501 2495 647 2556 rationem
669 2513 730 2556 non
750 2494 947 2570 reddidisset,
979 2495 1101 2556 minime
1130 2493 1268 2568 dubium,
1301 2491 1374 2572 quin

157 2593 254 2655 eadem
274 2597 381 2658 luisset
401 2615 457 2675 qua
479 2595 521 2658 illi
542 2613 641 2676 poene
662 2594 845 2676 plectendus.

246 2995 276 3056 4.
315 2991 352 3052 llt
371 2991 439 3056 hoec
459 2993 579 3075 quidem
601 2990 674 3055 setis
697 3001 781 3054 erent
803 2993 839 3054 sd
861 2991 1005 3072 integram
1027 3005 1175 3048 novorum
1197 2985 1375 3048 ludaeorum

165 3091 391 3168 confutationem,
414 3095 464 3176 qni
477 3094 637 3156 Dominum
658 3093 815 3171 abnegant,
837 3091 942 3152 Patres
964 3085 1188 3162 calumniantur,
1212 3103 1375 3166 omnesque

162 3189 335 3256 Christianos
364 3195 502 3275 decipere
530 3199 685 3256 conantur.
730 3191 869 3252 Ceterum
891 3188 958 3267 quio
980 3187 1154 3250 occasiones
1176 3185 1373 3251 calumniandi

154 3289 289 3376 Episcopi
317 3314 354 3356 ex
382 3294 558 3376 quibusdam
587 3293 651 3355 eins
674 3289 818 3372 epistolae
839 3287 974 3369 partibus
997 3307 1031 3349 se
1053 3285 1162 3350 hebere
1183 3287 1374 3361 arbitrantur,

155 3409 203 3471 age
222 3406 252 3458 et
273 3395 339 3458 illas
361 3395 573 3476 inspiciamus,
602 3404 635 3454 ut
657 3391 725 3453 inde
747 3409 851 3452 eorum
873 3387 1090 3468 vaniloquentia
1111 3395 1375 3462 commonstretur,

153 3501 237 3574 uque
266 3495 314 3556 vel
336 3515 406 3557 sero
427 3495 547 3556 tandem
568 3491 791 3574 blasphemandi
812 3491 971 3552 Dominum
992 3489 1081 3551 linem
1103 3487 1227 3560 iaciant,
1257 3494 1373 3548 etcum
1406 3481 1410 3488 “

150 3594 292 3658 militibus
315 3595 419 3657 saltem
442 3601 602 3674 conspecto
624 3600 825 3654 creaturarum
848 3587 1018 3652 testimonio
1033 3593 1190 3662 fateantur,
1213 3604 1282 3649 vere
1296 3586 1376 3649 hunc

149 3713 213 3759 esse
239 3695 347 3758 Filium
372 3697 426 3758 Dei
460 3703 491 3757 et
522 3713 583 3756 non
616 3700 792 3754 creaturam.
836 3690 924 3752 Aiunt
957 3689 1047 3767 igitur
1078 3687 1182 3748 beatae
1214 3685 1375 3749 memoriae

148 3839 264 3898 imnis.
299 3847 363 3898 satu
388 3855 411 3896 et
429 3847 462 3896 he
481 3881 487 3894 .
506 3835 621 3910 dloyiow
638 3835 738 3895 αὐτῶν.
789 3833 846 3891 τόν.
881 3841 935 3891 llox
953 3838 1032 3918 Ceth,
1047 3827 1092 3885 dre
1108 3829 1185 3916 μήτε.
1220 3835 1278 3887 Post
1294 3847 1376 3884 sura·

148 3913 197 3964 llos
214 3915 290 3966 colb.
310 3924 334 3965 et
352 3915 391 3964 Fr.
404 3914 422 3963 l.
489 3924 565 3965 onec
586 3903 685 3960 ’νυσάν
703 3923 738 3960 τι.
789 3909 927 3974 γνωσθείς
944 3907 1004 3955 boec
1017 3899 1155 3966 απερληθη
1169 3895 1377 3963 cisternicensis

149 3979 242 4033 lhidem
266 3982 339 4032 Tsor.
365 3981 472 4032 Colbert.
491 3982 539 4030 les.
566 3993 580 4026 o
615 3992 628 4027 e
651 3970 739 4038 absol,
790 3967 878 4042 ὥςπερ
897 3958 974 4022 οὗτοι
990 3970 1040 4022 τοῦ
1057 3964 1165 4038 κλήρου,
1186 3985 1247 4036 quse
1265 3967 1376 4021 ineditis

149 4037 739 4099 11111111.11113.11101.οι’1’1εοῖνῦν’1111-
791 4045 906 4100 deerunt,
936 4042 960 4090 in
985 4041 1040 4102 lter.
1065 4039 1164 4089 laurio.
1187 4038 1256 4089 Colb.
1283 4039 1327 4087 leo.
1354 4045 1378 4088 et
1465 4051 1468 4067 ¹

149 4108 224 4164 deice
247 4108 397 4164 Διονύσιον
419 4105 602 4180 ὀνομάζοντες
627 4106 740 4179 qeoyeo
792 4111 860 4161 licl.
880 4109 1012 4158 habenturz
1036 4107 1078 4156 sed
1107 4108 1131 4156 in
1149 4107 1197 4155 hoc
1213 4105 1298 4155 ultimo
1315 4095 1377 4154 dne·
1488 4139 1493 4148 .

149 4179 195 4242 sris
214 4190 264 4233 etc.
619 4182 628 4198 ·
790 4169 878 4242 plion
898 4176 1013 4226 mendose
1033 4174 1128 4236 legitur.
1162 4174 1215 4222 llos
1234 4173 1330 4222 Tsorln
1353 4179 1378 4222 et

179 4251 202 4299 b.
231 4249 337 4329 Felclrp.
363 4249 387 4300 3.
413 4259 484 4299 soon.
510 4243 639 4313 διελέῃει
661 4247 738 4296 soles.
791 4233 1246 4303 (11111111.1ξῆλθετὴνέιαλησίαν.

150 4315 210 4367 lolrs
231 4327 289 4382 post
306 4307 738 4382 nyrdnw'dmffl'cbbfflmn·
824 4347 848 4396 d.
872 4345 913 4395 Sic
938 4345 993 4404 usq.
1020 4342 1119 4392 laurio.
1144 4340 1213 4392 eolo.
1238 4338 1284 4392 les.
1307 4321 1345 4390 11.
1358 4338 1377 4388 l.

150 4383 318 4503 dedflb'unrin.
339 4451 412 4503 Colb.
438 4451 485 4501 les.
508 4441 738 4566 ἔπληρονᾶόῶσαν.
790 4413 854 4464 EM
872 4427 928 4463 ’πο
946 4401 1153 4476 ἡγησαμένη

693 4509 739 4564 καὶ
826 4528 848 4568 e.
866 4513 923 4575 1111.
942 4511 1041 4562 Teurin.
1060 4500 1223 4620 παῦσονῖαι.

789 4603 793 4610 ’
1137 4589 1152 4639 Ἰ

150 4515 222 4570 Paulo
240 4529 297 4586 post
315 4521 417 4572 Taurin.
438 4517 506 4570 Colb.
528 4521 567 4569 l'r.
578 4519 597 4571 l.
