3226 5308
545 357 653 404 omaro
670 359 714 404 nr.
731 359 846 404 course
860 360 996 407 manos.
1300 347 1372 422 559,
1390 351 1396 356 “

90 539 95 554 ·
139 527 198 587 qua
218 507 291 570 caeli
313 514 489 574 catarractas
511 507 628 587 aperuit
648 507 834 588 disrupitque
854 509 979 588 abyssos
1002 518 1032 572 et
1052 507 1116 574 Noa
1139 510 1226 572 dixit:
1255 513 1450 592 lepra-eno.

137 611 208 672 dare
231 619 265 671 tu
287 619 317 672 et
330 607 397 688 'filie'
417 613 465 672 tur·
485 612 517 670 r'n
538 627 652 672 croam.
686 609 773 681 Quod
796 610 822 672 si
844 609 1022 688 ignorasset,
1046 629 1107 672 non
1128 620 1214 676 autea
1228 611 1292 676 Noe
1311 613 1363 682 laia

137 707 239 772 verbis
254 708 481 778 denuntiasset:
505 709 579 774 Post
594 722 704 790 septem
721 712 783 774 dier
799 729 851 790 epo
867 712 1013 774 adducam
1028 711 1174 776 diluuium
1189 717 1222 775 in
1237 724 1363 777 terrum

139 809 284 884 Quocirca
307 810 333 872 si
355 809 387 872 in
408 810 457 872 die
478 809 529 872 illo
552 809 744 889 significando
767 810 831 873 Noe
854 809 988 891 exemplo
1011 811 1104 874 utitur
1125 812 1247 891 ipseque
1262 815 1364 878 diluvii

139 919 262 972 stererat
283 911 372 984 diem,
395 917 476 972 carte
498 910 543 972 sui
566 929 685 990 quoque
706 910 851 973 adcantus
874 931 934 974 non
955 911 1074 991 ignorat
1094 911 1183 976 diem.

162 1127 166 1130 ·
223 1115 276 1179 46.
321 1111 400 1186 Quin
429 1111 516 1176 etiam
545 1111 577 1175 in
606 1113 665 1172 tine
687 1111 843 1191 parabolae
866 1113 1020 1193 Virginem
1041 1113 1173 1196 apertius
1195 1111 1363 1184 declaravit,

138 1213 259 1294 qrrinam
281 1213 357 1288 siut,
386 1213 437 1292 qni
460 1213 538 1276 diem
561 1221 592 1274 et
613 1213 717 1276 horam
740 1213 818 1276 illam
841 1214 993 1296 ignorent,
1024 1231 1090 1276 cum
1113 1212 1201 1281 tint:
1242 1213 1365 1294 Vigilate

137 1320 253 1395 itaque,
287 1320 357 1396 pura
387 1319 508 1378 nescitis
538 1317 614 1378 dcem
636 1333 730 1396 nepae
752 1315 868 1378 lorum.
911 1315 942 1377 ls
963 1333 1088 1393 nempe,
1115 1314 1166 1394 qui
1187 1314 1275 1394 paulo
1296 1323 1365 1376 anta

137 1416 266 1478 dixerat:
288 1433 374 1478 nemo
396 1419 481 1478 nouit
503 1434 597 1496 aepue
619 1415 725 1486 Filius,
749 1433 829 1478 nune
849 1433 909 1478 nun
932 1415 987 1478 ait:
1009 1415 1072 1494 Ego
1095 1416 1206 1489 nescio,
1229 1417 1282 1478 sed
1303 1416 1365 1478 vos

137 1518 270 1580 nasutis.
315 1515 458 1580 Similiter
489 1516 579 1595 igitur
612 1516 766 1596 discipulis
796 1517 833 1580 do
862 1517 921 1578 ime
949 1516 1171 1580 sciscitantibus
1193 1525 1273 1580 recte
1295 1525 1366 1580 tunc
1394 1587 1398 1594 ,

139 1618 302 1681 secundum
324 1635 442 1682 carnem
463 1625 589 1696 prepter
610 1635 719 1696 corpus
737 1617 810 1678 dixit
824 1636 919 1698 argue
936 1617 1042 1686 Filius,
1066 1624 1099 1680 ut
1112 1635 1219 1697 nempe
1233 1618 1365 1694 doceret,

138 1738 172 1780 se
195 1727 228 1782 ut
248 1718 400 1782 hominem
423 1737 484 1780 non
506 1737 609 1780 nosse.
654 1718 819 1780 Hominum
836 1717 947 1800 quippe
968 1718 1124 1799 proprium
1147 1707 1194 1780 eat
1215 1718 1364 1798 ignorare.

137 1820 176 1883 lit
197 1839 267 1882 vero
291 1820 317 1882 si
338 1819 466 1884 Verbum
487 1819 536 1882 ille
566 1827 627 1892 est,
662 1821 687 1880 si
716 1819 794 1881 idern
817 1819 882 1900 ipss
905 1829 1045 1884 venustus
1075 1827 1137 1892 est,
1171 1819 1198 1881 si
1225 1819 1312 1884 iudex
1336 1828 1367 1884 et

137 1941 271 2003 sponsus
301 1930 362 1996 est,
392 1922 477 1984 novit
505 1921 622 2000 utique,
646 1921 764 2000 quando
788 1931 817 1984 at
838 1939 895 2001 qua
917 1920 992 1982 hora
1015 1927 1158 1984 uenturus
1180 1928 1210 1981 et
1231 1919 1364 1984 dicturus

138 2033 201 2086 est:
223 2024 322 2104 Surge
343 2029 396 2105 qui
415 2025 529 2088 dormio
553 2035 581 2086 et
603 2042 716 2102 emerge
738 2027 911 2093 amortuis,
935 2031 963 2085 et
979 2021 1130 2086 illucescet
1145 2021 1201 2084 u'tt
1215 2021 1365 2086 aturrus.

136 2125 211 2188 Nam
233 2125 481 2204 quemadmodum
502 2125 597 2188 lactus
620 2123 709 2186 horno
725 2143 792 2186 curn
807 2123 980 2186 horninibus
996 2122 1099 2196 esurit,
1122 2121 1185 2188 sitit
1199 2133 1230 2186 et
1244 2123 1365 2202 patitur,

137 2227 178 2288 ita
199 2227 310 2306 pariter
332 2245 397 2290 cum
420 2226 592 2288 nominans
615 2235 648 2288 nt
669 2225 760 2286 homo
790 2229 850 2286 nori
879 2223 978 2298 novit:
1011 2234 1040 2288 at
1068 2241 1135 2288 eum
1164 2224 1204 2288 sit
1225 2224 1255 2285 in
1277 2224 1365 2294 Patre

136 2328 267 2390 Verbum
289 2335 319 2390 et
339 2326 499 2406 Sapientia,
522 2325 686 2390 secundnm
708 2325 891 2387 divinitatem
913 2325 1004 2397 novit,
1027 2324 1159 2405 nihilque
1175 2343 1302 2405 prorsus
1318 2333 1366 2386 est

136 2429 215 2509 quod
237 2427 358 2492 nesciat.
393 2427 444 2490 Sic
465 2427 502 2490 dc
524 2426 637 2490 Lazaro
661 2435 693 2490 ut
714 2426 804 2488 homo
827 2427 1001 2505 interrogat,
1024 2443 1091 2488 oum
1115 2434 1212 2488 umen
1235 2424 1311 2503 ipse,
1332 2433 1366 2488 ut

137 2549 206 2591 eum
227 2549 245 2590 a
266 2527 394 2590 mortuis
424 2527 580 2602 ereimrct,
616 2527 864 2608 progrederetur,
897 2527 1046 2606 sciretque
1068 2525 1216 2588 undenam
1238 2524 1364 2588 animam
1397 2543 1400 2554 ’

139 2629 204 2690 eius
224 2637 392 2688 revocaret:
414 2627 496 2706 atqui
517 2629 611 2692 maius
634 2627 743 2708 aliquid
766 2637 810 2690 est
832 2645 1032 2708 cognoscere,
1056 2625 1174 2688 ubinam
1197 2623 1237 2685 sit
1258 2623 1364 2696 anima.
1402 2655 1406 2662 ·

138 2745 229 2809 quam
250 2724 301 2788 'ubi
324 2743 433 2804 corpus
454 2727 557 2790 iaceat.
600 2730 708 2792 Verum
742 2742 887 2809 quatenus
915 2729 1007 2790 homo
1040 2725 1300 2806 percunctabatur,
1335 2711 1368 2786 ut

137 2830 227 2890 vitam
248 2825 362 2888 Lazaro
385 2834 532 2907 tamquam
553 2829 633 2891 Dens
662 2831 807 2894 redderet.
852 2831 902 2894 Sic
930 2829 1000 2892 item
1027 2845 1094 2890 eum
1116 2827 1147 2888 in
1167 2835 1267 2905 partes
1290 2825 1450 2888 Cae-asae.

136 2948 242 2992 saraae
265 2927 406 3000 venisset,
430 2928 620 3008 interrogarit
635 2931 807 3010 discipulos,
831 2930 950 2992 tametsi
965 2929 1006 3002 id,
1029 2927 1066 2990 de
1081 2945 1141 3006 que
1155 2924 1365 3006 interrogabat,

136 3042 206 3096 ante
229 3028 308 3091 Petri
330 3045 511 3108 responsum
534 3031 634 3094 sciret.
668 3031 784 3094 Etenim
806 3031 833 3094 si
854 3031 943 3092 Pater
964 3029 1053 3092 Petro
1076 3047 1120 3100 ea,
1143 3045 1218 3108 quae
1240 3043 1366 3106 quaere-

136 3134 189 3196 bat
209 3130 315 3202 Filius,
337 3129 486 3210 patclecit,
509 3149 570 3192 non
592 3132 713 3196 dubium
736 3141 783 3194 est
804 3131 876 3211 quin
892 3149 946 3209 par
959 3130 1066 3194 Filium
1081 3131 1192 3194 luerint
1212 3130 1366 3209 patefacta.

138 3233 231 3296 Nemo
253 3230 343 3306 enim,
366 3230 471 3312 inquit,
494 3238 581 3296 uouit
601 3232 712 3296 Filium
733 3237 796 3294 uisi
814 3231 922 3303 Potor,
944 3242 974 3295 rt
988 3231 1117 3296 ‚torreo
1139 3235 1202 3294 oiri
1221 3230 1316 3293 Filius
1338 3240 1368 3294 ct
1460 3249 1465 3258 ·

141 3339 193 3398 rui
217 3333 313 3396 Filius
344 3333 478 3396 voluerit
506 3333 652 3396 revelare.
695 3333 826 3398 Proinde
850 3334 876 3396 si
887 3333 995 3396 ‘Patris
1018 3343 1048 3394 et
1069 3331 1134 3394 Filii
1157 3330 1288 3412 cognitio
1310 3349 1365 3412 per

140 3485 233 3536 mediis.
275 3484 364 3533 lhidern
390 3499 448 3534 mss.
471 3479 534 3550 περὶ
557 3483 607 3534 rori
629 3481 727 3538 τέλους.
815 3485 829 3534 i.
855 3485 910 3548 lleg.
934 3485 953 3534 l.
978 3485 1078 3546 Seguer.
1104 3485 1201 3534 Goblrr.
1220 3493 1243 3533 et
1262 3483 1367 3533 Felclm.

139 3554 202 3604 Editi
219 3545 283 3615 nupt
299 3548 398 3605 siloae.
782 3547 977 3604 1.ontuonrl.
1019 3553 1070 3604 ilar
1096 3553 1153 3612 dog.
1180 3552 1201 3602 l.
1227 3561 1248 3602 at
1267 3553 1368 3613 Segnsr.

174 3637 194 3669 o.
213 3621 270 3680 Rog.
281 3619 301 3668 l.
321 3630 342 3670 et
356 3621 455 3682 Segner.
473 3613 536 3668 τότε
551 3615 596 3668 καὶ
615 3614 645 3668 τὸ
664 3613 728 3672 οὐδὲ
778 3611 988 3681 demoliantur.
1007 3619 1051 3670 lllii
1062 3629 1085 3670 et
1096 3610 1364 3670 editiciuuaoiiorrut.

138 3679 197 3739 ”²55
221 3687 339 3750 lldssffllull
364 3689 451 3737 lbldsslss
476 3696 500 3737 ⁰²
524 3683 580 3749 flli-
605 3687 628 3737 ²·
655 3689 725 3738 ¹³³⁸''l1
777 3735 781 3745 ·
813 3707 834 3754 ir.
861 3707 964 3755 l'elclm.
989 3705 1013 3754 2.
1038 3714 1062 3753 et
1086 3705 1159 3752 editio
1179 3702 1296 3753 Commal.
1313 3699 1367 3750 nori

140 3756 230 3812 anglie.
254 3755 352 3804 Goblrr.
377 3764 402 3805 et
424 3755 528 3804 Falctrn.
548 3756 569 3805 t.
593 3755 727 3822 capreriis
780 3763 794 3830 ἢ
880 3765 896 3820 ’,
933 3763 1367 3832 n01u03,1.ots'aguar.izrerr

140 3813 230 3870 διὰτὸ
244 3820 332 3885 σῶμα,
369 3815 727 3877 conscientiarium&
780 3832 810 3884 ,ὁ
830 3851 918 3902 mm,
954 3842 982 3887 μ
1000 3839 1039 3886 ,pp
1059 3847 1082 3886 gp
1100 3836 1156 3886 edm
1174 3827 1259 3886 lum
1278 3837 1366 3904 σῶμα,

139 3883 207 3944 υἱὸς,
226 3881 274 3936 διὰ
291 3879 324 3934 τό
343 3885 432 3952 σῶμα.

176 3957 191 4006 l.
218 3957 274 4017 Reg.
295 3955 317 4003 l.
336 3963 359 4004 at
377 3957 449 4016 Sego.
468 3945 550 4005 αὐτὸς
567 3945 581 4000 ὃ
599 3957 727 4020 νυμφίος.

139 4025 185 4074 tttt
204 4029 227 4074 et
246 4021 303 4072 aditi
320 4013 404 4074 odric
419 4015 547 4087 raptu-ior.

173 4105 197 4153 g.
209 4091 309 4152 Segncr.
326 4082 423 4154 ἔγειρε,
443 4089 566 4138 mandore.
593 4086 646 4136 llos
664 4087 727 4138 idam

139 4168 164 4208 et
172 4159 228 4220 lteg.
239 4157 259 4207 l.
268 4158 457 4236 qmittantrarba
468 4149 514 4204 arci
524 4145 673 4220 ἐπιφαύσει
682 4165 728 4203 σοι

140 4220 315 4356 §goffia
334 4292 470 4353 gpsggm
488 4287 545 4339 ης,
563 4280 728 4358 ἀνθρώπων,
815 4288 846 4322 m.
865 4273 905 4324 Sic
924 4281 1024 4338 uterque
1042 4275 1098 4337 Reg'.
1113 4275 1246 4338 etSegner.
1280 4281 1309 4326 nt
1326 4275 1367 4328 alii

138 4361 167 4411 ln
185 4361 241 4411 aliis
259 4370 283 4411 at
300 4361 371 4410 editis
388 4360 456 4410 derat
475 4357 538 4408 teir.
582 4355 655 4408 Panlo
674 4367 731 4423 post
780 4349 803 4392 ⁶²
820 4341 877 4392 “¹5¹5
896 4339 934 4406 ³43
953 4343 1072 4392 millum·
1342 4409 1345 4417 Δ

140 4429 197 4486 tter·
220 4429 240 4478 ¹·
259 4430 394 4488 asseuer-
412 4425 511 4481 aanor
528 4421 557 4476 rt
575 4417 605 4476 tv
622 4425 661 4491 aa
678 4441 729 4475 ns·
814 4441 836 4474 n.
856 4427 911 4488 neg.
925 4427 946 4476 t.
965 4428 981 4478 s
1014 4443 1064 4479 aar.
1083 4428 1366 4480 orerecurrunt.
1440 4469 1445 4476 .

138 4487 186 4574 ¹32
198 4485 250 4609 z:ir
271 4487 383 4574 ᾖόγος,ἱ
404 4495 449 4610 dolzii
467 4495 566 4573 at'editi
583 4493 683 4550 drircir
699 4489 728 4544 di
779 4475 894 4627 355ss7st
918 4485 1163 4612 gidcdnrrozzalrirpp.
1201 4495 1261 4546 Editi
1279 4477 1302 4560 pl
1319 4487 1368 4544 ἐὰν

139 4575 181 4608 ‘¹⁸²‘
245 4576 260 4610 τ
288 4576 356 4612 παῖ
375 4575 395 4618 t,
549 4595 555 4612 ·
897 4575 939 4610 uto
1012 4575 1043 4610 mr
1078 4579 1093 4610 o
1119 4577 1156 4612 αι.

177 4637 190 4664 ⁰
261 4575 283 4627 e
337 4577 373 4628 a
436 4557 548 4630 eteros
861 4575 878 4642 ρ
939 4575 955 4616 a
1095 4567 1118 4624 ψ

761 3979 763 3985 ¹
815 3920 830 3970 Ι.
855 3921 897 3969 Sic
914 3921 970 3982 Reg.
988 3920 1008 3968 l.
1027 3921 1168 3982 Segnerion.
1188 3921 1326 3972 Goblerian.
1344 3929 1369 3972 et

778 3985 886 4036 Frlclrnr.
898 3986 920 4036 l.
944 3987 1023 4036 ttulii
1042 3995 1065 4035 et
1078 3987 1134 4038 editi
1152 3979 1281 4054 ἐπερωτᾷ.
1307 3991 1367 4040 llrid.

779 4053 835 4116 lleg.
857 4053 879 4101 l.
898 4061 920 4102 rt
939 4055 1037 4115 Sagoar.
1056 4044 1102 4102 ἵνα
1119 4047 1165 4102 καὶ
1182 4053 1287 4110 dr't'rtoic.
1313 4057 1367 4108 ilos

778 4121 919 4236 gablariru.
937 4129 962 4171 et
979 4121 1083 4173 retain.
1105 4122 1127 4172 l.
1149 4117 1226 4191 παρὰ
1243 4123 1299 4172 τῶν
1315 4139 1367 4194 μα-

800 4201 881 4250 ntur.
