3236 5286
239 369 304 434 m
525 375 529 390 ·
639 385 667 428 ι.
681 383 836 428 ιυτιιιιιιι
850 382 1075 429 ιτοιαιιυιιοοει

153 551 230 596 κιο.
324 537 375 600 38.
420 531 462 597 El
492 526 604 597 τοίνυν
633 525 721 596 οὑτω
750 527 808 597 καὶ
833 527 893 594 τὸν
915 531 1048 614 σωτῆρα
1066 527 1232 613 ’λίγαυσι,
1255 528 1474 614 δειχθήσεται

237 632 321 718 μήτε
342 627 503 718 ύληθινὸς
523 629 606 717 μήτε
626 628 709 708 θεὸς
730 629 813 718 μήτε
836 602 915 708 υίός,
938 629 1021 717 μήτε
1043 625 1159 712 ὅμοιος
1179 631 1227 715 τῷ
1249 636 1362 716 πατρί,
1385 631 1473 720 μήτε

239 729 326 812 ὑλως
354 734 413 797 τοῦ
442 727 529 800 εἶναι
555 725 623 797 κατ’
647 725 765 798 σύσίαν
787 735 916 816 πατέρα
938 729 1019 812 ἔχων
1041 727 1204 796 τὸνθεόν
1226 724 1309 798 ἀλλὰ
1330 735 1389 818 τῆς
1411 734 1473 800 δα-

238 839 359 920 θείσης
380 826 470 917 αύτῷ
492 830 596 918 μόνης
615 829 759 917 χάριτος,
782 833 841 896 τού
864 832 901 898 δὲ
923 825 1010 898 είυαι
1030 824 1098 902 κατ’
1122 825 1239 898 οὑσίαν
1260 837 1394 919 κτίστην
1409 833 1471 902 τὸν

238 932 321 1004 θεὸν
333 927 682 1019 καθ’,όμοιόυητυρτιῦν
693 931 829 998 πάντων
842 933 932 1014 λ’χων.
962 935 1114 1009 τοιοῦτος
1132 932 1168 998 δὲ
1185 929 1242 1011 (όν,
1257 927 1330 1000 οἷον
1351 923 1470 1002 1ὀὑτοι

239 1035 380 1118 λέγουσι,
404 1031 589 1120 φανήσεται
610 1033 736 1116 μᾶλλον
754 1033 841 1120 μηδὲ
862 1031 899 1112 ίξ
919 1030 1018 1154 όρχῆς
1040 1030 1182 1119 ἐσχηκὼς
1202 1031 1243 1100 τὸ
1265 1031 1372 1118 όνομα
1381 1034 1475 1158 viiic:

239 1134 307 1220 είγι
334 1137 433 1200 τούτο
461 1136 529 1202 τῶν
551 1133 653 1220 ἔργων
676 1133 831 1201 ἔπαθλον
852 1133 927 1216 ἔσχε
946 1133 1003 1200 καὶ
1024 1135 1215 1220 προκοπῆς,
1245 1128 1304 1202 σύκ
1326 1130 1472 1223 ἄλληςῆ

239 1237 298 1356 τῆς
320 1231 376 1303 διε
396 1239 527 1321 γέγονεν
548 1232 733 1322 ἄνθρωπος
746 1233 876 1356 κοίτην
889 1257 948 1302 του
932 1232 1083 1301 ’δούλου
1097 1233 1231 1322 μορφήν
1252 1229 1443 1323 ιἀνέλαβενΙ
1447 1250 1467 1312 ).

232 1335 315 1418 τότε
335 1335 397 1423 γάρ
419 1331 564 1423 ἐστιν,“
544 1359 601 1404 οτι
621 1329 795 1422 γενόμενος
814 1332 961 1422 ὑπήκοος
974 1341 1070 1423 μέχρι
1082 1335 1264 1415 θανάτου)
1286 1331 1468 1422 ὑπερυψῶ-

239 1443 327 1506 σθαι
358 1439 488 1523 λέγεται
516 1417 572 1507 καί
597 1436 695 1523 χάριν
723 1435 949 1526 εἰληφέναι
915 1461 955 1504 το
978 1435 1098 1560 ύνρμα,
1125 1436 1182 1506 ἵνα
1203 1436 1237 1504 ἐν
1258 1439 1306 1521 τῷ
1327 1430 1468 1520 ὀνόματι

235 1534 340 1626 ’ίησοὺ
369 1537 486 1626 κάμψῃ
512 1542 582 1607 πᾶν
603 1537 722 1626 γόνυ).
765 1543 801 1605 τί
821 1527 879 1606 οὑν
899 1527 940 1623 ἦν
962 1537 1029 1625 πρὸ
1050 1538 1186 1618 τούτου,
1210 1536 1297 1604 εί
1260 1563 1317 1604 νυν
1337 1531 1466 1626 ὑψώθη

238 1643 293 1708 καί
316 1641 373 1708 νύν
394 1638 517 1726 ῆρξατο
538 1643 802 1726 προςκυνεῖσθυιι
822 1637 900 1706 ’καὶ
927 1641 985 1706 νύν
1008 1639 1080 1718 υἱὸς
1087 1638 1234 1761 ἐλέχθη,
1259 1634 1314 1706 ὅτε
1334 1643 1466 1724 γίγονεν

239 1740 442 1829 ύνθρωποςς
469 1746 625 1829 φαίνεται
644 1739 707 1862 γὰρ
728 1741 832 1825 μηδὲν
852 1739 1037 1826 βελτιύσας
1058 1763 1158 1820 αυτος
1170 1765 1228 1825 την
1244 1737 1357 1826 σάρκα,
1380 1733 1466 1806 ἀλλὰ

239 1845 365 1966 μύλλων
385 1841 488 1920 αὑτὸς
509 1837 558 1909 δι
582 1838 683 1930 αὑτῆς
703 1842 917 1928 βελτιωθείς,
940 1842 1008 1928 ι’ίγι
1028 1841 1112 1909 κατὰ
1132 1840 1190 1928 τῆν
1212 1839 1385 1908 κακόνοιαν
1407 1834 1467 1906 αύ-

238 1947 306 2013 τῶν
326 1943 403 2011 τότε
424 1939 551 2031 ὑψιόθη
572 1945 626 2010 καὶ
649 1942 721 2023 υίὸς
744 1939 913 2064 ἐλέχθη(
899 1939 956 2010 ότι
976 1948 1106 2029 γέγονεν
1128 1940 1322 2028 ἄνθρωπος.
1351 1947 1387 2008 τί
1408 1931 1468 2008 σύν

238 2035 278 2132 ῆν
299 2043 368 2132 πρὸ
390 2042 528 2126 τούτους
560 2043 663 2112 πόλιν
664 2043 746 2165 ,γὰρ
769 2038 890 2126 αὑτούς
911 2038 1078 2130 ἔρωτᾷν’
1059 2043 1191 2130 ανᾶγκη,
1215 2045 1272 2111 ἵνα
1293 2046 1347 2111 καί
1361 2042 1400 2109 τὸ
1414 2047 1468 2108 τί·

239 2147 297 2224 λος
324 2147 383 2233 τῆς
409 2138 564 2230 ἀσεβείας
592 2139 700 2212 αύτιὺν
726 2146 900 2230 θεωρηθῇ.
945 2143 975 2209 εἰ
1002 2142 1065 2230 γάρ
1088 2140 1219 2211 ίστιν“
1201 2169 1221 2210 ο
1241 2143 1466 2231 κύριοςθεός,

239 2244 320 2325 υίός,
343 2244 449 2332 λόγος,
473 2239 531 2312 οὑκ
553 2235 593 2332 ῆν
615 2247 651 2313 δὲ
673 2248 778 2314 ταῦτα
791 2242 866 2329 ,πρὸ
883 2246 948 2310 ’τού
969 2249 1101 2332 γίνηται
1123 2241 1327 2330 ἅνθρωπος·
1348 2239 1467 2331 ἢόὶλλο

238 2372 273 2413 τι
294 2337 447 2434 ἦνπαρὰ
467 2350 572 2414 ταῦτα
593 2349 647 2414 καί
668 2343 806 2431 ὑστερσν
827 2344 952 2412 τούτων
975 2344 1010 2424 ἐξ
1031 2340 1149 2432 άρετῆς
1168 2351 1333 2429 μετέσχεν,
1357 2342 1467 2432 ὥςπερ

182 2507 186 2512 .
238 2449 414 2533 ἐ’ίπαμεν,
445 2442 468 2536 ῆ
494 2445 534 2514 τό
563 2448 689 2534 ἕτερον,
725 2444 810 2532 ὅπερ
840 2446 973 2526 εἰςτὰς
994 2444 1123 2513 ἐκείνων
1145 2446 1293 2534 κεφαλὰς
1312 2453 1466 2532 τραπείη,

238 2543 359 2637 ἄνᾶγτιη
381 2551 486 2636 λέγειν
508 2545 638 2632 αὑτούς,
661 2550 744 2636 μηδὲ
767 2543 854 2616 εἶναι
874 2545 943 2634 πρὸ
965 2546 1082 2614 τούτου
1100 2543 1209 2627 αὑτόν,
1233 2542 1317 2614 ἄλλό
1331 2544 1370 2612 τὸ
1387 2541 1466 2612 όλον

236 2647 439 2738 ’ἄνθρωπον
461 2645 548 2718 εἶναι
570 2650 670 2738 φύσει
690 2652 744 2716 καί
766 2650 870 2736 μηδὲν
892 2650 1004 2716 πλέον.
1036 2642 1103 2716 ἄλλ’
1123 2643 1180 2716 ούκ
1201 2648 1272 2715 ἔστι
1292 2649 1391 2712 τοῦτο
1406 2649 1468 2734 τῆς

239 2750 418 2840 δισδησίας,
440 2754 500 2818 τού
522 2752 557 2818 δὲ
572 2756 794 2836 Σαμοσατίως
817 2748 888 2817 ἐστὶ
908 2753 963 2816 καί
985 2753 1052 2817 τῶν
1075 2753 1130 2816 νύν
1148 2747 1312 2816 Ἰουδαίων
1327 2747 1367 2814 τὸ
1382 2747 1469 2836 φρό-

238 2878 334 2942 νημα.
369 2852 460 2926 διατί
482 2842 539 2920 οὖν
559 2851 602 2920 τό
624 2852 755 2921 ἐκείνων
776 2853 975 2940 φρονοῦντες
990 2846 1061 2934 ούχί
1076 2851 1132 2919 καὶ
1145 2845 1357 2930 ιὺςἹουδαῖυι
1371 2873 1469 2934 περι-

153 2961 429 3041 piissimum,
462 2948 532 3022 ἄλλ’
555 2948 792 3040 ὑποκρίνονται
812 2951 871 3018 τὸν
891 2951 1159 3037 Χριστιανισμὸν
1180 2951 1236 3018 καί
1257 2949 1343 3037 πρὸς
1365 2944 1467 3017 αὑτὸν

240 3056 352 3141 θχουσι
373 3054 432 3142 τῆν
453 3053 576 3144 μόχηνς
600 3054 629 3123 εἰ
649 3053 712 3142 γὰρ
735 3045 793 3120 οὑκ
813 3043 861 3140 ἦν,
884 3047 906 3138 ή
927 3043 966 3140 ῆν
980 3059 1051 3136 μέν,
1068 3052 1252 3140 ίβελτιούθη
1269 3053 1304 3120 δὲ
1319 3048 1467 3137 ὕστερον,

239 3161 315 3238 πῶς
337 3151 378 3224 δι’
400 3151 505 3224 αὑτοῦ
526 3163 637 3242 γίγονε
657 3155 700 3225 τὰ
721 3154 842 3235 πάντα,
863 3148 886 3240 ἢ
906 3157 981 3232 πῶς
1002 3152 1164 3239 ἐντούτῳ,
1179 3153 1234 3220 *εί
1241 3177 1278 3238 γε
1285 3152 1331 3241 μῆ
1343 3154 1468 3230 τίλεως

239 3245 295 3340 ῆν,
324 3261 538 3343 προςέχαιρεν
567 3253 738 3344 ὑπατήρ,·
769 3259 824 3324 καί
846 3251 946 3335 αὑτὸς
969 3256 1004 3322 δὲ
1027 3253 1056 3322 εί
1078 3257 1135 3321 νῦν
1158 3253 1360 3340 ἒβελτιιόθη,
1393 3256 1467 3329 πῶς

239 3353 308 3441 πρὸ
336 3355 455 3422 τούτου
482 3353 682 3446 ήυφραίνετυ
712 3355 746 3424 ἐν
773 3355 944 3443 προςιύπῳ
966 3361 1044 3424 ΙΙτοὺ
1073 3354 1249 3441 πατρόςἿξ
1282 3359 1356 3432 πῶς
1378 3354 1414 3420 δὲ
1435 3352 1467 3420 εἰ

239 3454 325 3540 μετὰ
351 3454 409 3522 τόν
436 3455 586 3524 θάνατον
615 3457 712 3541 ἔλαβε
733 3454 773 3520 τὸ
794 3464 1070 3540 προςκυνεῖσθαι,
1101 3462 1256 3546 φαίνεται
1278 3451 1468 3540 δἈβραὰμ

240 3553 341 3625 αὑτὸν
364 3555 398 3623 ἐν
419 3558 459 3642 τῇ
481 3558 581 3644 σκηνῇ
603 3558 822 3641 προςκυνῶν)
844 3560 899 3623 καί
920 3561 1051 3645 Μωσῆς
1073 3557 1107 3627 ἒν
1128 3561 1168 3646 τῇ
1190 3557 1322 3644 βάτῳ),
1345 3550 1468 3633 καλιάς

240 3653 310 3728 εἶδε
329 3655 486 3744 Δανιήλῳ
507 3655 626 3741 μύριαι
655 3653 813 3741 μυριάδες
842 3655 899 3726 καὶ
927 3660 1032 3742 χίλιαι
1062 3659 1209 3741 χιλιάδες
1243 3656 1467 3743 ἐλειτούργουν

239 3755 378 3846 «icem,-
411 3763 485 3839 πῶς
508 3759 544 3827 δὲ
567 3757 597 3826 εί
618 3759 675 3824 νύν
696 3752 764 3824 κατ’
789 3754 908 3837 αὐτούς
930 3759 1003 3840 ἔσχε
1023 3757 1083 3845 τήν
1104 3761 1296 3844 βελτίωσιν,
1318 3761 1377 3845 τῆς
1396 3755 1466 3842 πρὸ

240 3861 365 3947 κόσμου
386 3865 439 3929 καί
460 3863 533 3948 ἰτῆς
552 3856 778 3947 ὑπερκοσμίου
801 3859 898 3946 δόξης
920 3859 1038 3928 ἑαυτοῦ
1058 3860 1270 3947 μνημονεύων
1286 3860 1392 3945 ἔλεγεν
1408 3851 1483 3924 οὑν

240 3961 299 4042 τός
320 3958 339 4030 ό
359 3961 447 4058 υἱός·
470 3961 611 4043 δόξασόν
632 3988 674 4048 με
696 3959 745 4042 σύ,
770 3959 886 4046 πάτερ,
909 3965 948 4050 τῇ
972 3959 1061 4048 δόξῃ,
1084 3949 1214 4048 ῇεῖχον
1236 3961 1304 4048 πρὸ
1326 3962 1385 4028 τοῦ
1408 3957 1467 4024 τὸν

311 4169 336 4230 1)
360 4168 446 4231 Philip.
465 4167 489 4228 2,
508 4169 532 4218 ’1.
618 4167 643 4226 2)
670 4167 756 4232 Philip.
775 4165 800 4226 2,
819 4165 843 4216 8.
930 4168 955 4225 3)
975 4167 1061 4232 Philip.
1081 4165 1105 4228 2,
1126 4165 1165 4216 10.
1251 4166 1278 4226 4)
1296 4167 1365 4217 Prov.
1384 4163 1408 4228 8,
1426 4162 1468 4214 30.

241 4235 268 4297 ό)
286 4237 373 4288 Ganos.
393 4235 432 4297 18,
451 4234 475 4284 2.
545 4235 570 4295 6)
590 4235 664 4285 Exod.
684 4234 707 4283 3.
778 4203 880 4294 ἵ)ί)ιο.
901 4233 925 4296 7,
946 4233 985 4284 ¹0.

274 4403 297 4438 ι.
315 4389 378 4449 θιςυ
380 4400 415 4436 αι.
436 4379 555 4434 θέλουσι·
915 4402 935 4436 c.
954 4385 1000 4447 Seg
1002 4399 1053 4435 uer.
1071 4377 1157 4448 ἔλαβε.

274 4455 299 4503 b.
317 4455 417 4516 Senior.
436 4453 532 4502 Gobier.
551 4450 691 4501 etFeickm.
704 4440 726 4499 1.'
741 4440 828 4498 αύτοί.
913 4453 937 4504 d
955 4449 1345 4532 ειχυιι.ῦρυ1ιι.ιιίιιιιιω.1
1357 4442 1471 4498 καίνὺν

239 4521 302 4572 Editi
320 4529 344 4572 τι
362 4520 402 4572 ulii
421 4503 505 4570 οὑτοι.
540 4520 631 4569 Ibidem
647 4511 829 4583 μᾶλλονιόειι
879 4512 944 4573 υἱός
981 4519 1042 4570 Edili
1059 4515 1105 4568 καὶ
1122 4512 1187 4574 viiic·

240 4591 371 4654 ιθιςιιιι.
914 4601 935 4636 ι.
955 4587 1053 4648 signer.
1072 4599 1192 4654 ειπομεν.
