3176 5304
672 357 845 403 amorra.
1174 323 1181 334 ⁵
1331 343 1374 406 All

107 507 292 583 hmtia,
339 508 473 572 studium
506 507 644 570 iuvidiam
683 499 860 572 adrersaiiis
893 507 1013 572 meandi
1043 527 1079 570 ex
1110 508 1375 572 consectationibus

105 611 281 690 ipsosque
308 629 366 692 per
385 612 441 672 has
463 610 628 672 lacessendi
648 609 685 671 ad
708 628 828 672 errores
851 627 924 672 snos
947 609 1146 680 evomendos,
1168 609 1372 672 confirmatio·

103 729 178 773 nem
222 713 382 774 saltatis
405 731 441 772 ex
463 710 629 782 miraculis,
660 710 740 772 velot
761 729 797 772 er
829 710 973 772 miraculo
1007 711 1114 772 mortis
1145 711 1221 782 Arii,
1253 712 1290 772 de
1312 711 1373 791 que

102 813 322 876 Athanasius
338 813 369 873 in
384 831 433 892 ep.
448 811 485 872 ad
500 810 694 890 Serapionem
709 812 831 874 tratrem
847 811 926 891 Opp.
943 811 1030 874 Tam.
1045 811 1069 872 l.
1085 829 1115 890 p.
1127 812 1201 874 269.
1216 813 1263 873 ed.
1274 813 1371 874 Pater.

26 924 31 1034 l
104 913 225 976 Taceo
256 914 356 994 plura
378 913 503 974 istorum
525 911 645 985 similia,
668 931 743 990 quae
764 912 873 991 partim
894 911 947 974 itta
962 912 1018 975 iam
1042 921 1177 992 tempore
1193 911 1224 972 in
1238 911 1303 972 aliia
1325 913 1374 974 in-

23 1049 29 1132 f
102 1015 274 1096 crepavit
300 1013 462 1093 Gregorius
483 1013 687 1076 Nazianzenus
714 1031 771 1076 nec
800 1021 898 1075 tamen
921 1033 955 1075 se
977 1015 1074 1094 ipsum
1097 1012 1134 1074 ab
1156 1012 1265 1074 iisdem
1287 1031 1374 1092 pror-

20 1139 25 1236 ,
101 1135 164 1178 sus
196 1116 386 1178 immunem
412 1123 566 1194 praestare
594 1113 702 1194 potuit.
747 1113 943 1186 Quodsero.
966 1125 1110 1194 utsupra
1133 1113 1377 1192 significavimus,

18 1280 19 1286 ἵ
102 1217 285 1279 dixerunt
326 1215 468 1290 nonnulli,
501 1215 695 1276 Athanasium
727 1215 758 1276 in
792 1215 911 1294 scriptis
942 1216 1006 1278 suia
1038 1215 1074 1276 ad
1106 1233 1248 1276 nauseam
1282 1232 1378 1293 usque

102 1319 240 1381 eadem
269 1319 336 1378 lere
356 1317 420 1378 aliis
443 1316 541 1378 verbis
562 1325 698 1395 repetere
721 1327 750 1377 et
771 1317 837 1377 sine
858 1316 973 1380 delectu
996 1316 1095 1376 omnia
1116 1316 1266 1394 arripere,
1301 1334 1377 1396 quaa

104 1437 247 1482 canae
265 1437 341 1482 suae
355 1418 453 1498 aliquo
468 1418 559 1479 modo
575 1415 754 1497 patrocinari
769 1416 952 1490 riderentur,
973 1435 1030 1478 nec
1044 1415 1164 1478 madum
1187 1426 1218 1478 et
1237 1417 1376 1480 ordinem

105 1521 230 1582 rebus
257 1519 417 1592 adhihere,
446 1520 546 1598 itaque
574 1518 796 1598 ineloquentia
826 1519 870 1580 rel
900 1519 931 1580 in
953 1537 1011 1580 usu
1032 1537 1066 1580 ac
1087 1518 1202 1582 ratione
1224 1517 1375 1580 scribendi

107 1622 267 1694 Basilio,
286 1621 430 1700 Gregorio
446 1619 630 1682 Nazianzena
653 1619 777 1699 aliisque
799 1619 914 1692 cedere,
938 1620 966 1682 id
988 1619 1088 1700 inique
1103 1639 1139 1682 ac
1161 1629 1272 1681 temere
1294 1619 1374 1682 iudi-

111 1735 241 1786 catum
269 1731 314 1786 est
336 1731 366 1784 et
387 1721 562 1802 peritiorum
585 1720 714 1782 iudicum
745 1721 899 1784 sententiis
930 1722 1107 1782 conlutatur.
1152 1721 1273 1782 Praeter
1293 1721 1375 1782 Pho-

113 1826 214 1887 tinm
244 1825 302 1885 iam
325 1841 405 1885 ame
427 1831 691 1884 commemoratum
713 1822 859 1902 imprimis
881 1821 1045 1884 audiendus
1068 1829 1116 1883 est
1130 1813 1396 1895 montfauconius,

119 1927 333 1988 existimator
354 1925 459 1986 harum
492 1923 657 1985 litterarum
680 1922 786 1984 dectus
809 1933 839 1985 et
859 1923 1044 1999 intelligens,
1072 1923 1155 1984 cuius
1184 1923 1274 1984 verba
1297 1924 1377 2001 quod

118 2027 201 2090 huc
224 2026 419 2105 mansmipsi,
448 2031 563 2104 patum
586 2026 649 2086 lere
671 2043 762 2104 spero
783 2023 945 2086 lectoribus
968 2034 998 2085 et
1019 2023 1099 2084 utile.
1142 2023 1221 2097 „Sed
1244 2023 1376 2103 paulam,

123 2128 253 2208 inquit,
275 2128 349 2190 lihet
370 2127 507 2206 spatiari:
532 2133 562 2187 et
576 2125 642 2204 quia
659 2135 769 2188 tantm
786 2125 903 2187 laudem
920 2123 985 2186 tulit
1000 2124 1185 2200 Athanasius,
1208 2134 1236 2186 et
1257 2125 1376 2204 quidem

124 2248 147 2290 a
191 2229 321 2292 laudatis
350 2227 436 2302 viris,
460 2236 493 2291 ut
521 2227 751 2306 elegantissimis
779 2226 921 2290 Graeciae
948 2225 1145 2306 scriptoribus
1171 2227 1375 2299 anteferretur,

127 2329 206 2392 iam
228 2349 286 2410 qua
308 2329 393 2392 inre
414 2339 582 2409 praestare,
612 2347 668 2407 qua
692 2329 762 2390 item
784 2329 852 2391 aliis
876 2328 1012 2390 nonnihil
1035 2328 1141 2390 cedere
1168 2326 1300 2388 rideatur
1321 2347 1375 2390 ex·

130 2433 331 2511 pendamus3
360 2439 389 2492 et
410 2450 484 2510 quae
507 2430 612 2492 erebro
634 2430 788 2492 Athanasii
815 2431 925 2510 scripta
954 2430 1136 2509 regustande
1164 2429 1374 2508 comperimus,

135 2549 353 2611 proponamus
385 2509 521 2592 studiose
551 2529 664 2592 lectori.
708 2531 810 2592 Primo
845 2531 963 2610 quidem
992 2533 1027 2594 si·
1042 2530 1177 2610 Gregorii
1199 2529 1377 2592 Nazianzeni

140 2632 232 2694 illurn
254 2631 439 2708 quadrandae
470 2631 614 2692 orationis
642 2631 834 2704 industriam,
868 2633 893 2694 si
927 2651 1070 2695 numeros
1092 2641 1227 2712 spectes,
1261 2631 1379 2692 abhoc

154 2729 344 2807 eloquentiae
364 2747 469 2806 genere
492 2730 604 2790 alienus
631 2751 749 2810 semper
778 2734 835 2794 luit
854 2733 1049 2806 Athanasius,
1076 2735 1162 2796 cuius
1191 2731 1282 2792 dictio
1311 2730 1379 2806 plus

155 2827 249 2891 hahet
277 2827 386 2888 hadrae
415 2829 576 2905 elegantiae
601 2848 686 2906 quam
715 2832 892 2892 artificiosae
919 2834 1096 2914 diligentiae.
1141 2831 1180 2892 Et
1209 2831 1235 2889 si
1263 2829 1381 2907 quando

151 2929 203 2992 hic
224 2925 393 3008 plusculum
415 2928 489 2988 artis
511 2927 663 3002 adhibeat,
695 2939 729 2990 ut
750 2931 781 2989 in
803 2930 935 2994 oratione
967 2943 1070 2994 contra
1093 2933 1225 3004 Gentes,
1258 2928 1381 3007 epistola

149 3031 187 3094 ad
210 3030 420 3103 Dracontiuur,
449 3028 585 3110 apologia
614 3030 649 3091 ad
673 3029 895 3106 Constantium
918 3033 954 3093 ita
977 3043 1079 3094 nmen
1101 3029 1203 3092 omnia
1227 3037 1379 3108 temperat,

146 3141 181 3194 ut
203 3131 295 3194 lateat
315 3130 471 3194 artilieiurn
495 3139 525 3192 et
547 3131 642 3192 oratio
665 3149 726 3193 non
750 3130 902 3204 adstricta,
925 3133 979 3192 sed
994 3131 1122 3194 remisse
1145 3147 1300 3193 numerosa
1323 3132 1379 3193 sit:

145 3241 252 3296 cenna
275 3251 344 3294 rere
360 3231 536 3312 Gregorius,
560 3231 635 3293 nitra
651 3231 812 3311 aliquande
835 3250 921 3310 quam
943 3233 1018 3294 satis
1033 3231 1082 3304 sit,
1106 3231 1378 3312 circumscriptione

146 3343 178 3396 et
199 3333 310 3396 ambitu
333 3335 441 3409 utitor,
473 3342 507 3396 ut
539 3334 628 3395 certis
661 3334 797 3396 numeris
829 3332 962 3408 definita,
992 3343 1128 3414 tanquam
1157 3333 1231 3396 orbe
1252 3334 1375 3410 inclusa,

146 3443 250 3498 currat
277 3436 383 3496 oratio.
448 3433 655 3513 chrysostomi
682 3454 771 3508 rere,
802 3434 862 3498 τοῦ
889 3431 946 3499 καὶ
973 3427 1043 3500 ἀπὸ
1069 3431 1216 3520 γλώττης
1241 3435 1377 3518 μέλιτος

143 3535 288 3620 γλυκίων
309 3534 381 3620 ῥέεν
402 3527 495 3620 aridei,
519 3535 598 3598 illam
622 3536 786 3615 expeditam
810 3546 840 3598 et
853 3539 1048 3616 prellueutem
1064 3537 1225 3599 verborum
1247 3539 1377 3618 copiam,

145 3638 356 3700 conmunitatis
377 3638 550 3718 leporisque
569 3636 705 3717 plenam,
726 3655 787 3700 uon
809 3638 932 3718 adtingit
952 3639 1149 3712 Athanasius,
1172 3638 1222 3718 qui
1243 3638 1377 3717 plerum-

146 3759 208 3819 que
228 3757 352 3819 pressus
375 3758 409 3802 ac
429 3738 527 3801 hreris
550 3746 613 3812 cst,
646 3748 678 3801 et
703 3740 817 3802 maiore
838 3741 1071 3813 sententiarum,
1105 3757 1193 3818 quarn
1217 3739 1378 3802 uerborum

145 3840 293 3903 uhertate.
324 3841 431 3902 Verum
453 3840 542 3919 longe
562 3847 696 3921 praestat
716 3841 840 3914 salibus,
868 3842 968 3903 nervis
991 3848 1022 3902 et
1041 3840 1089 3924 τῷ
1117 3833 1239 3924 sirim)
1262 3840 1377 3902 redun-

148 3941 279 4004 dantiam
303 3959 421 4003 amnem
442 3950 608 4002 resecante.
650 3941 795 4002 Nimirum
816 3951 947 4020 possunt
967 3959 1038 4004 esse
1069 3941 1195 4014 summi,
1228 3941 1278 4020 qui
1299 3941 1380 4004 inter

148 4059 183 4104 se
205 4042 267 4104 sint
287 4042 466 4105 dissimiles:
488 4043 568 4121 quod
591 4043 620 4102 in
643 4041 811 4120 eloquentia
833 4041 944 4120 pariter
966 4051 995 4104 et
1015 4043 1046 4103 in
1070 4044 1159 4105 mutis
1182 4043 1297 4104 artibus
1319 4041 1376 4104 olr-

148 4151 296 4223 senatur,
334 4143 446 4206 Basilio
479 4151 578 4204 autern
611 4159 700 4204 nemo
732 4141 855 4222 propius
888 4144 924 4205 ad
952 4145 1103 4206 Athanasii
1133 4142 1250 4206 dicendi
1282 4161 1378 4222 genus

149 4243 272 4306 aceedit
316 4247 374 4308 Sed
407 4245 504 4326 praeit
524 4243 573 4305 ille
608 4243 825 4320 elaboratioue;
857 4244 907 4308 hic
927 4244 1016 4325 longe
1046 4254 1179 4326 praestat
1207 4244 1376 4308 enimenin.

148 4343 186 4405 Et
200 4345 257 4406 hac
271 4346 300 4406 iu
315 4353 409 4424 parte,
432 4365 507 4426 quae
524 4345 636 4407 seilicet
650 4365 760 4408 neruos
775 4354 899 4425 spectat,
915 4347 1005 4420 sales,
1028 4345 1237 4420 acrimoniam
1259 4363 1377 4422 omncs,

148 4463 214 4508 mea
236 4445 355 4526 quidem
377 4448 536 4521 sententia,
551 4447 639 4527 louge
660 4445 810 4510 antecellit
823 4447 1002 4510 Athanasius
1024 4455 1129 4527 estque
1144 4447 1245 4510 hocin
1267 4465 1380 4526 genere

146 4549 299 4630 princeps.
340 4547 458 4630 Figuris
486 4557 603 4626 autem„
631 4549 727 4612 sieuhi
755 4549 922 4612 haereticos
950 4549 1129 4624 insectatur,
1156 4551 1298 4628 lrequans
1322 4553 1383 4618 est,
