3258 5276
583 373 691 420 omaro
706 377 727 419 1.
745 376 861 420 conrru
875 377 1013 421 emines.
1349 364 1412 429 281

181 517 256 592 iuria
277 525 374 588 allecti
397 509 499 598 eracl,
523 531 593 588 tune
614 525 679 600 ille,
703 527 753 605 qui
775 534 822 590 est
844 527 1018 602 invisibilis,
1048 547 1114 590 cum
1135 530 1339 609 perhumanus
1362 527 1505 606 sitense

180 649 212 692 se
233 635 424 709 praesentem
447 645 503 688 suc
525 626 671 688 beneficio
695 626 823 702 exbibet,
846 628 925 706 quod
948 647 1003 708 per
1023 632 1178 708 proprium
1192 632 1321 694 Verbum
1338 632 1416 696 etin

178 730 244 811 ipso
267 728 381 804 tribuit,
403 747 438 790 ac
459 727 579 790 demum
602 728 638 789 ad
661 727 807 807 cuiusque
828 727 987 790 utilitatem
1009 747 1078 790 sese
1101 733 1301 796 accommodat
1315 733 1417 796 diviua

177 831 363 912 praesentia,
391 829 432 891 ita
454 838 487 892 ut
508 827 635 914 infirmis
658 829 711 892 liat
730 827 841 901 robur,
872 828 990 892 afflictis
1012 828 1159 908 retugium
1182 839 1212 890 et
1232 833 1338 896 domus
1361 854 1413 897 sa-

178 933 261 1006 lutis,
283 931 407 1010 hisque,
431 931 481 1010 qui
502 929 657 1010 patiuntur
678 929 838 1004 iniuriam,
860 929 946 992 dicit:
973 929 1079 992 Adbuc
1102 942 1131 994 te
1153 930 1289 1012 loquente
1312 935 1414 1008 dienen,

179 1033 254 1096 lloce
277 1034 395 1095 adsum.
440 1031 530 1104 Quod
553 1030 643 1112 igitur
664 1032 695 1093 in
716 1029 911 1112 protegendis
934 1029 1060 1111 singulis
1083 1031 1116 1092 lit
1136 1050 1193 1112 per
1212 1033 1338 1107 Filium,
1359 1035 1418 1098 boc

178 1134 273 1196 ileum
295 1131 353 1194 sibi
376 1134 485 1195 laetum
508 1151 578 1196 esse
600 1133 709 1212 singuli
732 1139 888 1207 testantur,
911 1132 978 1212 quia
999 1150 1055 1212 per
1068 1133 1198 1196 Verbum
1221 1135 1254 1196 lit
1275 1135 1417 1200 auxilium

179 1235 217 1296 ab
238 1236 306 1314 ipso
327 1225 401 1296 Deo.
445 1234 508 1296 Nec
528 1252 600 1297 rcro
622 1233 757 1320 insolens
781 1241 829 1296 est
848 1234 927 1296 inter
948 1234 1086 1297 homines
1107 1234 1137 1300 id
1152 1235 1294 1315 loquendi
1311 1255 1417 1315 genus,

180 1335 258 1416 quod
280 1345 394 1400 rectum
418 1354 488 1398 esse
510 1353 600 1398 nemo
624 1353 686 1397 non
708 1334 856 1398 fatebitur.
886 1335 981 1416 Saepe
1003 1335 1149 1416 siquidem
1171 1337 1346 1400 bominibus
1361 1338 1416 1400 ad-

179 1437 320 1500 iutorium
342 1440 451 1500 laetum
474 1444 521 1500 est
541 1437 578 1498 ab
600 1437 784 1500 hominibus.
828 1436 902 1500 Nam
925 1437 999 1499 alius
1021 1438 1074 1512 illi,
1097 1439 1146 1518 qni
1167 1440 1305 1502 iniuriam
1328 1459 1416 1503 acee-

179 1539 233 1620 pit,
256 1557 346 1622 opem
369 1539 445 1614 tulit,
467 1547 502 1600 nt
521 1537 669 1602 Abrabam
692 1539 767 1616 Lot,
789 1537 864 1601 alius
887 1539 1008 1602 domum
1028 1539 1268 1620 persecutionem
1290 1541 1416 1622 fugienti

179 1641 306 1720 aperuit,
330 1648 364 1702 ut
384 1640 494 1703 Abdias
517 1641 586 1702 filiis
608 1641 836 1720 Prophetarum,
860 1639 936 1702 alius
958 1643 1148 1722 peregrinum
1170 1643 1283 1717 reiecit,
1306 1653 1339 1706 ut
1354 1643 1416 1706 Lot

178 1741 325 1818 Angelos,
352 1741 429 1803 alius
451 1741 654 1820 indigentibus
684 1739 884 1822 suppeditavit
911 1743 1098 1818 necessaria,
1129 1753 1163 1806 ut
1190 1742 1244 1804 Iob
1271 1744 1335 1819 bis,
1354 1745 1414 1824 qui

181 1841 333 1922 quidpiam
354 1841 480 1923 abipso
502 1841 655 1920 petebant.
700 1841 957 1915 Quemadmodum
979 1842 1069 1923 igitur
1101 1845 1128 1905 si
1150 1843 1277 1924 singuli,
1306 1845 1357 1924 qui
1379 1845 1415 1906 ab

180 1941 246 2006 aliis
269 1943 437 2024 acceperint
459 1941 618 2018 beneficia,
647 1943 791 2006 dixerint:
819 1943 872 2006 llle
894 1944 966 2006 mibi
989 1946 1082 2006 lactus
1110 1955 1158 2008 est
1185 1946 1324 2020 adiutor,
1352 1943 1415 2007 rel:

178 2045 253 2108 illibi
275 2043 324 2106 ille
346 2044 494 2124 refugium
517 2053 545 2106 et
568 2041 619 2107 isti
641 2045 792 2108 beneficus
816 2047 911 2108 lactus
934 2053 982 2132 est
1002 2037 1188 2122 distributor,
1214 2065 1274 2110 non
1296 2045 1416 2110 initium

180 2150 267 2209 ortds
289 2165 387 2226 neque
409 2154 544 2210 naturam
567 2165 683 2222 eorum,
705 2148 756 2228 qui
777 2146 856 2210 bene
879 2147 916 2208 de
935 2165 969 2208 se
982 2156 1180 2224 mererentur,
1202 2149 1413 2229 significarent,

178 2249 234 2312 sed
256 2257 408 2329 acceptum
431 2248 622 2312 solummodo
645 2249 682 2311 ab
704 2249 749 2312 eis
770 2248 966 2323 beneficium
996 2249 1132 2312 similiter
1158 2269 1225 2312 cum
1248 2251 1348 2314 Sanni
1377 2249 1416 2313 de

176 2350 241 2413 lleo
264 2351 367 2412 dicunt
385 2352 489 2431 sactus
512 2364 558 2414 eet
580 2359 611 2414 et
630 2351 700 2432 fios,
723 2350 837 2412 nullum
861 2353 945 2412 ortds
968 2349 1085 2414 initium
1106 2352 1246 2426 indicant,
1266 2371 1336 2414 nam
1359 2369 1416 2414 nec

177 2451 296 2514 initium
316 2451 396 2516 lleus
417 2453 509 2515 babet
529 2453 624 2516 ullum
645 2469 702 2512 uec
722 2454 818 2513 fanus
840 2451 906 2533 ipse
928 2459 983 2528 est,
1005 2471 1109 2516 rerum
1131 2453 1180 2516 bis
1195 2453 1294 2516 verbis
1317 2451 1415 2534 signi-

177 2552 282 2616 ficatur
303 2554 393 2630 salus,
416 2573 506 2634 quam
527 2551 701 2614 bominibus
723 2553 910 2632 compararit.

268 2955 319 3017 64.
366 2951 482 3026 Quibus
504 2954 544 3014 ita
565 2953 721 3016 intellectis
743 2955 879 3030 efficitur,
902 2964 936 3017 ut
957 2953 1206 3034 quotiescumque
1226 2951 1263 3012 de
1277 2950 1353 3012 Filio
1368 2951 1500 3014 ‹ti-rm.

181 3055 259 3118 citur
278 3055 383 3134 sortus
406 3064 452 3117 est
474 3063 504 3115 et
524 3055 596 3136 fios,
619 3056 722 3128 eodem
745 3057 908 3136 explicetur
929 3055 1032 3128 modo,
1055 3053 1096 3112 ita
1118 3058 1172 3124 ut,
1196 3069 1262 3112 cum
1284 3051 1339 3113 ista
1361 3071 1416 3115 au-

181 3157 267 3218 diunt
283 3160 501 3237 praestantior
521 3158 626 3236 foetus
648 3155 768 3236 Angelis
791 3165 822 3216 et
842 3159 946 3236 foetus
970 3163 1028 3224 eet,
1050 3169 1113 3215 non
1135 3151 1253 3230 aliquod
1274 3153 1415 3216 nascendi

180 3257 359 3337 principium
382 3255 470 3318 l'erbi
501 3255 641 3335 effingunt
670 3263 722 3318 aut
749 3275 815 3318 eum
844 3257 953 3318 lactum
977 3273 1042 3316 esse
1063 3254 1132 3316 inde
1155 3252 1329 3333 opinentur,
1360 3253 1414 3318 sed

179 3355 252 3419 illud
274 3356 358 3419 Pauli
380 3355 490 3418 dietum
513 3357 550 3420 de
572 3357 829 3420 administratione
852 3365 883 3419 et
904 3357 1137 3437 dispensatione,
1164 3373 1230 3418 cum
1252 3355 1344 3418 bomo
1366 3358 1412 3420 la-

180 3465 244 3520 etus
267 3465 324 3532 est,
346 3457 520 3538 intelligant.
566 3457 639 3520 Cum
662 3459 742 3520 enim
764 3458 893 3523 Verbum
916 3476 989 3521 coro
1008 3459 1126 3538 [octono
1147 3469 1194 3520 est
1216 3466 1244 3520 et
1266 3458 1414 3524 bolitoor‘t

180 3562 214 3620 in
233 3559 330 3632 nolle,
354 3578 390 3621 ac
410 3559 491 3622 venit
513 3568 545 3622 ut
566 3559 749 3624 ministraret
771 3559 970 3639 omnibusque
991 3559 1155 3639 impertiret
1176 3557 1319 3634 salutem,
1343 3567 1415 3622 tunc

179 3659 258 3722 idem
279 3660 368 3723 nobis
389 3663 498 3724 laetum
521 3669 568 3724 est
589 3661 680 3737 salus,
703 3663 811 3726 lactum
833 3671 880 3725 est
900 3661 971 3737 rita,
992 3662 1101 3725 lactum
1117 3669 1164 3723 est
1179 3659 1320 3738 expiatio,
1342 3667 1414 3724 tunc

179 3904 300 3979 ρῆγηκεν.
336 3911 399 3966 noio
426 3873 451 3963 it
475 3913 516 3963 alii
532 3911 573 3978 τῷ
591 3864 712 3980 deoploqr
729 3926 770 3963 κε-
854 3913 997 3974 leseguer.
1021 3919 1044 3960 et
1060 3911 1118 3987 lteg.
1131 3902 1183 3986 ¹nod
1198 3903 1231 3958 et
1257 3903 1412 3978 λεγόμενον.

197 3993 220 4028 ω
239 3973 344 4045 ἧγηκεν.
382 3979 443 4030 lbid.
463 3981 520 4042 lieg.
541 3989 565 4028 ct
582 3981 682 4056 §egeae
701 3973 770 4032 oet
823 3978 945 4055 Ceterilet
963 3977 1019 4027 editi
1037 3989 1069 4023 το
1088 3983 1209 4054 omittunt.

180 3993 245 4111 deig.
282 4049 362 4100 Ceteri
380 4055 404 4097 et
422 4048 478 4098 editi
497 4040 534 4100 als
548 4039 617 4110 Ἰωβ.
858 4045 873 4094 l.
892 4045 933 4095 Suc
950 4045 1049 4106 Segner.
1068 4044 1206 4095 Goblcrran.
1231 4053 1256 4096 st
1273 4046 1378 4096 Felelrm.
1391 4046 1414 4096 l.

821 4114 851 4163 lt
869 4113 925 4174 Reg.
949 4111 1021 4161 llrsil.
1033 4109 1137 4190 'inglic
1155 4119 1188 4192 ..⁰²
1205 4112 1311 4164 l'clclrm.
1322 4114 1345 4163 5.
1364 4111 1414 4162 τοῦ

212 4231 237 4281 b.
261 4232 362 4310 §egnes
387 4231 486 4283 Gobler.
517 4241 541 4282 ct
564 4232 670 4284 Felclrm.
687 4230 710 4282 l.
735 4225 773 4286 tls
822 4175 972 4299 ζιεζέσθηῗὲι
987 4179 1415 4310 szssilraxciludiliiiuidguinoeii'i:

178 4293 291 4378 ΜΨ
312 4295 504 4383 l‘iyw'll‘fl'll‘·
548 4301 649 4363 308001·
681 4299 771 4382 ibidem
822 4328 872 4365 sco
888 4313 946 4364 τῶν
960 4314 1091 4381 γενητῶν.
1116 4316 1215 4367 Gobler.
1234 4322 1258 4364 et
1276 4315 1380 4368 Felcim.
1391 4317 1414 4369 1.

179 4375 268 4418 omilin
282 4381 340 4434 παρ
372 4361 490 4416 ἐκείνων.
521 4367 574 4418 uox
592 4369 692 4432 Sfissllel'·
703 4381 772 4416 θῐαν
820 4377 868 4434 καὶ
885 4375 953 4438 ὅλως
969 4377 998 4434 ἐκ
1015 4376 1123 4433 τούτων
1139 4379 1197 4432 τῶν
1233 4381 1345 4442 εγηιῶν.

177 4429 242 4500 περὶ
258 4433 326 4512 ’95οῧ
344 4430 461 4500 uyfflw
479 4426 507 4484 ⁰¹⁸
523 4427 600 4502 ἄγω
616 4429 664 4494 τὸν
684 4428 770 4504 ἷνῖνῑ·
856 4467 887 4503 m.
907 4453 964 4515 lleg.
978 4451 1114 4502 blcomittlt
1126 4441 1172 4500 dre
1181 4465 1201 4516 y
1213 4443 1414 4518 yovsvdrdpm·

178 4515 221 4559 ’θ’
238 4513 295 4559 ’‘“b
313 4493 416 4568 ἐγένου·
820 4531 881 4576 nos,
902 4534 978 4584 caque
991 4520 1115 4581 subiungit
1124 4525 1181 4582 post
1191 4512 1268 4584 παρὰ
1278 4515 1329 4566 τοῦ
1343 4509 1415 4568 llao‘·

214 4585 231 4634 l.
249 4585 348 4648 Segoer.
365 4582 523 4655 γινομένην.
820 4582 876 4636 lou.
912 4586 986 4637 Paulo
1004 4594 1062 4651 post
1078 4587 1179 4648 Segnsr.
1197 4569 1263 4643 ἦλθε
1280 4579 1310 4636 dl
1326 4575 1381 4636 tue.

214 4163 237 4212 g.
255 4148 362 4199 Fclcim.
377 4149 401 4198 b.
420 4142 466 4196 eat
484 4141 593 4197 τούτων
605 4138 736 4217 χορηγός.
