3162 5308
517 365 660 408 urrerem
676 365 694 406 r.
713 366 747 406 nn
765 363 960 408 susurrones.
1286 345 1346 409 703

125 525 240 588 ductor
260 518 387 582 illorum
407 518 478 597 soit.
522 516 573 580 Sic
596 517 713 579 domini
729 515 876 597 populum
898 525 998 589 tuom,
1021 525 1055 576 nt
1075 513 1194 592 soreres
1217 515 1272 574 tili
1290 529 1433 575 reo-eon.

125 643 198 688 naen
218 621 348 703 gloriae:
371 618 437 697 quis
460 637 493 680 er
516 617 563 678 his
585 615 739 679 veritatem
760 633 821 676 non
843 612 1008 694 perspicit?
1050 613 1122 676 Nam
1142 632 1207 676 curn
1223 613 1301 674 Deus
1315 632 1349 674 se

126 725 236 794 ducem
258 722 360 802 populi
382 721 447 782 lore
468 727 550 782 esset
570 718 737 798 pollicitus,
760 736 828 780 eece
850 735 911 778 non
932 715 990 777 iam
1013 716 1163 794 angelum,
1187 716 1239 776 secl
1263 731 1350 776 suum

126 825 285 906 Spiritum,
307 821 357 902 qui
379 821 492 900 angelis
514 820 651 899 superior
674 827 730 893 est,
746 814 906 880 'ductorem
929 816 1031 896 populi
1053 835 1086 878 se
1103 817 1262 878 missurum
1278 835 1350 896 pro-

115 919 231 990 mittit.
276 925 374 998 Quare
395 930 491 1002 patet,
520 921 661 1001 Spiritum
691 937 752 982 non
780 937 815 980 cx
844 918 934 980 rebus
961 918 1068 980 creatis
1097 935 1193 996 neque
1216 918 1351 996 angelum

129 1047 213 1100 esse,
243 1027 296 1090 sed
323 1025 411 1086 rebus
440 1022 577 1085 omnibus
606 1023 713 1084 creatis
737 1020 921 1100 superiorem
944 1029 973 1081 et
992 1019 1089 1081 Patria
1111 1019 1254 1081 divinitati
1277 1037 1351 1080 eon·
1451 1005 1455 1018 ’

129 1130 265 1192 iunctum
288 1145 365 1190 esse.
419 1126 551 1204 Namque
579 1125 644 1203 ipse
672 1123 751 1184 Deus
779 1121 984 1202 perverbum
1012 1121 1043 1182 in
1072 1119 1183 1201 Spiritu
1212 1119 1353 1200 populum
1405 1165 1412 1178 ,

132 1230 275 1304 ducebat3
297 1229 374 1290 unde
395 1247 450 1308 per
472 1235 563 1288 totam
582 1226 763 1305 Scripturam
779 1232 918 1286 testatur:
940 1224 1002 1304 ligo
1023 1225 1116 1286 calami
1134 1243 1188 1286 vor
1212 1225 1246 1285 de
1268 1233 1355 1284 terro

134 1333 278 1413 Aegypta}
311 1342 400 1394 testes
423 1331 586 1400 voo·e'atis,
610 1333 638 1390 si
656 1328 740 1391 Deos
762 1326 880 1388 clientes
904 1337 971 1416 erot
991 1331 1026 1388 in
1047 1327 1131 1388 vobio
1151 1334 1277 1404 praeter
1299 1341 1354 1397 me,

135 1433 236 1494 Sancti
258 1451 376 1512 quoque
398 1431 437 1492 ita
459 1430 520 1492 lieo
541 1429 718 1509 loquuntur:
739 1429 904 1492 Delectari
923 1431 1002 1491 stent
1017 1445 1085 1490 ouer
1098 1427 1245 1508 populum
1260 1435 1355 1488 tuum.

133 1534 173 1596 Et
194 1535 318 1596 deducit
340 1553 389 1596 eoa
411 1532 558 1594 Dominus
580 1535 612 1593 in
634 1549 694 1610 ape,
717 1541 746 1592 et
761 1547 823 1593 non
838 1533 1012 1609 timuerunt.
1055 1528 1132 1590 Huic
1152 1525 1247 1590 eidem
1269 1527 1354 1607 bym-

129 1651 207 1698 num
229 1637 373 1706 olierunt,
397 1633 447 1712 qui
469 1633 565 1694 aiunt:
597 1633 659 1705 Qui
680 1633 820 1694 troducit
838 1631 986 1713 populum
1008 1649 1097 1694 rcum
1114 1649 1173 1712 per
1196 1633 1356 1703 mantano

133 1743 278 1822 quonium
300 1741 332 1799 in
354 1733 506 1798 soeculum
527 1735 833 1796 misericordiosius.
877 1734 998 1813 llagnus
1026 1751 1097 1795 vero
1125 1733 1242 1824 blopses
1270 1731 1357 1794 iden-

135 1840 228 1901 tidem
251 1835 373 1916 repetit:
402 1836 549 1898 Dominus
572 1835 668 1924 Deua,
698 1840 751 1917 qut
768 1841 870 1916 praeit
892 1847 960 1898 onte
982 1837 1092 1916 sonem
1113 1846 1254 1899 vestrone.
1297 1833 1358 1896 lta·

136 1959 195 2020 que
217 1938 270 1999 liei
293 1937 421 2018 Spiritus
449 1955 510 1999 non
541 1945 586 1998 est
606 1935 725 2016 angelus
747 1954 843 2016 neque
865 1955 914 1998 res
937 1944 1050 2010 creata,
1080 1935 1133 1997 sed
1162 1937 1228 1999 eius
1249 1937 1358 1999 divini-

135 2043 207 2104 tatis
229 2049 275 2104 est
296 2039 446 2121 proprius.
491 2037 564 2100 Nam
585 2056 652 2100 cum
674 2038 802 2117 Spiritus
825 2040 855 2100 in
878 2039 989 2119 populo
1013 2047 1108 2114 esset,
1131 2037 1211 2102 Deus
1233 2057 1286 2118 per
1306 2039 1357 2102 lll-
1441 2031 1446 2040 '

135 2145 209 2208 lium
231 2145 261 2204 in
284 2141 395 2223 Spiritu
418 2141 448 2204 in
470 2140 575 2202 iisdem
598 2147 669 2202 erat.

141 2321 148 2336 ⁸
226 2348 273 2412 13.
320 2345 448 2419 „Verum
463 2345 536 2406 baec
557 2343 596 2404 ita
619 2341 689 2416 sint,
712 2342 851 2422 inquiunt
871 2343 923 2416 illi,
942 2361 999 2406 eur
1014 2345 1102 2424 igitur
1116 2344 1361 2425 Apostoluspost

140 2449 318 2522 „Christum
341 2465 400 2508 non
423 2445 566 2526 Spiritum
595 2452 745 2517 sanetum,
779 2445 833 2505 sed
860 2445 969 2508 electos
991 2445 1119 2526 Angelos
1146 2445 1359 2508 nominaviti“

140 2549 226 2626 Atqui
254 2549 332 2610 idem
359 2548 396 2610 ab
424 2547 481 2628 illis
509 2545 614 2609 mento
644 2545 710 2626 quis
741 2545 921 2610 sciscitetur:
952 2547 1050 2620 Quare
1079 2563 1141 2607 non
1162 2545 1361 2628 Archangelos

143 2667 238 2726 neque
260 2649 418 2710 Cherubim
448 2666 542 2729 neque
566 2643 719 2727 Seraphim
742 2665 838 2727 neque
859 2647 1083 2710 nominationes
1104 2665 1201 2728 nequo¹
1223 2649 1361 2712 Thronos

144 2767 240 2827 neque
262 2750 332 2828 quid
354 2749 441 2822 aliud,
463 2749 517 2812 sed
538 2749 621 2812 solos
644 2749 753 2812 eleetos
774 2749 901 2828 Angelos
923 2749 1031 2810 Paulus
1058 2749 1243 2812 nominavit?
1286 2751 1362 2814 Num

144 2870 225 2931 ergo,
249 2851 399 2930 quianon
421 2850 461 2912 ita
481 2852 657 2926 nominarit,
679 2851 782 2932 Angeli
805 2859 875 2913 sunt
896 2850 1089 2929 Archangeli,
1111 2860 1161 2914 aut
1183 2851 1240 2912 soli
1261 2851 1363 2932 Angeli
1431 2849 1437 2862 ‘

144 2953 306 3020 exsistunt,
335 2951 464 3032 nullique
493 2962 563 3014 sunt
584 2953 740 3034 Seraphim
769 2961 820 3014 aut
842 2950 1013 3025 Cherubim,
1048 2951 1119 3015 nulli
1140 2952 1312 3031 Archangeli
1335 2961 1365 3014 et

143 3053 376 3128 [inminationem
400 3053 471 3116 nulli
493 3053 605 3118 Throoi
628 3062 659 3116 et
678 3053 874 3132 Principatus,
896 3052 970 3114 nihil
992 3053 1118 3132 denique
1141 3053 1219 3115 aliud
1241 3053 1363 3116 existit?

144 3158 252 3218 Verum
274 3155 304 3216 irl
336 3155 486 3235 inquirere
507 3156 579 3218 nibil
601 3154 679 3217 aliud
701 3163 762 3226 est,
791 3171 878 3234 quam
899 3155 1043 3234 Apostolo
1071 3154 1278 3216 necessitatem
1306 3155 1364 3216 boo

144 3258 191 3322 rel
212 3257 263 3319 illo
285 3258 374 3318 modo
398 3257 548 3321 scribendi
571 3257 732 3336 imponere,
745 3274 810 3318 nco
831 3273 892 3318 non
907 3255 1021 3318 dininas
1035 3256 1201 3336 Scripturas
1215 3255 1362 3336 ignorare,

144 3378 178 3423 ac
198 3359 324 3439 proinde
346 3378 362 3422 a
385 3358 505 3421 veritate
527 3358 673 3420 aberrare.
717 3357 793 3420 Ecce
814 3357 894 3418 enim
916 3357 993 3437 apurl
1015 3357 1133 3420 Esaiam
1155 3357 1296 3437 scriptum
1318 3358 1363 3419 le·
1452 3351 1454 3358 ’

145 3459 256 3539 panus:
284 3460 418 3522 accedite
441 3461 480 3522 ad
500 3477 546 3522 me
568 3471 596 3521 ct
618 3460 718 3524 audita
742 3457 826 3521 hoec:
857 3457 925 3521 Non
953 3460 989 3522 oh
1016 3462 1103 3524 initio
1132 3464 1164 3522 in
1190 3461 1449 3524 absconditorum.

146 3561 264 3625 lectatur
286 3581 369 3637 sem3
399 3580 490 3642 quarn
510 3561 612 3641 fieret,
642 3561 685 3622 ibi
704 3578 803 3634 ercan·
833 3569 873 3650 et·
888 3579 968 3624 ncnc
990 3559 1138 3624 Deoniana
1165 3565 1248 3624 misit
1269 3579 1314 3624 mc
1336 3571 1366 3623 et

147 3661 281 3742 Spiritus
305 3668 378 3726 eane.
415 3661 453 3724 Et
472 3662 549 3741 apud
563 3661 724 3741 hggaeum:
748 3661 786 3722 lit
807 3680 889 3725 neno
905 3663 1084 3742 confortare
1097 3661 1272 3735 Zorobobel,
1296 3663 1367 3726 dicit

177 3861 202 3903 e.
221 3845 338 3912 συνεχῶς
356 3840 489 3909 διηγεῖται
507 3845 731 3897 omittuntGobler.
785 3847 823 3903 l.,
849 3847 889 3910 qui
915 3847 987 3896 iidem
1012 3848 1084 3910 paulo
1120 3855 1159 3896 oet
1176 3839 1287 3912 ἄγγελοί
1303 3842 1364 3905 eloe.

148 3923 171 3964 et
188 3914 292 3963 Felolm.
310 3915 332 3962 l.
368 3913 419 3962 llor
437 3913 525 3962 ibidem
544 3913 615 3961 iidem
634 3921 657 3962 ot
675 3913 731 3974 lleg.
782 3907 828 3959 xci
846 3905 1070 3980 orirroeinpoecpq
1106 3908 1365 3981 rordovoiprtrriol,

151 3983 172 4031 1.
192 3988 215 4030 et
232 3979 256 4030 2.
281 3989 304 4029 rt
321 3981 420 4042 Segner.
438 3970 524 4044 ὑμῶν.
561 3979 606 4028 nni
631 3987 654 4028 et
674 3979 731 4029 editi
783 3972 849 4026 ἀλλὰ
867 3973 947 4027 τοῦτό
966 3973 1025 4028 ἐστι
1042 3990 1087 4031 ete.

150 4062 237 4166 lii
255 4045 733 4174 transcurrat-,rnn
857 4081 1330 4218 tete·attenuantur
1344 4094 1368 4204 :t

151 4184 224 4304 {femi
242 4193 266 4233 et
283 4183 339 4233 oliti
357 4173 423 4230 ἀλλὰ
433 4175 538 4248 μᾶλλον
546 4178 594 4240 τῆς
602 4171 733 4241 θεότητος
785 4216 884 4279 Smer·
902 4209 1064 4284 nomm

183 4319 200 4370 i.
221 4319 266 4369 l’ro
283 4312 353 4384 μηδέ
369 4295 398 4368 ὀι
420 4317 444 4368 in
463 4317 618 4382 sequentihus
637 4316 734 4368 Gobler.
818 4318 842 4368 b.
861 4318 957 4371 Gobler.
976 4329 1000 4370 et
1017 4321 1154 4372 falciml.
1171 4315 1217 4370 roi
1231 4297 1383 4387 hippotae·-

151 4396 173 4438 et
190 4387 294 4437 Fololm.
316 4388 337 4436 l.
361 4379 491 4446 r'z'babent.
509 4385 615 4436 'lbidern
635 4385 691 4450 Reg.
711 4385 732 4436 l.
784 4379 829 4434 arci
857 4384 909 4436 νῦν
934 4396 978 4448 atr.
1034 4389 1087 4440 Μαι
1113 4385 1161 4438 καί
1184 4407 1252 4456 seqq.
1280 4392 1367 4441 habent

153 4463 174 4504 et
191 4455 290 4518 Seguer.
313 4447 447 4510 ἐκλεκτοὺς
469 4446 571 4520 μόνους
594 4445 730 4519 tyyttoor.
784 4455 872 4518 Regios
892 4456 913 4507 1.
938 4463 961 4506 et
978 4456 1002 4506 2.
1021 4466 1045 4509 et
1061 4459 1175 4522 Sequen,
1199 4460 1257 4508 editi
1280 4467 1303 4508 ct
1327 4459 1367 4509 alii

154 4521 213 4573 Soliti
231 4538 285 4573 uero
304 4532 326 4573 et
343 4525 383 4573 elii
402 4537 482 4574 rorem
500 4515 602 4589 μόνους
612 4525 731 4573 omittunt.
784 4525 904 4576 omittant·
927 4521 997 4576 'bero
1015 4526 1112 4578 abacta
1132 4527 1186 4589 lleg.
1202 4527 1224 4576 l.
1235 4526 1366 4589 etSeguar.

154 4587 204 4638 llor
221 4605 263 4640 ror
277 4587 385 4663 ,linitam
402 4591 470 4643 deest
481 4591 730 4644 recollecturum.
782 4586 855 4658 λέγει
868 4583 977 4660 nigror..
1027 4585 1031 4594 '
