3226 5280
240 343 283 409 48
641 359 667 404 ε.
683 361 836 406 nummu
851 363 1075 406 ιεεωτνιεεονι

155 507 297 576 τινακαὶ
317 511 421 575 ταῦτα
441 510 500 594 τῆς
522 505 556 574 ἐκ
577 509 636 574 τοῦ
658 507 786 595 πατρὸς
807 508 986 597 γεννήσεώς
1007 510 1092 578 ἐίσι
1106 517 1327 598 γνωρίσματα.
1373 511 1415 581 άν
1429 539 1470 582 τε

240 609 302 697 γὰρ
324 607 381 676 τὸν
402 607 475 676 υἱὸν
498 609 604 696 ε’ίπῃς,
627 609 666 676 τὸ
689 608 725 689 ίξ
745 605 846 676 αὐτοῦ
869 609 970 698 φύσει
993 611 1193 696 όεῦήλωκας·
1217 611 1257 681 όν
1279 639 1316 681 τε
1336 612 1395 681 τόν
1410 614 1468 682 λό-

240 732 298 798 γον
327 710 538 798 ῦνθυμηθής,
566 708 606 775 τὸ
634 709 670 790 ἐξ
690 705 792 777 αὐτοῦ
814 711 917 779 πάλιν
939 712 996 780 καὶ
1015 712 1054 779 τό
1077 707 1266 799 ἇόιαίρετον
1288 710 1389 783 αὐτοῦ
1411 718 1468 784 λσ-

240 814 327 900 γίζη·
349 812 406 879 καὶ
427 809 485 898 τήν
507 817 632 899 σοφίαν
654 812 690 878 δὲ
713 814 830 898 λέγων,
854 807 949 881 οὐδὲν
969 803 1068 902 ἧττον
1090 812 1195 901 τὸμὴ
1218 815 1359 897 ἐ’ξωθεν,
1383 812 1469 886 ἄλλά

240 913 279 979 τὸ
306 912 344 993 ἐξ
371 907 472 978 αὐτοῦ
500 911 556 979 καὶ
578 911 612 979 ἐν
635 907 723 1000 αὐτῷ
746 912 849 981 πάλιν
871 925 1020 1001 φρονεῖς·
1049 909 1090 983 άν
1113 918 1149 984 δὲ
1170 916 1227 984 καὶ
1247 917 1306 1006 τήν
1328 917 1468 1003 δύναμιν

239 1013 296 1082 καὶ
316 1012 375 1101 τήν
394 1024 490 1100 χεῖρα
513 1008 688 1102 όνομάσῃς,
710 1013 750 1080 τὸ
772 1015 860 1082 λ’όιον
874 1015 978 1084 πάλιν
992 1019 1051 1105 τῆς
1066 1013 1182 1097 οὐσίας
1196 1020 1316 1104 λέγεις·
1338 1018 1395 1087 καλ
1408 1019 1468 1107 τήν

240 1115 350 1184 εἰκόνα
372 1117 408 1183 δὲ
430 1117 542 1202 λέγων,
565 1115 623 1184 τὸν
645 1115 716 1182 υίὸν
732 1127 919 1204 σημαίνεις·
941 1125 976 1184 τί
989 1116 1050 1205 γὰρ
1067 1113 1108 1186 όν
1123 1119 1173 1207 εἴη
1190 1115 1307 1204 ὅμοιον
1321 1123 1368 1206 τῷ
1383 1124 1466 1207 θεῷ,

239 1212 261 1307 ἢ
281 1217 321 1284 τό
343 1218 379 1298 ἐξ
399 1213 501 1284 αὐτοῦ
521 1223 682 1305 γέννημα,·
716 1213 830 1303 ὐμέλει
844 1214 951 1306 1’άπερ
967 1217 1025 1286 όιά
1038 1223 1097 1286 τοῦ
1113 1220 1212 1306 λόγου
1226 1226 1346 1307 γέγονε,
1362 1224 1467 1288 ταῦτα

216 1338 220 1351 ·
239 1345 279 1408 τη
303 1326 408 1409 σοφίᾳ
428 1321 685 1405 τεθεμελίωται·
713 1318 770 1387 καὶ
792 1317 813 1386 ἃ
835 1318 870 1387 ίν
891 1323 931 1408 τῇ
953 1326 1060 1408 σοφίᾳ
1081 1324 1336 1407 τεθεμελίωται,
1359 1325 1466 1388 ταῦτα

240 1420 352 1489 πάντα
373 1422 407 1488 ἐν
428 1425 469 1509 τῇ
489 1419 575 1506 χειρὶ
597 1428 792 1508 πεποίηται,
814 1420 870 1488 καὶ
891 1420 949 1488 διὰ
969 1426 1029 1488 τοῦ
1051 1419 1126 1490 υἱοῦ
1147 1428 1266 1509 γίγσνε.
1311 1421 1367 1490 καὶ
1387 1420 1464 1488 τσῦ-

239 1549 306 1590 των
328 1517 386 1590 οὐκ
408 1523 534 1602 ἔξωθεν
555 1518 659 1611 ἡμεῖς,
683 1517 752 1590 ἀλλ’
778 1521 812 1589 ἐκ
833 1525 900 1590 τών
920 1526 1058 1611 γραφῶν
1081 1524 1195 1609 λ’χομεν
1216 1521 1275 1612 τήν
1290 1530 1422 1590 πίστιν·
1445 1518 1464 1589 5

239 1627 299 1708 μὲν
320 1623 382 1711 γάρ
404 1624 487 1703 θεὸς
501 1619 601 1702 αὐτὸς
622 1621 680 1689 διὰ
698 1618 836 1690 Ἠσαίου
859 1627 917 1691 τοῦ
939 1623 1114 1713 προφήτου
1137 1627 1239 1711 λέγει·
1266 1622 1286 1710 ἡ
1307 1630 1377 1711 χείρ
1399 1648 1465 1708 μου

210 1810 215 1818 Ἢ
241 1726 443 1811 ἒθεμελίωσε
457 1723 522 1814 τήν
543 1728 611 1812 γήν,
634 1724 690 1791 καὶ
710 1721 730 1812 ή
747 1723 840 1805 δεξιά
852 1749 917 1810 μου
932 1725 1112 1812 ἐστερέωσε
1125 1724 1183 1792 τὸν
1199 1721 1337 1813 οὐρανόν
1346 1730 1378 1806 ¹).
1409 1724 1466 1792 καὶ

239 1827 359 1896 πάλιν·
380 1826 437 1894 καὶ
458 1822 526 1893 ῦπὸ
547 1824 607 1913 τήν
628 1826 723 1893 σκιάν
745 1829 803 1913 τῆς
817 1826 927 1914 χειρός
939 1851 1004 1912 μου
1021 1827 1178 1896 σκεπάσω
1193 1851 1240 1909 σε,
1258 1826 1292 1894 ἐν
1306 1817 1328 1916 ᾗ
1343 1827 1466 1914 ὐστησα

239 1926 297 1997 τόν
319 1923 458 2017 οὐρανὸν
479 1925 536 1995 καὶ
549 1926 766 2026 ιῦθεμελίωσα
787 1927 845 2015 τήν
867 1931 964 2016 γήν’).
996 1924 1015 1994 5
1038 1930 1074 1996 δὲ
1091 1929 1203 2015 Δαβλό
1223 1932 1322 1996 τοῦτο
1342 1927 1465 2014 μαθὼν

238 2029 294 2097 καὶ
322 2028 419 2108 εἰδώς
444 2028 503 2115 τήν
528 2033 621 2116 χεῖρα
650 2023 751 2117 αὐτήν
774 2020 876 2096 οὐσαν
897 2029 955 2117 τήν
977 2027 1102 2117 σοφίαν
1124 2031 1266 2117 ἔψαλλε·
1298 2030 1409 2097 πάντα
1432 2031 1466 2096 ἐν
1528 2089 1532 2099 .

162 2179 164 2186 -
240 2138 346 2219 σοφίᾳ
368 2129 543 2218 ἐποίησας·
572 2129 753 2218 ἐπληρώθη
782 2127 863 2217 ήγή
884 2133 943 2218 τῆς
963 2129 1101 2211 κτίσεώς
1123 2135 1229 2211 σουλ·
1259 2128 1305 2210 ὥς
1325 2131 1382 2198 καὶ
1401 2137 1466 2196 Σο-

239 2231 350 2317 λομών
371 2232 465 2319 παρὰ
486 2235 570 2300 θεοῦ
593 2232 704 2318 λαβών
726 2232 848 2318 ἔλεγεν·
874 2227 891 2298 ό
913 2231 996 2311 θεὸς
1010 2235 1050 2319 τῇ
1066 2239 1172 2321 σοφία
1187 2230 1392 2316 ίθεμελίωσε
1405 2231 1465 2320 τὴν

238 2338 337 2420 γήνίγ.
380 2328 529 2422 Ἰωάννης
550 2359 586 2401 τε
613 2334 781 2420 γινώσκων
803 2333 861 2420 τήν
881 2343 976 2418 χεῖρα
996 2333 1052 2400 καὶ
1073 2332 1132 2420 τήν
1153 2342 1279 2422 σοφίαν
1301 2330 1387 2402 εἶναι
1407 2332 1466 2400 τὸν

239 2434 335 2521 λόγον
359 2431 595 2522 εὐαγγελίζετσ·
618 2435 652 2502 ἐν
675 2431 756 2522 άρχῇ
779 2425 816 2521 ἦν
840 2431 858 2500 ὁ
880 2434 985 2520 λόγος,
1008 2433 1066 2501 καλ
1087 2430 1105 2500 5
1128 2434 1225 2521 λόγος
1245 2425 1285 2522 ἦν
1307 2435 1393 2520 πρὸς
1407 2433 1465 2501 τὸν

238 2535 338 2619 θεόν,
372 2536 427 2604 καὶ
461 2536 543 2616 θεὸς
575 2526 615 2622 ἦν
645 2532 663 2602 5
691 2535 803 2622 λόγος·
837 2525 935 2615 οὗτος
961 2525 1001 2622 ἦν
1023 2535 1057 2602 ίν
1080 2530 1161 2624 άρχῇ
1183 2534 1269 2620 πρὸς
1291 2535 1349 2602 τὸν
1371 2536 1464 2603 θεόν.

153 2663 228 2708 ναι.
240 2638 352 2706 πάντα
373 2633 421 2706 δι’
447 2632 548 2704 αὐτοῦ
571 2637 713 2724 ἐγένετο,
736 2638 793 2705 καὶ
812 2636 913 2724 χωρίς
934 2632 1036 2704 αὐτοῦ
1059 2637 1184 2724 ἐγένετο
1207 2633 1342 2716 οὐδέν·).
1388 2631 1406 2703 5
1429 2636 1490 2703 δὲἸ
1610 2638 1611 2666 ¹

240 2735 430 2819 ἀπόστολος
450 2741 585 2825 βλέπων
607 2739 665 2826 τήν
685 2749 795 2824 χεῖρα,
819 2738 878 2826 τήν
900 2744 1038 2827 σοφίαν,
1062 2738 1120 2805 τόν
1142 2739 1239 2826 λόγον
1262 2734 1361 2806 αὐτὸν
1385 2735 1465 2805 όντα

237 2841 297 2909 τὸν
318 2841 390 2910 υἱόν
413 2863 516 2931 φησι·
539 2842 736 2926 πολυμερῶς
754 2840 810 2908 καὶ
830 2839 1052 2926 πολυτρόπως
1067 2839 1175 2908 πάλαι
1190 2837 1208 2906 5
1223 2842 1306 2920 θεὸς
1321 2839 1466 2928 λαλήσας

238 2955 311 3024 τοῖς
339 2945 507 3032 πατράσιν
528 2942 562 3010 ἐν
583 2952 656 3020 τοῖς
677 2941 882 3031 προφήταις,
914 2937 964 3009 ἐπ’
990 2941 1128 3024 ἐσχάτου
1150 2947 1216 3010 τών
1238 2939 1367 3029 ήμεριῦν
1388 2941 1465 3007 τοῦ-

239 3071 305 3113 των
329 3045 485 3134 ίλάλησεν
506 3043 586 3132 ήμίν
608 3044 642 3110 ἐν
665 3045 735 3130 υἱῷ,
759 3042 797 3109 ὃν
820 3044 937 3131 ἔθηκεν
959 3043 1162 3131 κληρονόμον
1184 3043 1335 3111 πάντων·
1358 3037 1400 3109 δι’
1425 3031 1465 3108 οῦ

239 3145 295 3211 καὶ
317 3145 454 3234 ἐποίησε
475 3147 552 3226 τούς
575 3145 743 3224 αὐώνας“)·
766 3144 822 3211 καὶ
843 3145 963 3212 πάλιν·
986 3141 1034 3223 εἷς
1051 3145 1162 3230 κύριος
1173 3139 1295 3230 Ἰησοῦς
1305 3143 1463 3228 Χριστός,

240 3239 282 3309 δι’
308 3235 346 3310 οὐ
366 3246 409 3312 τὰ
429 3247 550 3328 πάντα,
573 3246 628 3314 καὶ
648 3242 744 3332 ἡμεῖς
766 3241 807 3312 δι’
832 3241 970 3327 αὐτοῦ’).
1002 3246 1099 3325 είόώς
1117 3247 1153 3312 όὲ
1168 3244 1271 3312 πάλιν
1283 3243 1340 3310 τόν
1356 3243 1463 3328 λόγον,

239 3345 298 3432 τήν
320 3351 452 3433 σοφίαν,
476 3346 534 3413 τὸν
555 3348 628 3414 υἱὸν
650 3343 750 3415 αὐτὸν
772 3344 853 3414 όντα
874 3347 932 3436 τήν
955 3347 1064 3415 εἰκόνα
1074 3339 1137 3418 ,τοῦ
1152 3345 1288 3431 πατρός,
1313 3344 1415 3433 φησὶν
1430 3345 1465 3411 ἐν

239 3451 279 3535 τῇ
301 3446 388 3534 πρὸς
408 3448 618 3527 Κολασσαεῖς
640 3448 817 3536 ἐπιστολῇ·
842 3445 1107 3538 εὐχαριστοῦντες
1128 3452 1174 3536 τῷ
1197 3452 1269 3535 θεῷ
1291 3446 1346 3514 καὶ
1360 3445 1466 3532 πατρὶ

239 3551 286 3636 τῷ
310 3549 508 3616 ἱκανώσαντι
528 3546 615 3637 ἡμᾶς
636 3551 683 3629 εἷς
703 3549 762 3638 τήν
784 3548 903 3636 μερίδα
924 3555 983 3618 τοῦ
999 3551 1125 3639 κλήρου
1146 3554 1213 3617 τῶν
1235 3545 1337 3636 ἁγίων
1360 3548 1393 3615 ἐν
1417 3551 1464 3635 τῷ

240 3647 343 3738 φωτί,
374 3649 411 3731 ὃς
433 3649 592 3739 ίῤῥῦσατο
614 3646 700 3738 ήμᾶς
722 3651 756 3718 ἐκ
777 3655 835 3739 τῆς
858 3652 1008 3732 ἐξουσίας
1029 3656 1088 3717 τοῦ
1112 3653 1265 3732 σκότους,
1295 3649 1351 3718 καλ
1371 3656 1466 3732 μετέ-

240 3775 358 3840 στησεν
380 3753 428 3832 εἷς
449 3753 524 3840 ”τήν
546 3754 719 3838 βασιλείαν
741 3756 800 3819 τοῦ
822 3753 895 3818 υἱοῦ
917 3756 975 3840 τῆς
997 3748 1128 3838 άγάπης
1149 3749 1267 3818 αὐτοῦ·
1290 3751 1324 3819 ἐν
1346 3742 1374 3838 ᾦ
1394 3751 1466 3833 ἔχο-

238 3879 298 3939 μεν
320 3855 379 3940 τήν
401 3851 650 3941 ἀπολύτρωσιν,
675 3855 734 3943 τήν
757 3852 877 3942 άφεσιν
899 3857 965 3920 τών
988 3848 1174 3938 ἁμαρτιῶν·
1198 3850 1235 3933 ός
1258 3853 1347 3920 ἐστιν
1371 3850 1466 3918 εἰκών

239 3959 298 4022 τοῦ
320 3959 404 4022 θεοῦ
426 3960 485 4022 τοῦ
508 3951 666 4042 άοράτου,
696 3955 909 4042 πρωτότοκος
930 3954 1041 4040 πάσης
1062 3961 1214 4034 κτίσεως·
1245 3951 1298 4020 ότι
1320 3954 1353 4020 ἐν
1377 3947 1465 4038 αὐτῷ

240 4055 377 4146 ἐκτίσθη
398 4056 441 4123 τά
462 4056 582 4138 πάντα,
606 4057 704 4126 τότε
726 4059 759 4126 ίν
781 4069 853 4136 τοῖς
874 4052 1029 4144 οὐρανοῖς
1049 4055 1105 4122 καὶ
1126 4055 1168 4121 τὰ
1190 4054 1249 4122 ἐπὶ
1263 4057 1321 4132 τῦς
1334 4057 1401 4140 γῆς,
1425 4050 1467 4118 τὰ

241 4152 344 4244 ὁρατά
364 4155 421 4224 καὶ
441 4156 484 4224 τά
506 4152 641 4245 ἀόρατα,
665 4160 732 4226 ε’ίτε
746 4159 876 4243 θρόνοι,
901 4160 968 4226 ε’ίτε
977 4156 1173 4243 κυριότητες,
1198 4151 1382 4241 είτεάρχαί,
1401 4153 1467 4220 ε’ίτε

240 4257 403 4340 ίξσυσίαι,
432 4257 475 4324 τά
504 4259 615 4326 πάντα
637 4254 804 4326 δι’-αὐτοῦ
826 4257 882 4326 καί
905 4261 951 4339 είς
974 4256 1073 4325 αὐτὸν
1096 4257 1257 4335 ἐ’κτισται,
1289 4256 1345 4323 καὶ
1367 4249 1466 4332 αὐτός

241 4359 312 4427 ἔστι
333 4358 401 4446 πρὸ
423 4359 568 4441 πάντων,
591 4360 648 4428 καὶ
668 4359 710 4426 τά
731 4360 842 4428 πάντα
857 4361 892 4429 ἐν
907 4357 996 4446 αὐτῷ
1013 4361 1241 4447 συνίστηκενἿ.
1273 4354 1319 4435 ώς
1332 4355 1393 4441 γὰρ
1410 4353 1467 4420 διὰ

310 4516 335 4576 1)
353 4517 407 4566 Eua.
426 4515 468 4578 4⁸,
490 4517 528 4567 13.
600 4515 626 4571 2)
643 4517 697 4566 Εεε.
717 4516 758 4577 51,
780 4517 817 4567 16.
888 4511 1292 4582 3)vsal.10⁴[103.Lxx.],24.
1362 4509 1466 4570 ί)Ρισι.

240 4582 332 4645 3,19.·
371 4583 595 4647 bunnam-3.
650 4583 865 4648 ejflehr.1,1.2.
918 4584 1118 4647 7)1.c0r.8‚6.
1172 4583 1198 4643 8)
1212 4582 1307 4632 coloss.
1323 4575 1465 4640 1‚12-17.
