3226 5308
539 407 647 452 onnrro
663 407 699 450 n.
717 403 831 452 conans
847 407 980 454 annuos.
1281 395 1343 459 629

114 563 190 626 Deo
213 579 275 625 non
297 569 396 634 esset,
419 559 497 622 baud
518 557 666 621 immerito
688 558 786 639 ipsum
800 557 904 622 Filium
928 579 995 623 esse
1015 565 1167 640 negarent.
1210 561 1247 624 tt
1268 561 1295 622 si
1310 577 1429 624 exesus.

113 665 189 728 Deo
212 673 273 736 εει,
296 681 348 726 eur
369 679 429 723 non
451 659 650 742 perspiciunt,
673 660 719 732 id,
747 661 826 740 quod
850 679 884 722 ex
906 659 1003 740 aliquo
1026 660 1259 738 existentium
1281 661 1344 724 eius

114 785 214 841 esse,
238 756 279 828 ¹ex
300 783 359 846 qno
381 761 450 826 est?
493 761 605 824 Deinde
632 761 658 824 si
680 760 767 824 Verbi
790 761 869 823 Deus
892 770 975 842 pater
1003 770 1064 834 est,
1095 761 1196 842 quidni
1216 761 1345 826 Verbum

110 869 174 932 sui
196 867 290 950 patris
312 866 390 929 titius
411 863 523 928 tuerit?
545 863 691 944 siqnidem
710 874 792 942 pater
807 863 855 925 ilie
871 871 961 926 estet
982 863 1089 926 dieitur
1110 865 1186 936 eius,
1208 865 1256 944 qui
1273 883 1345 928 suns

114 979 175 1034 est
197 969 285 1044 tilius,
308 975 338 1030 et
359 966 493 1031 similiter
514 965 591 1028 utine
613 965 661 1027 ille
684 975 728 1028 εει
750 975 779 1028 ει
800 965 908 1030 dieitur
931 965 1005 1038 eius,
1028 967 1079 1046 qui
1100 985 1173 1028 suus
1191 974 1239 1028 εει
1253 975 1345 1046 pater.

113 1074 320 1154 Quapropter
347 1069 374 1132 si
396 1069 474 1132 Deus
503 1087 563 1130 uon
592 1075 638 1130 εει
665 1066 774 1130 Christi
802 1075 899 1148 pater,
934 1086 989 1130 nee
1010 1068 1136 1132 Verbum
1168 1067 1247 1130 tilius
1280 1087 1347 1138 esse

112 1183 249 1256 potest.¹
284 1173 342 1235 Sed
364 1172 391 1234 si
411 1181 495 1252 pater
516 1178 564 1233 εει
584 1170 678 1244 Deus,
707 1188 775 1232 rere
803 1179 833 1232 et
852 1169 980 1232 Verbum
1009 1169 1086 1233 titius
1114 1179 1168 1234 εει
1213 1171 1348 1243 Quodsi

112 1285 238 1358 postea
258 1284 340 1358 pater
361 1293 427 1337 esse
448 1273 572 1348 dicatur,
594 1291 659 1336 etim
680 1272 807 1352 primum
822 1271 900 1334 bens
923 1281 1013 1346 esset,
1036 1273 1108 1335 baeo
1121 1273 1186 1354 ipso
1202 1272 1348 1336 estbria-
1379 1335 1384 1356 ,

113 1397 239 1443 norum
260 1377 401 1442 doctrina.
446 1376 505 1438 Sed
526 1383 678 1456 praeterea
697 1373 866 1436 >absurdum
894 1381 940 1436 eet
960 1374 1053 1436 Deum
1074 1374 1197 1450 mutari,
1226 1393 1295 1438 narn
1316 1375 1347 1438 id

113 1499 309 1561 corporeum
329 1487 392 1556 ,εει
447 1477 479 1539 Si
501 1495 570 1539 vero
600 1477 814 1557 respondeant,
848 1483 960 1557 patrem
982 1475 1048 1539 Filii
1069 1475 1177 1539 iactum
1199 1495 1282 1551 esse,
1304 1477 1367 1544 uti.

110 1569 236 1666 postea
255 1600 355 1644 rerum
377 1589 538 1642 creatarum
560 1580 653 1640 taetus
676 1585 722 1640 εει
743 1578 860 1659 opifex,
893 1578 970 1641 scire
998 1595 1105 1658 operae
1132 1578 1259 1660 pretium
1292 1585 1347 1652 est,

108 1684 331 1758 mutationem,
346 1699 406 1744 non
428 1682 464 1743 ad
487 1679 594 1753 Deum,
629 1680 682 1740 sed
710 1681 745 1742 ad
774 1699 824 1754 ea,
857 1699 930 1761 quae
951 1687 1055 1761 postea
1077 1681 1167 1754 fiunt,
1188 1679 1347 1762 pertinere.

219 1787 267 1849 ib.
312 1784 500 1862 Quapropter
528 1781 554 1842 si
575 1781 666 1844 Filius
696 1791 776 1844 esset
803 1799 895 1861 opos,
927 1790 1006 1846 reete
1033 1801 1149 1862 quoque
1177 1783 1264 1844 Pater
1284 1781 1347 1845 eius

109 1895 237 1972 postea
265 1885 440 1965 efficeretur.
483 1881 541 1946 Sed
569 1884 596 1945 si
617 1883 707 1946 Filius
734 1903 793 1946 non
822 1893 870 1946 est
892 1905 984 1966 opus,
1013 1903 1132 1963 semper
1158 1902 1228 1964 ergo
1251 1884 1347 1956 Pater,

110 2005 252 2068 semper
274 1993 304 2048 et
324 1985 415 2048 Filius
438 1993 491 2048 εει
537 1985 568 2047 Si
590 2003 680 2065 porro
704 2004 820 2066 semper
842 1996 891 2049 est
912 1986 1019 2062 Filius,
1047 1986 1145 2067 ipsum
1167 2004 1239 2048 sane
1261 1985 1349 2048 inerit

113 2083 273 2156 Verbum.
315 2087 379 2150 Nisi
401 2087 478 2150 enim
493 2086 620 2149 Verbum
636 2087 726 2150 Vilius
749 2089 846 2162 inerit,
870 2089 921 2169 qui
942 2089 972 2152 id
991 2088 1240 2170 audebitnegare,
1264 2087 1347 2150 fateri

114 2214 199 2260 eum
222 2209 346 2254 neeesse
368 2197 424 2265 est,
446 2189 491 2252 vel
505 2189 633 2252 Verbum
647 2190 764 2252 Patrem
783 2209 862 2263 esse,
885 2189 931 2252 vel
945 2189 1049 2253 Filium
1064 2190 1161 2253 Verbo
1178 2209 1245 2253 esse
1258 2209 1346 2271 prae·

112 2295 313 2363 stantiorem.
357 2291 429 2354 Nam
453 2310 519 2354 oum
541 2291 630 2354 Filius
655 2291 694 2352 sit
716 2291 746 2354 in
768 2291 835 2354 sinu
857 2291 964 2368 Patris,
991 2311 1113 2356 neeesse
1135 2291 1249 2355 estrei
1270 2293 1345 2354 Ver-

113 2402 198 2464 bum
223 2403 290 2458 ante
312 2392 415 2456 Filium
436 2412 498 2455 non
520 2412 598 2468 εεεε,
621 2391 693 2454 nibil
716 2392 795 2455 enim
817 2401 950 2457 estante
972 2413 1049 2469 eum,
1072 2394 1120 2475 qui
1144 2395 1174 2455 in
1189 2393 1276 2454 Patre
1290 2385 1359 2465 est,'

114 2501 171 2562 uei
196 2497 223 2558 si
245 2495 372 2559 Verbum
395 2495 472 2557 aliud
500 2503 547 2558 εει
567 2503 684 2574 praeter
705 2494 825 2569 Filium,
856 2495 989 2576 sequitur
1015 2505 1048 2558 ut
1068 2495 1195 2558 Verbum
1223 2493 1262 2555 sit
1282 2493 1347 2574 ipse
1392 2495 1395 2504 “

117 2601 232 2668 Pater,
265 2596 377 2675 inquo
400 2605 447 2658 εει
467 2593 570 2659 Filius.
616 2597 702 2670 Quod
724 2598 751 2658 si
771 2596 899 2661 Verbum
922 2593 982 2661 non
1005 2605 1052 2660 est
1072 2597 1174 2669 Pater,
1197 2594 1250 2658 sed
1272 2595 1345 2656 Ver-

118 2701 211 2770 bum,
235 2695 325 2777 igitur
345 2695 473 2758 Verbum
495 2687 540 2760 est
561 2706 641 2760 extra
662 2698 789 2774 Patrem,
816 2699 923 2780 qnippe
945 2681 1011 2762 etim
1034 2697 1125 2760 Filius
1147 2697 1177 2758 in
1199 2695 1266 2758 sinu
1287 2695 1346 2756 Pa·
1384 2729 1388 2738 ·

117 2799 179 2864 tris
206 2797 259 2860 εἰι
303 2797 364 2860 Νεε
392 2799 470 2860 enim
498 2799 599 2874 ambo,
628 2819 734 2880 nempe
757 2801 882 2864 Verbum
911 2809 941 2862 et
963 2799 1072 2872 Filius,
1103 2799 1134 2860 iu
1163 2797 1230 2860 sinu
1250 2795 1347 2858 Patris

117 2908 208 2976 sunt,
234 2900 289 2962 sed
311 2918 401 2962 unum
425 2919 491 2961 esse
507 2910 623 2979 oportet
644 2921 768 2982 eumque
790 2901 906 2976 Filium,
929 2901 979 2980 qui
995 2909 1039 2963 εει
1055 2900 1233 2979 unigenitus.
1267 2899 1346 2960 Rur-

115 3025 176 3070 sus
202 3000 230 3064 si
255 3001 333 3063 atiud
355 3009 401 3063 εει
421 3001 547 3064 Verbum
571 3012 600 3064 et
621 3003 694 3066 alius
715 3005 827 3094 Fitius,
839 3002 929 3066 Filius
944 3003 1041 3064 Verbo
1062 3001 1259 3081 praestantior
1281 2998 1346 3062 erit.

117 3109 222 3171 Nemo
254 3104 332 3166 enim
358 3103 473 3165 Patrem
502 3104 653 3183 cognoscit
680 3105 739 3166 nisi
769 3103 878 3178 Filius,
906 3123 966 3166 non
994 3113 1092 3168 antem
1113 3103 1251 3166 Verbum.
1293 3100 1346 3186 Vel

120 3209 217 3291 igitur
241 3203 357 3267 Patrem
380 3223 440 3289 non
462 3205 694 3278 noritVerbum,
718 3205 762 3266 rel
783 3205 810 3267 si
831 3207 922 3280 norit,
944 3206 1016 3269 false
1030 3207 1135 3270 dieitur
1148 3223 1234 3268 neno
1250 3205 1344 3266 nouit.

123 3309 220 3387 Quod
242 3306 319 3370 idem
342 3306 504 3386 urgendum
528 3316 575 3368 est
596 3307 632 3386 de
653 3307 734 3369 hisee
747 3307 861 3370 verbis:
888 3309 950 3382 Qus·
962 3309 1036 3372 vidit
1049 3329 1103 3381 me,
1126 3309 1200 3370 vidit
1214 3306 1429 3382 Postremum.

122 3423 155 3478 et
183 3412 249 3492 Epo
278 3421 308 3472 et
328 3407 420 3471 Peter
446 3427 540 3470 enum
561 3428 675 3471 eumne.
724 3409 855 3489 Namque
883 3410 939 3471 bae
965 3429 1052 3472 voees
1074 3405 1139 3472 Filii
1168 3415 1255 3481 sunt,
1282 3425 1343 3468 non

122 3515 227 3588 Verbi,
251 3521 284 3574 ut
304 3517 407 3591 putant
428 3509 478 3584 itti,
501 3511 589 3590 idque
605 3507 817 3591 erErangeliis
840 3511 997 3574 dilucidum
1020 3521 1076 3574 est.
1118 3511 1192 3574 Nam
1206 3509 1343 3582 Domino,

122 3627 158 3682 ut
180 3622 285 3680 narrat
305 3612 446 3684 loannes,
474 3609 603 3674 dieente:
637 3612 697 3694 Epo
720 3623 749 3676 et
771 3612 862 3676 Pater
888 3633 983 3676 unum
1004 3631 1123 3686 onmes,
1153 3609 1345 3675 sustentarunt

122 3719 242 3802 Iapides
266 3713 379 3786 Iudaei,
401 3723 436 3776 ιιι
452 3713 623 3795 lapidarent
640 3733 715 3777 enne.
760 3713 925 3796 Respondit
946 3719 988 3777 eis
1005 3715 1109 3806 leena:
1132 3713 1230 3775 Multo
1252 3727 1345 3792 opero

124 3823 206 3886 bono
229 3817 351 3882 ostendi
370 3817 452 3878 vobis
475 3833 514 3876 en
535 3815 635 3886 Patre,
654 3825 784 3896 propter
805 3817 884 3897 pund
898 3833 1002 3878 eornm
1024 3832 1158 3894 opusne
1181 3809 1345 3892 lapidetis?

124 3919 363 4003 Responderunt
390 3918 419 3976 ει·
444 3913 562 3977 Iudaei:
593 3915 637 3976 De
667 3916 743 3977 beno
770 3934 859 3996 opere
887 3934 949 3978 non
978 3915 1144 3995 lapidamus
1167 3923 1209 3985 te,
1238 3913 1289 3975 sed
1310 3913 1344 3974 de

125 4021 325 4104 blasphemio,
348 4024 377 4077 et
398 4018 468 4097 poio
489 4026 522 4076 ιιι
544 4015 629 4076 bomo
654 4033 718 4076 oum
740 4020 781 4076 sis
802 4017 879 4096 [onie
902 4028 929 4079 te
954 4020 1052 4096 ipsnnr
1066 4015 1171 4077 Deum.
1208 4012 1344 4096 Respon-

164 4178 181 4226 t.
199 4172 272 4225 basil.
293 4167 421 4230 etbnptie.
440 4160 493 4248 πρὸ
511 4159 658 4247 rodoini..
725 4155 730 4170 '
798 4169 814 4218 i.
839 4169 878 4218 Sic
896 4169 951 4232 dep.
970 4169 1067 4232 Segner.
1085 4169 1156 4220 basil.
1183 4172 1343 4238 otdnsstiean.

165 4261 187 4306 g.
205 4245 264 4304 fleg.
277 4239 406 4300 etSepuer.
417 4229 491 4284 toro
504 4245 621 4285 omittunt.
641 4235 714 4285 tidem
765 4235 791 4286 In
810 4236 863 4286 otiis
881 4243 904 4287 et
922 4238 991 4287 editis
1009 4237 1077 4288 deest
1094 4227 1191 4288 αὐτῶν.

133 4313 221 4362 ibidem
239 4318 262 4360 ει
278 4306 351 4358 Βιειι.
370 4313 393 4354 et
411 4305 477 4366 bapt.
494 4297 539 4352 nui
556 4295 633 4357 ἄλλος
649 4296 713 4356 uide.
799 4305 820 4354 t.
839 4305 878 4354 Sio
894 4305 949 4368 fleg.
968 4314 992 4356 et
1008 4307 1105 4368 Seguer.
1144 4311 1172 4358 tt
1189 4308 1228 4358 otii
1245 4315 1269 4358 et
1286 4309 1343 4362 editi

167 4380 190 4428 b.
208 4381 264 4440 itep.
282 4377 380 4454 sepner.
399 4372 470 4452 basii.
489 4373 608 4437 dngtieao.
625 4373 715 4422 addunt
763 4367 811 4452 ιιαί
830 4374 947 4452 omittunt.
993 4375 1058 4433 Quae
1086 4375 1173 4426 ibidem
1202 4386 1342 4440 sequuntur,

135 4440 203 4562 '‘ii“
214 4439 340 4562 ἴιὰῖιῖἴέ
359 4441 489 4560 “tt't’
509 4441 713 4560 qii‘iiwiiii
763 4449 943 4560 'sir‘ii‘ii‘n'i'
954 4443 1341 4577 {ib'31i⁸¹¹.⁰i;??⁵n³¹n⁰ii¹¹⁸i¹,⁰t

141 4527 390 4642 ingitetptozeoer
406 4525 507 4631 tteoogJ
533 4525 648 4628 defuerint
660 4545 715 4629 editi
766 4563 835 4625 elno.
873 4525 949 4628 citeri
965 4586 988 4627 et
1005 4549 1061 4629 editi
1078 4547 1230 4628 eishabent:
1249 4529 1291 4627 32⁸
1308 4573 1343 4626 σὺ

139 4637 291 4706 ἐβάστασαν
305 4639 359 4712 γὰρ
376 4641 476 4700 didone.
767 4635 911 4713 ἄνθρωπος
923 4637 970 4702 ὧν,
983 4645 1069 4700 noteie
1080 4639 1193 4696 σεαυτὸν
1200 4637 1272 4697 θεόν.
1296 4639 1344 4696 eat
