3226 5280
532 341 675 384 srrsronu
691 343 729 386 ns
745 343 910 387 serronem
925 345 1065 390 emersu.
1351 335 1409 398 131

176 489 321 570 ..quippe
342 495 390 550 est
410 489 521 554 mentis
535 491 692 562 emanatio,
715 501 745 553 et
766 495 812 566 (ut
825 485 953 556 bumaun
968 515 1054 558 more
1067 497 1247 577 loquemur),
1270 517 1307 562 ex
1321 499 1498 563 certensi

178 611 263 672 „per
284 609 321 652 ns
343 590 495 654 emittitur.
540 593 622 654 blens
646 612 717 655 rere
739 613 889 676 quae-per
909 595 1039 675 linguam
1061 599 1194 677 prosilit,
1224 601 1341 666 (lirersa
1363 611 1413 666 est

176 711 224 768 „a
245 692 340 754 verbo
362 693 442 771 qnod
465 693 496 754 in
518 693 608 754 corde
629 693 743 756 existit:
767 695 846 756 istud
869 697 949 759 enim
971 705 1131 778 postquam
1152 699 1223 762 illutl
1244 703 1410 780 praemise-

172 793 265 870 „rit,
287 802 437 865 remanet.
468 802 498 855 et
518 805 566 856 est
586 795 672 874 quale
694 806 780 858 antee
802 807 883 871 erat,
910 797 983 860 illud
1004 817 1077 860 vero
1100 801 1296 877 praemissum
1317 805 1412 868 ernist

177 903 244 972 „et
265 895 493 976 circumquaque
514 897 624 958 fertur:
655 907 685 958 et
713 897 759 958 sie
786 907 834 958 est
855 907 1014 976 utrumque
1037 899 1067 960 in
1089 899 1200 972 altere,
1228 903 1343 964 umetsi
1363 905 1411 966 :li-

177 1013 328 1070 „rersum
350 1003 397 1058 est
418 996 455 1058 ab
477 997 587 1070 alte'ro,
620 1005 651 1058 et
678 1015 771 1058 unrum
793 1005 880 1070 sunt,
911 997 980 1060 licet
1007 998 1067 1060 :luo
1096 999 1166 1060 sint.
1211 1001 1261 1064 Sic
1287 1021 1412 1084 namque

178 1097 295 1172 „Pa-ter
317 1106 347 1158 et
367 1097 460 1160 Filius
481 1115 575 1160 unum
597 1105 677 1168 sunt,
704 1107 735 1158 et
756 1099 786 1160 in
809 1117 842 1160 se
864 1099 988 1161 invicem
1011 1099 1078 1162 illos
1101 1121 1169 1164 esse
1190 1103 1412 1182 comprabetunr

174 1205 287 1274 „est.“
331 1199 519 1262 insecundo
542 1207 641 1262 anum
670 1198 746 1260 bbrn
768 1201 843 1262 baec
870 1201 975 1264 hebet:
1009 1203 1070 1276 „Ut
1092 1203 1170 1266 urim
1200 1223 1286 1266 mens
1310 1215 1413 1268 nesus

175 1307 323 1375 „eructat
345 1319 360 1361 a
382 1301 483 1380 seipsa
506 1299 638 1374 verbum,
660 1307 695 1362 nt
716 1300 757 1363 ait
777 1301 943 1382 Propheta:
966 1304 1126 1368 Eructavit
1147 1323 1203 1368 cer
1221 1325 1320 1368 ereum
1342 1325 1413 1374 uer*

177 1403 280 1476 ‚‚bunr
301 1403 428 1478 bertum,
451 1411 557 1482 estque
579 1411 739 1481 utrumque
759 1402 884 1464 alterum
907 1401 944 1466 eb
965 1403 1058 1466 altero
1081 1405 1252 1468 distinctum
1272 1406 1411 1470 obtinens

176 1504 317 1578 „locum
339 1523 407 1566 cum
428 1503 500 1566 illud
522 1503 642 1583 quidem
664 1503 694 1564 in
718 1503 819 1576 corde,
840 1504 920 1567 istud
943 1506 973 1567 in
995 1505 1094 1585 lingue
1116 1515 1147 1569 et
1167 1526 1221 1570 ere
1238 1527 1408 1572 mmmore-

175 1613 256 1680 „tur
278 1614 309 1668 et
328 1615 500 1678 mereatum:
523 1622 585 1666 nou
608 1614 706 1667 umen
728 1604 854 1666 alterum
876 1606 913 1668 ab
934 1606 1028 1670 altero
1044 1607 1143 1683 dicut,
1165 1627 1221 1672 nec
1236 1629 1269 1672 se
1284 1611 1409 1674 invicem

175 1751 198 1780 „
206 1706 372 1787 prirentur,
406 1723 503 1784 neque
525 1723 610 1766 mens
633 1706 699 1768 sine
723 1704 813 1766 verbo
836 1712 898 1778 est,
927 1725 1025 1788 neque
1055 1708 1178 1772 verbum
1205 1711 1273 1774 sine
1298 1721 1409 1788 mente,

176 1805 263 1880 „set
285 1825 371 1868 mens
394 1805 517 1866 verbum
540 1805 623 1878 lacit,
646 1815 676 1867 et
697 1807 729 1867 in
751 1807 819 1886 ipse
841 1817 978 1888 apparet,
1007 1817 1038 1872 et
1060 1809 1183 1872 verbum
1205 1820 1333 1873 mentem
1356 1831 1410 1878 ex·

174 1905 304 1979 „bibet
326 1906 356 1968 in
378 1924 436 1985 qua
458 1907 566 1966 lactum
590 1915 645 1979 est,
667 1925 812 1988 ruensque
832 1919 881 1972 est
897 1911 982 1990 qussi
997 1911 1121 1974 verbum
1141 1911 1321 1986 immanens,
1343 1931 1412 1976 rer-

176 2004 280 2082 „bum
302 2015 400 2068 autern
424 2005 508 2084 quasi
529 2025 614 2070 mens
634 2009 816 2088 prosiliens:
838 2029 923 2072 mens
946 2011 977 2072 in
999 2011 1121 2074 verboru
1143 2013 1266 2085 transit,
1289 2011 1411 2076 verbum

177 2115 340 2182 „mentem
361 2108 392 2170 in
412 2108 639 2172 circumstantes
662 2109 815 2174 auditores
837 2112 984 2174 insinuat:
1008 2121 1038 2175 et
1058 2113 1104 2174 sic
1118 2131 1204 2175 mens
1218 2132 1274 2193 per
1289 2113 1411 2176 verbum

173 2209 235 2283 „in
257 2209 427 2272 auditorum
450 2210 556 2271 animis
580 2211 758 2286 collocatur,
781 2221 812 2274 et
834 2231 893 2276 uua
915 2229 981 2274 cum
1003 2213 1095 2276 serbo
1118 2213 1217 2276 intret
1261 2215 1303 2274 Ac
1323 2231 1409 2276 mens

174 2311 323 2390 „quidem
347 2319 394 2372 est
416 2311 501 2394 quusi
522 2320 608 2392 pater
622 2313 715 2386 verbi,
738 2315 769 2376 in
788 2314 888 2394 seipsa
913 2315 1053 2389 existens,
1074 2313 1197 2378 rerbunr
1212 2321 1311 2378 auum
1325 2315 1411 2394 quasi

175 2411 279 2486 „lilius
301 2412 422 2487 mentis,
446 2431 507 2474 non
529 2421 598 2474 ante
620 2414 718 2492 ipsam
741 2413 870 2492 quidem,
895 2415 948 2476 sed
971 2433 1067 2494 neque
1089 2425 1170 2476 extra
1192 2413 1288 2494 ipsam
1303 2415 1410 2478 lectum

176 2531 276 2587 „esse
296 2522 412 2593 potest,
448 2514 503 2576 sed
526 2531 594 2574 curu
617 2513 683 2592 ipsa
705 2513 820 2586 existit,
854 2523 884 2575 et
909 2515 947 2576 ab
975 2517 1041 2594 ipsa
1066 2515 1253 2598 germinarit
1296 2515 1410 2581 Eodem

178 2631 324 2692 „quoque
353 2614 444 2674 modo
467 2613 555 2676 Peter
576 2611 626 2674 illc
647 2613 791 2676 maximus
826 2623 856 2678 et
875 2633 961 2680 ruens
984 2617 1031 2678 illa
1054 2616 1230 2680 universalis
1253 2626 1322 2678 ante
1343 2633 1410 2676 om·

177 2711 385 2782 „pistillum
407 2711 498 2772 bellet
519 2711 659 2786 Verbum,
683 2713 873 2796 interpretem
896 2727 928 2780 et
949 2717 1092 2798 Angelum
1114 2721 1238 2778 suum.“
1352 2697 1356 2704 ’

268 3013 320 3074 rt.
363 3009 444 3072 llaec
466 3011 510 3073 rel
532 3029 681 3092 nunquam
705 3015 816 3076 audivit
835 3015 938 3088 Arius,
960 3015 1006 3078 rel
1022 3015 1055 3082 si
1077 3011 1191 3076 audiuit
1212 3027 1273 3072 nnn
1294 3010 1403 3074 intelle·

178 3110 223 3174 xit
244 3111 335 3174 borno
357 3112 511 3174 indoctus:
540 3131 607 3176 narn
630 3113 656 3174 si
677 3113 889 3198 intellexisset,
917 3133 978 3175 non
1005 3121 1084 3176 tauta
1114 3110 1266 3174 mendacia
1287 3111 1325 3173 de
1346 3112 1411 3192 qai-

175 3229 273 3294 soopo
295 3213 515 3292 pervulgasset:
536 3213 598 3276 inre
621 3215 724 3294 potius
745 3214 838 3288 illum,
861 3223 895 3276 ut
917 3232 982 3287 nes,
1007 3213 1045 3274 ob
1061 3213 1183 3280 insitum
1205 3212 1235 3274 iu
1257 3213 1408 3278 veritatmn

173 3314 278 3376 oditur:
301 3313 439 3376 convitiis
461 3314 622 3378 insectatus
644 3315 763 3378 luisset.
805 3316 879 3376 llam
901 3333 968 3376 curn
989 3315 1095 3378 Christi
1118 3315 1157 3376 sit
1179 3315 1285 3390 bostis,
1308 3315 1406 3378 liberr-

172 3415 290 3478 tissime
310 3423 509 3496 persequetur
530 3415 607 3489 illns‚
634 3418 685 3497 qui
707 3435 782 3495 queo
804 3417 913 3478 Cbristi
934 3426 1005 3478 sunt
1025 3417 1152 3496 sapiunt,
1175 3423 1208 3478 ut
1229 3417 1295 3497 ipse
1316 3432 1492 3497 prae-naen.

175 3515 249 3578 dixit
267 3516 431 3578 Dominus:
466 3515 502 3578 Si
519 3535 566 3578 me
583 3523 767 3600 persequuti
785 3529 874 3594 suat,
898 3529 927 3581 et
948 3537 1001 3582 nor
1020 3529 1255 3600 persequentur.
1298 3519 1358 3579 but
1379 3517 1407 3580 si

175 3626 281 3696 putant
301 3617 462 3698 impietatis
489 3619 622 3698 petroni,
652 3637 755 3682 secum
777 3621 888 3682 sentire
908 3619 1099 3702 Dionysium,
1129 3619 1233 3680 ortem
1260 3617 1407 3698 quasillo

175 3718 316 3794 scribant,
339 3719 441 3782 eadem
463 3722 675 3799 profiteantur:
699 3719 830 3785 scribant
851 3721 984 3801 exempla
1007 3721 1065 3794 ille,
1088 3720 1127 3782 tle
1147 3718 1233 3780 uinea
1254 3737 1362 3798 nempe
1377 3728 1408 3782 et

173 3817 318 3898 agricola,
341 3819 377 3881 de
400 3821 507 3901 seapba
529 3831 560 3882 et
581 3821 681 3894 labro,
712 3831 743 3884 et
764 3841 822 3885 nna
844 3823 1059 3892 confiteantur,
1089 3837 1163 3897 quae
1186 3819 1252 3898 ipse
1274 3819 1405 3882 cousub-

209 4087 231 4120 e.
251 4071 307 4186 ἢεί.
332 4071 401 4122 eolus
426 4065 440 4118 ὅ
463 4066 492 4122 δὲ
510 4071 575 4124 νοῦς
591 4063 761 4152 lipaanele.
813 4081 917 4122 ruentem
936 4071 1082 4138 quandoque
1101 4073 1189 4135 legitur
1206 4065 1349 4122 tuentem.

164 4130 261 4188 traxi
295 4129 653 4203 lio'pocrirrnoirrrlcrouc
662 4151 762 4206 ακροα-
847 4141 863 4189 1.
883 4139 939 4202 lleq.
951 4139 1024 4190 ussit.
1043 4149 1068 4190 et
1084 4133 1313 4210 etliliivulprirrnt.
1336 4139 1402 4192 Trn-

172 4199 224 4258 τὰς
241 4197 366 4269 inuniri.
394 4209 475 4258 Genus
487 4207 761 4272 loquendieClemeote
813 4210 859 4260 ris.
878 4208 946 4259 Colb.
966 4209 1010 4260 les.
1030 4209 1068 4260 rr.
1085 4209 1102 4258 l.
1120 4203 1268 4274 ἐνίδρυται

173 4274 334 4324 Alexandrino
353 4275 538 4340 trequenurnrn
562 4277 761 4342 stenperporr.
807 4319 812 4324 .
847 4291 869 4338 q.
887 4277 985 4326 Tauria.
1004 4277 1073 4328 colb.
1093 4276 1202 4326 lementi
1220 4267 1235 4324 ri
1254 4285 1309 4326 rate
1322 4271 1400 4342 ptyr-

174 4341 259 4420 pum·
278 4337 333 4419 [null
347 4341 424 4406 Spibl
449 4335 569 4408 iyauslei
591 4342 630 4408 roi
647 4341 759 4410 θεάτρῳ
813 4355 884 4397 oruc.
920 4345 994 4394 Panlo
1011 4338 1188 4408 poetaruiente
1200 4335 1395 4406 &preterisset

172 4421 238 4461 tour
265 4409 362 4465 trous
389 4412 450 4462 llere
476 4416 502 4464 ir
524 4415 638 4464 tlrentrure
660 4414 760 4466 iunci.
812 4414 836 4462 in
855 4414 910 4476 lleq.
930 4412 1167 4463 Teurin.Celb.les.
1204 4413 1395 4475 Opportuusta·

170 4475 239 4528 Aliae
263 4473 300 4541 [p.
325 4475 362 4541 u}
389 4469 524 4543 ἱγιυκλιῖν
549 4479 608 4534 sele
632 4479 756 4536 θεαταῖς.
811 4495 866 4531 neu
885 4481 992 4544 positum
1011 4480 1112 4530 sirletus.

164 4547 342 4608 ,specularibus
358 4545 486 4600 insinuare.
521 4549 589 4612 spus
607 4549 688 4613 ipsum
700 4549 756 4602 cte
844 4549 866 4598 lu
886 4548 985 4600 Tanain.
1004 4546 1072 4598 colb.
1092 4546 1138 4596 les.
1157 4545 1196 4596 l’r.
1207 4545 1225 4595 1.
1249 4538 1400 4606 tristarer.

1161 4627 1199 4679 9*
