3234 5282
206 347 268 416 36⁰
450 403 458 424 ,
598 359 624 404 ο.
639 359 794 404 amum
808 357 1033 404 καταιαειοοονι

113 511 392 600 ,εκτῦνθρωπος
413 506 591 594 ἐργάζεται,
615 503 669 574 ὅτι
690 495 790 574 αῦται
809 507 870 590 μὲν
892 501 1107 589 ύπάρχουσιν,
1132 501 1203 574 ὁδί
1217 501 1473 592 λόγος-αῦτυῖῦυΙ

207 611 265 698 ούχ
296 609 512 698 ·ῦφίσταται,
548 603 566 672 5
601 607 638 674 δέ
665 610 724 674 τοῦ
746 609 831 674 θεοῦ
853 605 965 691 λόγος,
1000 601 1045 686 ῶς
1067 600 1160 673 εἶπεν
1185 602 1203 673 5
1233 601 1461 691 ἀπόστολος,

206 716 270 798 ζῶν
302 712 393 780 ἐστιν
424 705 443 773 5
475 707 573 792 λόγος
602 710 661 774 τοῦ
692 709 777 774 θεοῦ
809 709 864 773 καί
898 705 1027 793 ἐνεργής
1057 704 1112 774 καὶ
1133 705 1322 794 τομώτερος
1349 705 1462 800 ὑπὲρ

205 818 319 882 πᾶσαν
340 810 506 896 μάχαιραν
528 810 687 892 δίστομον
708 803 765 874 καὶ
786 807 1011 894 διικνούμενος
1033 805 1109 892 ῦγρι
1131 811 1312 895 Ι’μερισμοῦ
1329 816 1457 898 ψυχῆς

204 918 259 983 καί
288 911 492 996 πνεύματος,
523 905 637 996 ἁρμῶν
664 934 702 976 τε
717 910 783 975 -καλ
804 910 948 993 μυελῶν,
976 906 1034 977 καὶ
1053 908 1198 994 κριτικὸς
1220 909 1453 998 ἐνθυμήσεων

205 1018 259 1084 καί
282 1014 418 1082 ἐννοιῶν
438 1011 594 1098 καρδίας·
622 1008 677 1076 καὶ
701 1003 759 1076 οῦκ
781 1010 853 1077 ἔστι
874 1017 979 1089 κτίσις
1002 1004 1130 1098 ἀφανής
1153 1009 1299 1079 ἐνώπιον
1321 1008 1447 1096 αὐτοῦ,

205 1117 318 1185 πάντα
340 1115 377 1181 δὲ
398 1110 504 1200 γυμνὰ
525 1113 579 1178 καί
600 1111 879 1204 τετραχηλισμένα
900 1121 973 1190 τοῖς
995 1104 1191 1198 ὀφθαλμοῖς
1212 1107 1325 1194 αύτοῦ,
1349 1115 1446 1202 πρὸς
1487 1145 1498 1154 ·

119 1277 122 1284 ,
207 1216 245 1285 ῦν
265 1213 345 1305 ἡμῖν
368 1210 386 1281 5
408 1212 546 1299 λόγος’).
580 1210 776 1298 δημιουργός
797 1201 873 1279 οοῦν
895 1212 977 1293 ἐστι,
999 1209 1056 1278 καὶ
1074 1211 1176 1299 χωρὶς
1190 1207 1292 1280 αύτοῦ
1308 1213 1439 1300 ἐγένετο

207 1315 284 1387 οῦδὲ
306 1317 350 1397 ἓν,
374 1309 452 1382 ούδέ
473 1311 613 1381 δυνατόν
634 1337 669 1378 τι
689 1318 847 1398 γίνεσθαι
865 1315 967 1398 χωρὶς
989 1303 1098 1380 αύτοῦ.
1439 1375 1443 1380 .

105 1493 110 1503 ,
290 1425 341 1488 36.
391 1412 439 1484 Ού
468 1416 521 1483 δεῖ
549 1414 586 1481 δὲ
608 1413 731 1501 ζητεῖν,
749 1413 847 1502 Qu!
866 1413 911 1501 μὴ
934 1417 1087 1493 τοιοῦτος
1108 1409 1127 1478 5
1149 1416 1208 1480 τοῦ
1230 1418 1315 1484 θεοῦ
1336 1415 1432 1502 λόγος

208 1514 280 1597 οἶος
301 1516 356 1586 καὶ
379 1513 397 1585 5
419 1513 585 1605 ἡμέτερος,
610 1514 683 1582 ἐπεὶ
704 1514 749 1600 μὴ
772 1517 925 1594 τοωῦτος
947 1511 965 1580 5
988 1513 1071 1592 θεὸς
1086 1509 1155 1582 οέοι
1169 1518 1224 1583 καί
1239 1512 1339 1603 ἡμεῖς,
1365 1512 1430 1595 ἰός

204 1626 416 1707 προείρηται·
440 1612 508 1684 ἀλλ’
533 1611 610 1683 οῦδὲ
630 1621 757 1702 πρέπει
778 1615 895 1703 ζητεῖν,
920 1619 995 1714 πῶς
1018 1616 1052 1684 ῦι
1065 1619 1125 1682 τοῦ
1136 1620 1220 1684 θεοῦ
1237 1617 1325 1685 ἐστιν
1340 1612 1358 1683 5
1373 1617 1427 1684 λό-

204 1740 276 1808 γος,
299 1713 321 1806 ἢ
341 1721 417 1797 πῶς
438 1713 642 1802 ἇπαύγασμόι
664 1715 737 1782 ἐστι
756 1719 816 1782 τοῦ
838 1721 933 1799 θεοῦ,
957 1713 978 1804 ἢ
1000 1721 1076 1797 πῶς
1096 1722 1192 1806 γεννᾷ
1215 1714 1233 1784 5
1255 1719 1355 1801 θεός,
1377 1721 1431 1788 καὶ

205 1829 257 1904 τίς
284 1820 302 1889 5
328 1819 456 1908 τρόπος
476 1822 534 1904 τῆς
555 1819 614 1883 τοῦ
635 1820 719 1884 θεοῦ
741 1815 938 1905 γεννήσεως·
966 1815 1126 1918 μαίνριτό
1143 1817 1205 1906 γόιρ
1227 1817 1269 1886 όν
1290 1846 1342 1900 τις
1363 1843 1433 1888 τοι·

119 1927 291 1994 τοιαῦτα
311 1922 457 2006 τολμῶν,
487 1915 541 1986 ότι
561 1921 700 2005 πρᾶγμα
720 1915 862 2006 όῤῥητον
883 1918 939 1986 καὶ
962 1918 1093 2006 φύσεως
1115 1921 1204 1988 ῦδων
1224 1925 1320 2003 θοοῦ,
1343 1921 1433 2011 μόνην
1498 1976 1506 1984 .
1601 1941 1602 1966 ¹

204 2037 242 2093 τε
263 2018 352 2109 αύτῷ
374 2023 428 2087 καί
450 2022 498 2106 τῷ
520 2019 581 2106 υἱῷ
602 2003 852 2105 γινωσκῆεῖιῖν,
877 2014 968 2099 ἇξιοῖ
989 2019 1117 2105 ’λόγοις
1131 2015 1213 2086 αύτό
1229 2022 1435 2113 ἕρμηνευθή-

140 2181 146 2185 .
206 2145 278 2192 ναι·
307 2118 381 2190 ἶσον
408 2119 469 2207 γάρ
487 2119 564 2188 ’ἐστι
584 2118 662 2198 τοὺς
682 2119 851 2197 τοωύτους
874 2119 996 2209 ζητεῖν,
1023 2123 1092 2186 ποῦ
1115 2117 1133 2186 5
1155 2121 1252 2202 θεός,
1282 2127 1436 2204 καὶπῶς

206 2225 296 2292 ἐστιν
325 2218 343 2289 5
370 2220 468 2303 θεός,
491 2220 547 2290 καὶ
567 2220 741 2301 ’ποταπός
764 2221 851 2288 ἐστιν
874 2215 892 2286 5
914 2218 1036 2304 πατήρ.
1075 2213 1145 2285 ἀλλ’
1170 2217 1282 2309 ὥςπερ
1304 2223 1345 2292 τό
1362 2249 1435 2294 τοι-

206 2326 285 2392 οῦτο
307 2323 432 2412 ἐρωτᾷν
455 2317 573 2410 ἀσεβές
594 2307 673 2392 ἐδτι
687 2321 744 2389 καί
765 2317 969 2408 ἀγνοούντων
990 2320 1048 2387 τὸν
1070 2319 1162 2400 θεόν,
1187 2317 1294 2402 οῦτως
1316 2322 1356 2391 ού
1371 2312 1435 2394 θί-

204 2451 262 2512 μις
289 2420 367 2493 ούδέ
387 2423 468 2511 περὶ
487 2427 547 2514 τῆς
568 2426 627 2492 τοῦ
650 2425 724 2491 υἱοῦ
746 2426 805 2489 τοῦ
827 2425 911 2490 θεοῦ
933 2419 1111 2509 γεννήσεως
1132 2424 1272 2487 τοιαῦτα
1293 2426 1429 2512 τολμᾷν,

206 2523 283 2596 ούδέ
304 2530 343 2616 τῇ
367 2526 492 2594 ἑαυτῶν
515 2525 616 2613 φύσει
635 2523 692 2591 καλ
714 2519 875 2616 δσθενείρ
896 2533 1092 2609 ουμμετρεῖν
1113 2521 1169 2589 τὸν
1190 2519 1273 2590 θεὸν
1294 2522 1351 2590 καὶ
1371 2524 1430 2610 τὴν

205 2627 324 2696 τούτου
347 2634 486 2716 σοφίαν·
508 2621 598 2693 τᾶλλ’
623 2620 700 2692 οῦδὲ
722 2624 780 2692 διὰ
800 2627 899 2691 τοῦτο
917 2623 974 2690 καὶ
988 2623 1081 2711 παρὰ
1095 2622 1153 2712 τὴν
1168 2617 1328 2716 ύλήθειαν
1344 2635 1432 2693 νοεῖν

167 2783 170 2788 -
206 2729 371 2820 προςήκει,
396 2723 473 2796 οῦδὲ
496 2728 526 2795 εἰ
548 2721 671 2813 ἀπορεῖ
691 2750 744 2804 τις
767 2725 870 2811 ζητῶν
886 2723 1116 2812 περὶτούτων,
1141 2720 1271 2814 ὀφείλει
1283 2725 1339 2794 καί
1354 2721 1436 2794 5⁷:0-

206 2842 296 2900 στεῖν
317 2834 411 2909 ιτοῖς
442 2820 694 2928 γεγραμμένοις·
724 2827 856 2911 βέλτιον
888 2823 953 2910 γὰρ
980 2822 1193 2922 ἀποροῦντας
1220 2831 1353 2896 σιωπᾶν
1380 2826 1437 2896 καὶ

205 2932 391 3014 πιστεύειν,
421 2923 442 3018 ἢ
464 2924 621 2998 ἀπιστεῖν
642 2925 714 2995 ἱδιόι
735 2925 774 2992 τὸ
797 2919 947 3012 όπορεῖν.
985 2925 1076 2993 διότι
1098 2922 1116 2994 5
1137 2930 1198 3012 μὲν
1221 2923 1358 3016 ἀπορῶν
1381 2928 1438 2996 δύ-

205 3041 303 3102 ναταί
323 3058 398 3112 πως
419 3030 476 3099 καὶ
496 3030 689 3119 συγγνώμην
711 3029 811 3113 ἐχειν,
837 3023 890 3124 ότι
912 3022 999 3105 ῦλως
1020 3021 1080 3114 κᾷν
1103 3029 1244 3116 ζητήσας
1266 3026 1434 3119 ἠρέμησεν,

196 3131 225 3200 ό
255 3136 292 3202 δὲ
312 3132 391 3201 1“διο“ι
418 3133 457 3199 τὸ
487 3129 628 3220 ἀπορεῖν
659 3133 805 3201 ἐπινοῶν
833 3128 940 3216 ἐαυτῷ
968 3126 1011 3194 τὰ
1037 3127 1082 3212 μή
1111 3129 1230 3195 δέοντα
1250 3129 1370 3198 καὶτὰ
1391 3129 1436 3219 μή

205 3231 284 3312 ῦξια
305 3231 386 3317 περὶ
405 3235 490 3298 θεοῦ
513 3234 741 3321 φθεγγόμενος
764 3227 993 3318 ἂσύγγνωστον
1015 3227 1081 3311 ἐγει
1101 3231 1159 3314 τῆς
1173 3228 1297 3316 τόλμης
1310 3229 1370 3320 τήν
1385 3232 1438 3299 δί-

205 3357 273 3420 κην.
310 3329 449 3397 δύναται
467 3331 530 3418 γὰρ
551 3332 609 3399 καὶ
630 3337 696 3399 τῶν
718 3331 880 3398 ’τοωύτων
902 3327 1055 3418 ἇποριῶν
1078 3329 1161 3420 ’ἐχειν
1182 3330 1259 3399 τινὰ
1279 3355 1438 3417 παραμυ-

206 3437 290 3500 θίαν
313 3429 348 3498 ἐκ
369 3431 435 3495 τῶν
457 3436 563 3499 θείων
585 3435 732 3519 γραφῶν,
756 3427 839 3510 ῶςτε
852 3430 1032 3514 λαμβάνειν
1046 3433 1106 3516 μὲν
1120 3433 1229 3511 καλῶς
1242 3431 1437 3518 τὰγεγραμ-

206 3537 298 3619 μένα,
322 3539 409 3597 νοεῖν
432 3530 469 3596 δέ
492 3526 537 3608 ῶς
559 3531 593 3598 ἐν
614 3532 860 3617 παραδείγματι
881 3529 939 3597 τὸν
953 3526 1110 3618 ήμέτερον
1125 3531 1232 3620 λύγού,
1257 3529 1310 3600 ὅτι
1325 3527 1436 3620 ῶςπερ

206 3622 304 3714 ,οὗτος
325 3630 414 3708 ἰ’διος
436 3628 472 3710 ἐξ
490 3624 585 3715 ἡμῶν
607 3629 756 3698 ἐστικαὶ
778 3628 836 3698 οῦκ
859 3631 985 3711 ἔξωθεν
1006 3629 1115 3718 ιήμῶν
1138 3633 1247 3724 ἔργον,
1272 3632 1359 3724 οῦτω
1380 3634 1437 3702 καὶ

133 3731 136 3741 ’
208 3730 226 3802 5
247 3737 307 3802 τοῦ
328 3734 414 3800 θεοῦ
436 3729 533 3820 λόγος
554 3731 642 3812 ἰ’διός
664 3731 753 3800 ἐστιν
776 3731 812 3812 ἐξ
833 3723 933 3798 αύτοῦ
956 3730 1012 3798 καὶ
1034 3729 1092 3802 ούκ
1114 3735 1186 3803 ἐστι
1207 3744 1337 3825 ποίημα
1359 3731 1437 3805 ούδδ

205 3943 365 4024 θρωπον·
389 3935 461 4004 ἰδού
482 3935 545 4024 γὰρ
567 3937 671 4007 πάλιν
693 3933 759 4005 τῶν
780 3937 841 4022 μέν
860 3931 1054 4025 ἀνθρώπων
1068 3939 1192 4007 πολλοὶ
1206 3939 1262 4009 καὶ
1276 3937 1437 4029 διάφοροι

274 4093 300 4155 ι)
317 4092 391 4144 τοι.
412 4094 437 4154 ι,
457 4066 498 4144 iz.
518 4093 557 4144 ιο.

238 4242 259 4277 ε.
278 4225 419 4289 δεςυετίια.
443 4227 539 4278 Gobler.
559 4228 664 4278 λέΙελιυ.
686 4229 707 4278 1.
726 4235 750 4277 et
768 4229 792 4277 4.
880 4246 900 4280 ε.
919 4230 1018 4289 Segner.
1043 4234 1067 4274 ει
1084 4225 1225 4275 ΡιΙεΙιαι.4
1250 4213 1326 4288 γοῦν.
1361 4228 1445 4277 lidum·

202 4287 361 4359 ὑφέστηκεν.
385 4294 447 4344 aditi
457 4294 546 4358 aliique
556 4286 716 4359 ῦφίσταται.
742 4294 794 4346 Μαι
845 4296 919 4360 paulo
938 4303 994 4362 ροει
1011 4301 1033 4342 ει
1053 4293 1109 4354 θος.
1128 4283 1193 4340 οῦδὲ
1211 4285 1331 4339 δυνατόν
1349 4305 1376 4340 τι
1391 4306 1438 4356 γε·

145 4396 153 4410 *
204 4363 261 4425 Res.
281 4362 386 4412 ῦεΙείιιο.
400 4363 425 4412 4.
434 4369 458 4410 ει
468 4361 492 4410 5.
511 4359 566 4424 ζῶν
582 4355 642 4410 ἐστι
658 4354 704 4410 καί
721 4355 793 4428 ἔνερ-
844 4357 951 4412 νίσθαι.
988 4361 1094 4411 Felckm.
1113 4361 1136 4409 4.
1155 4360 1213 4410 ibid.
1233 4350 1297 4407 τόδὲ
1314 4356 1411 4418 ζητεῖν.

201 4422 253 4494 νήε
271 4431 370 4480 omissis
388 4422 402 4477 5
421 4421 502 4492 λόγος
519 4425 568 4478 τοῦ
585 4425 661 4478 θεοῦ.

236 4499 260 4548 h.
279 4499 419 4560 ὃεςαιιίτα.
437 4494 589 4566 μερισμῶν.
628 4495 700 4548 θεοῦ.
719 4497 791 4562 paulo

201 4571 260 4630 ροιῑ
274 4580 319 4632 pro
335 4561 444 4635 μυελῶν
461 4565 534 4616 hahet
548 4560 647 4632 μελῶν.

878 4463 902 4514 d.
920 4462 1020 4524 Seguer.
1032 4461 1195 4512 υιΡιΙοΙιτο.4
1214 4451 1301 4526 ύςπερ
1320 4452 1427 4528 εἴρηται

843 4531 896 4582 Ιοι
913 4529 1015 4594 Seguer.
1032 4523 1077 4579 καὶ
1094 4525 1152 4584 πῶς
1170 4521 1349 4598 ῦπούγασμα.
