3162 5308
529 375 673 420 neaeram
688 375 709 419 1.
724 375 761 420 aa
777 375 973 432 eeatmouma.
1273 363 1331 426 tet

120 529 155 590 iu
178 507 287 590 Genesi
308 526 447 607 seriptum
470 533 531 588 oet:
562 525 602 590 lit
622 527 750 590 adducit
770 525 860 590 lleua¹
875 531 1017 608 spiritum
1037 545 1130 609 cuper
1152 537 1280 600 terreae,
1307 539 1336 592 et
1344 543 1422 590 meet.

95 632 297 692 -e'mmiuutae
318 637 391 690 cum
412 646 514 709 aquae.
559 627 601 688 llo
623 627 694 688 lona
714 628 801 690 item:
824 629 864 690 lit
879 632 1021 692 eueitauit
1034 629 1181 692 domium
1197 633 1339 710 apiriium

118 736 155 794 ira
176 750 270 804 mare,
294 742 322 794 et
342 731 426 810 [acto
448 740 492 792 ert
514 736 673 810 tempestae
696 747 803 808 mopua
825 733 857 790 iu
877 735 966 801 mari,
989 740 1017 792 et
1037 735 1124 792 uaoic
1142 731 1338 812 periclitata-

118 843 176 894 tur
199 836 323 894 caeteri.
367 830 404 892 Et
431 831 462 891 iu
484 829 645 892 centesimo
666 836 748 890 sexto
770 828 906 892 Psalmo:
934 829 1021 894 uma
1048 841 1077 894 et
1104 827 1185 904 u'euit
1212 836 1339 912 spiritua

115 931 292 1014 procellae,
327 943 356 996 et
386 932 514 997 eaaoltati
534 942 606 994 caut
627 933 741 1010 fluctuo
763 935 837 994 cium
880 931 918 992 Et
938 931 970 992 in
991 932 1152 994 centesimo
1175 933 1339 1013 quadrege-

119 1035 199 1096 simo
222 1042 324 1097 octavo
345 1033 479 1096 Psalmo:
502 1033 635 1096 laudate
656 1032 817 1094 Dominum
838 1034 873 1096 de
895 1044 998 1108 terra,
1021 1034 1166 1096 dracones
1189 1045 1218 1098 et
1239 1053 1340 1098 omues

117 1139 236 1218 ulpici,
259 1140 345 1216 ipris,
367 1137 494 1217 praudo,
516 1140 581 1206 uie,
603 1134 723 1215 plociea,
745 1137 873 1214 spirituc
890 1133 1109 1214 procellarum,
1132 1153 1206 1217 quae
1222 1137 1342 1216 [aciuut

125 1239 256 1301 Verbum
276 1243 349 1300 eiuu
392 1237 430 1298 Et
451 1237 528 1318 apud
549 1235 731 1298 Ezechielem
753 1235 784 1296 iu
805 1235 931 1298 lamento
954 1233 1039 1315 Tyri:
1066 1235 1104 1298 lu
1126 1237 1215 1302 corde
1236 1241 1340 1310 acaria,

30 1395 34 1401 .
124 1345 159 1402 iu
186 1343 270 1421 aquis
298 1339 401 1402 multia
430 1341 626 1403 adducerom
660 1349 688 1400 te
721 1341 845 1417 remipee
878 1341 939 1409 tui:
976 1341 1104 1418 epiricus
1137 1341 1240 1400 auetri
1268 1356 1342 1401 coa-

123 1445 213 1504 trivit
235 1452 271 1503 te.

211 1748 241 1809 8.
287 1744 367 1817 Quin
389 1742 476 1804 etiem
499 1742 525 1803 ei
547 1741 631 1804 vobis
655 1751 770 1804 sanctes
792 1743 905 1806 litteras
926 1744 1026 1824 legere
1047 1743 1154 1820 lubeat,
1175 1745 1272 1825 ipsum
1293 1744 1341 1808 di-

123 1847 263 1908 vinorum
289 1844 447 1907 verborum
475 1863 594 1906 sensum
622 1845 758 1925 spiritum
787 1863 903 1926 quoque
925 1845 1063 1927 appellari
1085 1846 1249 1927 reperietis.
1293 1845 1344 1908 Sic

15 2017 19 2026 .
121 1947 206 2010 enim
227 1947 335 2010 Paulus
358 1947 476 2010 scribit:
509 1946 571 2021 Qui
596 1957 625 2010 et
651 1949 772 2018 idoaeoc
800 1967 855 2012 uos
885 1951 958 2030 feeit
978 1953 1140 2014 mim‘etroc
1157 1953 1231 2012 mavi
1250 1959 1363 2032 tecta,
1440 2011 1445 2022 ,

123 2054 233 2120 merati,
255 2068 317 2112 mou
339 2049 474 2120 litterae,
498 2049 550 2110 sed
572 2052 711 2129 spiritus.
755 2049 870 2113 Littera
892 2054 969 2113 euim
991 2051 1114 2126 occidit,
1137 2054 1263 2130 apirituc
1286 2069 1344 2112 aa·

125 2163 185 2214 teret
206 2151 348 2232 vivificat.
392 2149 543 2230 Siquidem
559 2149 669 2212 dictum
683 2150 780 2212 littera
795 2163 946 2212 exaratum
961 2159 1017 2224 eet,
1040 2170 1147 2214 sensus
1158 2170 1241 2225 vero,
1257 2169 1344 2231 quem

125 2252 268 2326 eontinet,
291 2253 413 2334 spiritus
436 2253 551 2314 dicitur.
594 2252 638 2314 lta
660 2260 689 2314 et
711 2252 761 2315 lem
782 2254 951 2333 spiritualia
975 2263 1029 2327 eet,
1051 2263 1083 2316 ut
1100 2254 1345 2333 quemadmodum

125 2354 205 2418 idem
228 2354 316 2426 dixit,
339 2373 400 2416 uon
422 2355 585 2416 serviamus
608 2355 641 2414 iu
662 2364 809 2418 uetustate
832 2353 966 2432 litterae,
998 2355 1051 2416 sed
1074 2359 1106 2417 ia
1127 2359 1261 2420 nouitate
1282 2359 1346 2434 epi-

126 2461 218 2521 rituc.
261 2456 343 2523 ldem
365 2473 482 2535 quoque
504 2456 612 2535 gratias
634 2473 724 2536 agens
747 2454 875 2519 dicebat:
899 2457 999 2537 lpitur
1014 2475 1064 2536 epo
1087 2460 1150 2536 ipae
1165 2463 1261 2518 meato
1276 2472 1343 2518 aer-

124 2561 176 2618 oio
200 2557 258 2635 le9i
277 2557 341 2628 Dei,
364 2576 456 2620 carue
477 2568 578 2620 autem
600 2557 658 2637 lepi
673 2562 798 2638 peccati.
841 2558 925 2621 Nila'l
946 2577 1016 2640 erpo
1037 2575 1117 2620 auur
1142 2558 1343 2621 damuatiouic

128 2663 176 2716 eet
197 2659 245 2723 iia,
267 2661 319 2737 qui
340 2670 411 2720 ruat
432 2663 465 2721 iu
489 2660 608 2722 Glrirto
630 2658 709 2720 lecu.
754 2659 816 2722 Lem
836 2665 913 2722 em'm
935 2663 1063 2741 spiritus
1083 2662 1161 2720 uitae
1174 2662 1207 2720 iu
1224 2658 1343 2720 Gloriato

128 2753 199 2816 lecu
223 2754 361 2818 liberauit
381 2777 426 2820 me
447 2778 466 2819 a
491 2760 551 2840 lepe
569 2764 693 2841 peccati.
736 2759 890 2841 Philippus
913 2761 1000 2823 etiam
1022 2759 1228 2844 Eunuahama
1251 2760 1346 2821 littera

127 2855 166 2918 ad
195 2855 330 2936 spiritum
355 2868 529 2936 eonvertere
557 2861 658 2922 volens
686 2861 798 2924 aiebat:
832 2861 980 2940 lutellipie
1008 2880 1083 2942 quae
1105 2859 1201 2941 lepis?
1243 2859 1345 2922 Talem

130 2975 247 3036 quoque
270 2959 405 3039 spiritum
421 2960 507 3024 Caleb
529 2962 669 3026 habuisse
692 2983 727 3025 ex
742 2963 880 3044 Numerio
896 2971 1021 3036 constet,
1043 2963 1103 3024 ileo
1120 2962 1248 3025 dicente:
1273 2961 1348 3026 Ser·
1395 3005 1399 3018 ·
1489 2945 1493 2959 ’

129 3077 186 3119 uus
207 3077 292 3122 meuc
317 3060 418 3132 Celei,
446 3069 516 3144 quia
536 3066 636 3144 factm
662 3075 706 3126 eet
727 3063 807 3126 aliua
829 3068 956 3144 spirituc
977 3068 1011 3126 ie
1031 3083 1082 3141 eo,
1111 3074 1141 3127 et
1162 3077 1281 3130 secutur
1304 3071 1348 3126 eet
1403 3101 1408 3112 ·

129 3177 189 3231 me,
217 3163 356 3224 iudaeam
378 3161 476 3243 meum
497 3169 529 3226 ia
552 3174 681 3236 terram,
715 3169 746 3227 ia
769 3183 856 3245 qaam
876 3163 938 3227 illic
959 3169 1116 3246 mpreecuc
1139 3179 1193 3230 est.
1236 3165 1348 3246 Nempe

131 3261 197 3340 quio
219 3263 268 3324 ille
289 3263 343 3326 aliu
366 3263 403 3326 ab
426 3264 483 3326 illis
505 3275 603 3326 mente
627 3265 744 3328 loeutus
768 3266 816 3339 sit,
838 3267 898 3328 Deo
920 3266 976 3328 luit
995 3276 1141 3347 aceeptus.
1186 3268 1257 3330 Tele
1276 3269 1347 3330 item
1377 3345 1381 3362 ὓ

129 3381 181 3425 cor
202 3365 343 3444 populum
364 3366 474 3428 hahere
496 3361 583 3430 iussit
604 3367 684 3430 lleue
707 3385 762 3448 per
782 3368 978 3430 Ezechielem:
1002 3367 1102 3433 Facite
1123 3371 1206 3433 uobis
1223 3388 1276 3432 cor
1290 3389 1347 3432 aa·
1422 3439 1427 3452 ,

128 3485 201 3528 uum
221 3477 251 3528 et
271 3472 414 3548 spiritum
436 3487 555 3530 aarum
602 3469 685 3542 Quae
709 3469 837 3532 eumilo
859 3470 936 3544 sint,
959 3479 989 3531 et
1010 3477 1090 3532 tante
1112 3471 1166 3545 sit,
1188 3477 1222 3533 ut
1243 3480 1346 3534 osteu-

130 3565 415 3649 alimus,1spirituu'm
437 3569 611 3644 differentia,
636 3569 756 3650 aequius
780 3571 914 3652 prolecto
933 3554 1070 3652 egeretis,
1092 3571 1118 3636 ei
1134 3573 1183 3636 ubi
1199 3573 1235 3635 de
1250 3580 1348 3636 creato

132 3820 193 3870 mulo
217 3813 321 3884 opicae
340 3833 395 3872 coo.
431 3823 491 3873 ibid.
510 3824 566 3885 lies.
579 3825 601 3873 t.
618 3819 712 3890 uupda'-
765 3826 832 3876 beot.
867 3825 919 3875 liax
936 3826 1008 3876 iidem
1026 3820 1057 3874 ἒν
1073 3819 1235 3888 παλαιότητι
1251 3826 1347 3890 haheat,

132 3901 174 3941 αις
191 3884 347 3936 duluaaadr.
767 3893 839 3942 ceteri
859 3901 883 3942 et
899 3893 956 3942 editi
973 3883 1003 3941 tv
1020 3895 1140 3944 omittam.

154 3973 186 4038 ὀ.
205 3989 245 4038 Sic
263 3989 319 4049 lieo.
336 3990 360 4037 1.
384 3998 407 4036 et
430 3989 528 4049 Seguer.
564 3989 643 4039 Ceteri
658 4005 712 4039 aero
800 3993 817 4040 i.
836 3992 975 4054 segonum.
998 4007 1042 4056 pro
1066 3992 1115 4042 νῦν
1132 3983 1187 4062 ἄρα
1203 3996 1275 4046 babet
1292 3983 1347 4046 οὖν.

134 4066 156 4106 et
174 4056 230 4105 editi
247 4050 350 4122 delum..
382 4055 531 4118 lloxttem.
547 4053 653 4122 πνεῦμα
669 4052 715 4104 ocul
766 4057 841 4108 Paulo
866 4068 920 4122 poet
946 4061 1033 4121 Regiae
1051 4059 1074 4110 2.
1100 4059 1149 4121 eric
1171 4060 1239 4123 ζωῆς
1255 4061 1303 4124 τῆς
1319 4057 1348 4114 iu

131 4117 164 4172 ai
182 4115 212 4172 ἐν
230 4113 330 4176 αὐτοῖς.
766 4125 888 4192 Χριστῷ.

166 4224 189 4273 d.
209 4217 239 4278 dc
256 4226 326 4274 obest
342 4222 434 4276 eGobl.
448 4223 583 4275 etielclaau.
596 4225 615 4274 l.
641 4225 715 4276 Puulo
802 4243 823 4291 g.
842 4227 884 4278 Sic
905 4229 962 4292 Res.
981 4229 1004 4279 1.
1027 4231 1126 4294 Seguer.
1144 4231 1234 4296 laelio.
1252 4233 1350 4285 Gabler.

134 4300 190 4358 poet
212 4293 269 4355 Rea.
291 4293 312 4341 t.
336 4300 360 4342 et
382 4291 480 4354 Segaer.
499 4283 638 4342 daonium
656 4296 718 4344 torte
769 4296 913 4348 otiolum.
934 4298 955 4348 l.
991 4297 1052 4349 Edlti
1078 4291 1093 4347 i
1117 4294 1147 4350 dd
1171 4301 1235 4356 maie
1253 4295 1347 4368 pulli,

134 4377 178 4426 pao
199 4353 341 4410 ἀποκτενεῖ
357 4369 383 4411 ιιι
404 4361 474 4410 tabet
493 4361 590 4423 ΒΜ.
626 4363 716 4412 lbidem
768 4354 811 4412 ὅτι
828 4373 872 4415 etc
891 4365 945 4416 elliu
963 4367 1068 4418 amicula.

131 4421 187 4494 γάρ
208 4431 276 4480 decet
292 4432 315 4479 iu
335 4429 404 4480 Gabl.
422 4436 446 4479 et
464 4429 567 4481 Felclam.
586 4429 610 4480 1.
658 4501 663 4511 ι
801 4467 825 4517 h·
844 4467 884 4517 Sic
902 4467 957 4530 Re&
972 4468 993 4518 ¹·
1011 4471 1111 4534 sem
1130 4480 1154 4523 et
1169 4470 1234 4522 m·
1270 4467 1352 4520 ceteri.

168 4545 189 4579 e.
208 4531 248 4582 Sic
265 4532 321 4594 lieo.
334 4531 356 4582 l.
374 4531 473 4596 Segaer.
493 4531 590 4583 Gobler.
602 4531 721 4583 eliciat-¹
768 4543 792 4584 et
809 4535 866 4586 editi
882 4527 1001 4597 iulide.

135 4597 216 4648 muuui
227 4598 248 4649 l.
282 4599 326 4650 llii
344 4615 399 4652 vero
419 4607 441 4652 et
458 4600 515 4652 editi
533 4591 569 4654 oe
581 4599 661 4652 colam
672 4599 716 4652 hu·

1087 4683 1145 4738 u*
