3226 5280
224 377 265 440 62
625 394 651 436 ε.
666 395 821 438 numu
835 393 1058 438 εεοειεειεεονι

224 638 289 727 ἀρα
309 668 329 730 η
318 636 490 720 εσύνοδος
512 642 637 728 ἔγραφε
657 645 711 709 καί
734 642 882 729 νενόηκεν
905 636 1027 728 όρθῶς.

309 748 359 810 24.
400 737 589 829 Ἑξῃρήσθω
613 744 649 809 δὲ
670 743 773 810 πάλιν
796 743 830 810 έν
852 742 983 821 τούτοις
1004 745 1089 820 “aas
1117 743 1275 830 λογισμός
1301 767 1451 827 σωματι-

223 843 288 922 κός,
312 849 499 931 φαντασίαν
521 869 557 910 τε
578 843 689 932 πάσης
712 843 903 932 αἰσθήσεως
925 840 1136 929 ὑπερβάντες,
1159 847 1295 932 καθαρᾷ
1316 847 1356 932 τῇ
1372 843 1449 931 νοή-

224 967 277 1012 σει
304 946 358 1010 καί
385 943 477 1031 μόνῳ
505 948 552 1030 τῷ
582 948 628 1031 νῷ
651 948 777 1030 νοοῦμεν
799 945 873 1012 οίοῦ
895 944 981 1031 πρὸς
1002 951 1132 1030 πατέρα
1144 935 1192 1010 Ιτὸ
1214 945 1363 1034 γνήσιον,
1394 948 1449 1012 καὶ

224 1044 322 1130 λόγον
343 1044 401 1132 τὴν
424 1044 509 1130 πρὸς
530 1045 587 1112 τὸν
609 1046 693 1114 θεὸν
716 1046 874 1134 ἰδιότητα,
897 1049 952 1112 καὶ
975 1044 1033 1132 τὴν
1057 1041 1311 1133 ἀπαράλλακτον
1334 1042 1450 1131 όμοιό-

223 1246 295 1327 υίὸς
317 1243 374 1315 οὐκ
398 1245 624 1335 ἀνθρώπινον,
649 1242 717 1316 ἀλλ’
743 1245 788 1328 ῶς
809 1252 881 1335 θεῷ
904 1254 1037 1334 πρέπον
1059 1247 1163 1329 ἐστίν,
1187 1250 1315 1336 ε’ίρηταί
1336 1273 1372 1315 τε
1393 1249 1448 1314 καὶ

225 1348 309 1428 έστι,
338 1349 397 1414 τόν
425 1345 524 1417 αύτὸν
546 1349 672 1436 τρόπον
694 1349 772 1438 1’τήν
795 1351 882 1430 λέξιν
903 1354 962 1416 τοῦ
985 1347 1164 1434 όμοονσίον
1187 1344 1375 1430 ἀκούοντες,
1404 1349 1449 1438 μὴ

225 1451 272 1530 είς
292 1449 352 1529 τὰς
374 1446 593 1537 ἀνθρωπίνας
614 1450 791 1536 αἰσθήσεις
811 1448 994 1530 πίπτοντες
1007 1449 1187 1536 μερισμούς
1201 1457 1255 1518 καὶ
1271 1453 1451 1536 διαιρέσεις

223 1556 281 1639 τῆς
308 1552 469 1640 θεότητος
496 1551 722 1638 λογιζώμεθα
752 1546 819 1618 ἀλλ’
846 1548 891 1631 ῶς
920 1552 976 1620 ἐπὶ
999 1546 1185 1636 ἀσωμάτων
1207 1551 1447 1636 διανοούμενοι,

223 1655 282 1742 τήν
311 1654 448 1740 ἑνότητα
475 1657 533 1740 τῆς
561 1652 692 1741 φύσεως
714 1657 767 1720 καί
791 1652 848 1739 τὴν
871 1653 1055 1740 ταυτότητά
1075 1657 1134 1719 τοῦ
1157 1653 1270 1751 φωτός
1291 1652 1335 1739 μή
1360 1654 1448 1720 διαι-

224 1759 341 1844 ρῶμεν.
386 1759 484 1822 τοῦτο
513 1754 573 1841 γὰρ
602 1755 690 1821 ἰ’διον
721 1756 793 1820 υἱού
821 1755 907 1841 πρὸς
934 1760 1078 1840 πατέρα,
1106 1757 1281 1820 καὶτοῦτο
1305 1755 1450 1821 δείκνυσι

224 1858 282 1925 τόν
309 1856 392 1924 θεὸν
423 1853 560 1943 ἀληθῶς
583 1852 662 1923 όντα
684 1862 814 1942 πατέρα
835 1859 893 1922 τοῦ
917 1853 1024 1941 λόγου.
1070 1856 1172 1922 πάλιν
1194 1855 1255 1941 γὰρ
1278 1855 1316 1921 τὸ
1339 1855 1451 1940 παρά-

225 1961 341 2046 δειγμα
363 1961 420 2023 τοῦ
444 1955 630 2044 φωτὸς.καλ
653 1960 712 2022 τού
734 1951 997 2042 άπανγάσματος
1013 1951 1189 2042 ἀναγκαῖον
1205 1956 1252 2035 είς
1266 1959 1375 2022 τοῦτο.
1398 1962 1450 2034 τίς

223 2061 382 2146 τολμήσει
403 2060 507 2143 λέγειν
530 2056 568 2124 τὸ
591 2053 796 2144 ἀπαύγασμα
812 2061 903 2138 ξένον
918 2061 971 2124 καί
988 2051 1146 2142 ἀνόμοιον
1162 2053 1248 2125 εἶναι
1262 2061 1321 2124 τοῦ
1336 2051 1451 2144 ἡλίους

222 2155 244 2246 ἢ
265 2167 317 2238 τίς
337 2161 463 2244 μᾶλλον
486 2159 607 2245 ἐνορῶν
630 2156 735 2238 οότινς
757 2159 795 2225 τὸ
818 2154 1021 2244 ἀπαύγασμα
1043 2158 1129 2244 πρὸς
1143 2157 1200 2223 τόν
1215 2155 1309 2243 ήλιον
1324 2157 1451 2244 καλτήν

223 2261 408 2349 ταυτότητα
429 2265 487 2326 τού
512 2260 633 2348 φωτός,
656 2256 714 2326 οόκ
736 2255 776 2326 όν
799 2261 892 2328 είποι
913 2257 1103 2344 θαρρήσας
1127 2254 1231 2336 όντως
1252 2258 1291 2324 τό
1308 2262 1381 2347 φῶς
1395 2261 1450 2338 καὶ

208 2363 263 2442 ,τὸ
286 2358 489 2448 ἀπαύγασμα
512 2363 545 2429 έν
568 2361 642 2440 εἰσι,
666 2364 719 2427 καὶ
735 2365 833 2427 τοῦτο
849 2359 883 2427 ἒν
894 2359 1005 2446 ἐκείνην
1021 2361 1195 2439 δείκνυται,
1217 2365 1271 2426 καὶ
1287 2359 1325 2426 τὸ
1341 2355 1452 2426 ἀπαύ-

223 2487 335 2551 γασμα
364 2463 397 2530 έν
424 2467 471 2549 τῷ
494 2459 577 2552 ἡλίῳ
599 2463 749 2548 τυγχάνει
774 2459 826 2542 όν,
858 2458 940 2540 ιόςτε
961 2459 1018 2528 τὸν
1042 2456 1171 2546 όρῶντα
1192 2464 1290 2526 τούτο
1312 2461 1449 2546 βλέπειν

224 2563 372 2654 κάκεῖνος
405 2563 528 2651 τὴνδέ
555 2564 710 2651 τοιαύτην
741 2563 878 2651 ἑνότητα
899 2565 952 2629 καὶ
977 2561 1117 2650 φυσικήν
1142 2561 1291 2649 ἰδιότητα
1313 2564 1386 2639 πῶς
1409 2555 1449 2628 ἀν

225 2670 258 2736 οἱ
287 2665 500 2744 πιστεύοντες
527 2667 580 2731 καί
603 2667 783 2750 βλέποντες
806 2660 919 2751 ὀρθῶς
941 2665 1112 2731 καλέσαιεν
1134 2657 1155 2750 ἢ
1178 2658 1355 2746 όμοούσιον
1378 2667 1450 2747 γέν-

224 2769 336 2858 νημα,·’
360 2765 398 2834 τὸ
429 2769 465 2833 δὲ
486 2769 545 2832 τοῦ
566 2770 651 2834 θεοῦ
674 2773 815 2854 γέννημα
836 2772 870 2832 τί
891 2764 931 2832 ἀν
953 2790 1004 2844 τις
1027 2765 1155 2842 οίκείως
1175 2763 1231 2831 καί
1253 2762 1451 2850 πρεπόντως

224 2870 387 2994 νοήσειεν,
410 2863 432 2955 ἢ
454 2867 625 2953 λόγονκαὶ
650 2874 774 2994 σοφίαν
795 2871 849 2934 καί
873 2866 1027 2952 δύναμιν,
1061 2862 1165 2954 ἥνπερ
1189 2863 1280 2932 ”ού’τε
1302 2869 1361 2931 τοῦ
1383 2889 1452 2930 πα-

224 2973 303 3058 τρὸς
323 2974 427 3058 λέγειν
450 2964 584 3058 ξένην”
564 2968 658 3035 οσιύν
681 2969 780 3049 ἐστιν,
805 2968 880 3038 ούτε
901 2969 945 3056 μὴ
969 2964 1085 3045 ἀϊδίως
1107 2961 1308 3053 εἶναιπαρὰ
1322 2970 1368 3052 τῷ
1385 2990 1452 3032 πα-

224 3077 276 3159 τρὶ
309 3069 369 3161 κᾷν
401 3071 633 3160 φαντάζεσθαι
659 3076 761 3153 θέμις
791 3070 878 3151 ἐστί,·
912 3068 1017 3152 τούτῳ
1047 3067 1108 3153 γάρ
1139 3093 1185 3152 την
1213 3067 1388 3154 γεννήματι
1409 3065 1451 3132 τά

225 3174 337 3240 πάντα
358 3169 579 3260 πεποίηκενι
562 3196 580 3238 ο
603 3170 730 3259 πατήρ,
758 3175 811 3238 καί
834 3170 892 3256 τήν
916 3169 962 3246 εἰς
984 3167 1095 3234 πάντα
1117 3165 1279 3250 πρόνοιαν
1302 3167 1451 3234 ἐκτείνων

226 3268 272 3338 δι’
299 3269 399 3338 αὐτοῦ
423 3273 756 3360 φιλανθρωπεύεται·
779 3271 834 3338 καὶ
856 3267 961 3346 οὕτως
984 3271 1017 3334 ἓν
1040 3263 1139 3344 αὐτὸς
1160 3262 1254 3332 καὶς
1238 3289 1256 3331 ο
1279 3267 1388 3350 πατήρ
1406 3267 1452 3333 εί-

227 3393 280 3438 σιν
288 3376 319 3452 ¹),
344 3369 454 3456 ὥςπερ
477 3374 615 3458 εἴρηται,
640 3373 668 3438 εί
689 3371 733 3456 μὴ
757 3370 822 3454 ἀρα
844 3371 877 3434 οί
898 3368 1098 3455 κακόφρονες
1112 3364 1334 3454 τολμήσαντες
1348 3365 1452 3432 πάλιν

227 3474 371 3552 ε’ίποιεν,
401 3470 503 3558 ἀλλην
533 3467 619 3538 εἶναι
646 3470 705 3558 τὴν
732 3473 791 3536 τοῦ
815 3469 913 3555 λόγου
937 3465 1068 3547 οὐσίαν,
1092 3471 1145 3534 καὶ
1170 3466 1252 3534 ἀλλο
1274 3467 1313 3532 τό
1335 3466 1370 3533 έκ
1391 3469 1451 3532 τοῦ

226 3572 355 3659 πατρὸς
383 3572 416 3638 ίν
445 3567 534 3658 αύτῷ
558 3575 646 3658 φῶς,
675 3567 714 3636 ἵν’
739 3560 759 3657 ᾗ
781 3569 820 3635 τό
842 3574 902 3655 μὲν
925 3570 959 3692 ἐγ
980 3574 1027 3656 τῷ
1043 3559 1111 3656 ὐἱῷ
1135 3572 1208 3657 φῶς
1230 3572 1264 3634 ἓν
1287 3565 1373 3688 πρὸς
1394 3567 1451 3635 τόν

227 3679 369 3759 πατέρα,
400 3667 499 3750 αύτός
522 3672 558 3738 δέ
581 3672 671 3750 ξένος
692 3666 759 3736 κατ’
786 3667 949 3738 ούσίαν(
925 3697 970 3750 ως
991 3678 1143 3752 κτίσμα·
1167 3665 1251 3735 ἀλλά
1271 3672 1371 3735 τοῦτο
1393 3671 1452 3734 τού

227 3774 368 3862 Καϊάφα
389 3777 442 3840 καὶ
466 3775 524 3840 τοῦ
547 3775 803 3856 ,Σαμοσατέωςιι
812 3767 954 3853 ἀτεχνῶς
976 3771 1048 3837 ίστι
1069 3770 1108 3834 τὸ
1131 3769 1300 3868 φρόνημα,
1324 3765 1451 3855 ὅπερή

226 3878 285 3960 μέν
308 3875 496 3962 ίκκληοίαέ
500 3876 647 3960 ξέ,βαλεν
672 3861 765 3938 οὗτοι
787 3874 901 3938 δέννν
923 3867 1172 3956 ὑποκρίνονται,
1207 3872 1336 3939 διὸκαὶ
1357 3865 1453 3938 αύτοὶ

226 3980 285 4064 τῆς
312 3971 474 4062 ἀληθείας
502 3971 695 4053 ἐκπεσόντες
729 3968 976 4061 ἀπεδείχθησαν
1005 3972 1172 4059 αιρετικοί.
1218 3974 1247 4041 εί
1278 3973 1338 4090 γάρ
1368 3968 1454 4048 όλως

226 4083 354 4161 μετέχει
375 4079 433 4142 τού
457 4077 491 4142 ἐκ
512 4081 570 4142 τοῦ
594 4074 721 4161 πατρὸς
744 4076 863 4162 φωτός,
889 4077 978 4140 διατί
999 4073 1043 4159 μὴ
1065 4077 1191 4158 μᾶλλον
1214 4071 1313 4148 αύτός
1328 4069 1446 4137 ἐστι
1413 4093 1452 4135 το

226 4175 464 4261 μετεχόμενον,
485 4177 541 4242 ῗύα
568 4175 613 4262 μὴ
635 4182 736 4258 μέσον
759 4173 858 4240 αὐτοῦ
881 4178 990 4240 τεκαὶ
1013 4178 1071 4240 τού
1095 4172 1222 4258 πατρὸς
1245 4167 1453 4256 εύρίσκηταις

229 4279 258 4345 εἰ
278 4278 339 4363 γὰρ
361 4277 405 4362 μὴ
429 4273 535 4354 οότως
557 4276 655 4354 ἐστίν,
680 4271 789 4341 ούκέτι
812 4277 976 4342 δείκνυται
999 4273 1056 4340 διὰ
1077 4277 1135 4338 τού
1159 4273 1231 4337 υἱοῦ
1253 4273 1454 4355 γεγενῆσθαι

227 4376 270 4443 τὰ
297 4378 425 4457 πάντα,
460 4371 544 4443 ἀλλὰ
566 4369 613 4441 δι’
639 4374 761 4442 ἐκεινου
768 4425 777 4456 ,
808 4365 847 4440 οό
869 4377 922 4441 καὶ
946 4371 1045 4452 αύτδς
1066 4377 1201 4456 μετέχει.
1247 4370 1276 4436 εἰ
1299 4369 1335 4434 δέ
1357 4357 1454 4443 ούτός

182 4633 190 4648 ,
298 4601 322 4662 1)
341 4600 407 4650 ioan.
427 4600 468 4660 10,
487 4598 527 4649 ³0.
