3226 5280
351 421 357 436 ·
415 412 578 456 sorerem
593 413 631 456 ne
646 413 791 457 ermerus
806 415 949 459 simmae
965 415 1084 459 seneen.
1335 399 1372 463 81

123 579 174 624 ram
200 579 378 641 exaequare
411 561 579 624 dehemus.
623 563 735 644 Nempe
756 563 784 626 is
803 545 870 644 ipse
891 583 981 627 eausa
1002 576 1065 639 est,
1093 585 1146 628 enr
1174 567 1213 629 ita
1243 567 1333 630 etiam
1356 579 1460 629 aem.

123 663 195 724 nohis
215 662 409 743 appellatur.
461 663 544 736 Quia
559 664 637 726 enim
653 663 781 726 Verbum
803 683 913 745 eorpus
936 675 1074 728 nostrum
1096 669 1236 730 assumsit
1249 677 1281 730 et
1295 669 1374 732 iuter

120 781 166 825 ros
186 765 306 826 versari
329 765 451 836 votuit,
478 764 692 828 eonvenieoter
705 767 745 826 ob
760 763 900 838 Verbum,
923 766 1003 844 quod
1019 767 1097 844 apud
1113 785 1170 828 nos
1192 775 1248 840 est,
1269 779 1375 832 noster
1398 771 1409 792 ⁰

119 883 225 946 quoque
247 865 347 928 Pater
371 865 467 928 Deus
498 865 576 946 ipse'
591 865 708 928 dieitur.
753 863 827 926 Nam
849 864 939 925 Verbi
970 865 1116 944 Spiritus,
1150 868 1200 945 qui
1229 867 1259 928 in
1288 869 1375 932 nobis

118 976 165 1040 est,
186 986 245 1048 per
267 986 333 1029 nos
358 986 463 1030 suum
488 966 584 1046 ipsios
605 975 720 1047 patrem
743 975 884 1044 tanquem
906 973 1043 1027 nosuum
1063 967 1197 1046 appellat.
1242 967 1285 1029 Ea
1307 987 1378 1030 sane

116 1085 192 1128 meus
221 1076 273 1129 est
295 1067 455 1148 Apostoli
487 1067 633 1129 dicentis:
666 1066 857 1128 Misitheus
885 1069 1031 1148 rptn'res
1057 1068 1119 1148 fibi·
1145 1073 1197 1130 aare·
1223 1075 1256 1130 ιί
1286 1071 1379 1131 cordo

115 1179 216 1230 restro
241 1168 467 1232 elementem:
492 1169 575 1230 Atta
599 1167 702 1229 Peter.

193 1475 249 1537 ³2
294 1472 427 1534 Verum
443 1471 583 1532 fortassis
605 1469 663 1550 ipsi
687 1467 803 1530 tandem
825 1469 964 1542 eonrieti,
986 1488 1096 1531 nemen
1111 1471 1260 1534 uon-laeti
1276 1472 1378 1551 inepte

114 1589 298 1654 usurpasse,
322 1574 412 1635 haec
436 1571 523 1632 nobis
544 1590 601 1652 pro
624 1589 679 1632 sua
700 1569 890 1650 improbitate
904 1570 995 1632 velint
1011 1589 1174 1650 reponere:
1198 1571 1377 1646 ‚dleeuisset

116 1673 233 1752 „igitur
257 1675 347 1737 nihil
375 1675 417 1736 de
440 1672 566 1736 Domino
589 1681 619 1734 et
640 1672 793 1734 Salvatere
814 1681 920 1734 nosue
943 1671 1010 1734 lesu
1033 1671 1152 1734 Christo
1175 1673 1295 1747 dioere,
1319 1672 1377 1734 bisi

116 1793 219 1854 „quae
243 1777 287 1837 de
313 1775 375 1838 illo
401 1775 432 1834 in
449 1773 611 1852 Scripturis
633 1772 790 1844 habentur,
812 1791 873 1834 nou
894 1791 966 1834 vero
984 1773 1135 1847 voeabula,
1159 1791 1233 1852 quae
1249 1774 1280 1834 in
1295 1774 1375 1836 Sen'-

117 1877 244 1956 ‚pruris
269 1883 342 1940 noh
370 1883 503 1946 exstent,
526 1873 699 1934 indueere.“
743 1872 787 1934 lta
808 1891 880 1933 sene
902 1873 1073 1951 oportuisse
1095 1893 1150 1952 ego
1169 1892 1289 1954 quoque
1304 1893 1377 1935 eon-

119 1979 295 2055 senserim3
329 1975 487 2056 siqnidem
515 1975 604 2053 longe
632 1973 748 2053 aptiora
771 1981 841 2033 sumt
862 1973 994 2034 veritatis
1016 1984 1203 2052 argumenta,
1238 1993 1314 2054 quae
1343 1994 1379 2038 ex

119 2075 295 2158 Scripturis
322 2084 490 2148 eruuntur,
520 2093 608 2155 quam
636 2093 712 2154 quae
735 2073 864 2136 aliunde.
909 2072 1034 2144 Verum,
1063 2073 1104 2134 uti
1127 2074 1185 2136 iam
1207 2075 1284 2150 dixi,
1304 2095 1377 2158 per·

119 2179 256 2240 versitas
283 2179 457 2258 astutiaque
491 2187 520 2239 et
542 2175 688 2239 versatilis
710 2173 950 2236 Eusebianorum
971 2173 1108 2254 impietas
1131 2175 1296 2256 Episcopos
1318 2178 1377 2240 im·

120 2277 212 2356 pulit,
237 2288 278 2340 ut
302 2279 402 2354 verba,
425 2277 533 2360 quibus
556 2279 674 2340 illorum
698 2276 837 2357 impietas
860 2284 1058 2350 everteretur,
1080 2275 1221 2356 liquidius
1244 2296 1375 2358 expone-

75 2421 91 2450 .
123 2389 208 2440 rent„
266 2379 373 2460 ltaque
404 2379 596 2460 probavimus
625 2399 677 2453 ea,
705 2398 783 2458 quae
812 2396 828 2438 a
857 2377 978 2457 Synodo
1007 2378 1117 2458 scripta
1147 2387 1233 2450 sunt,
1264 2389 1377 2441 rectum

126 2495 268 2540 sensum
294 2482 461 2554 continere3
488 2491 519 2542 at
540 2491 642 2542 oontm
665 2489 823 2541 ostensum
845 2485 908 2548 est,
938 2487 968 2540 et
989 2479 1088 2540 sutiles
1110 2479 1269 2542 admodum
1289 2481 1377 2542 hria-

125 2595 252 2638 norum
279 2581 396 2642 voculas
419 2591 448 2642 et
469 2600 578 2660 pravos
599 2599 702 2641 mores
724 2599 802 2641 esse.
845 2580 920 2642 Nam
943 2589 974 2642 et
995 2581 1094 2660 ipsum
1116 2581 1265 2642 non-lacti
1287 2595 1377 2640 roca·

10 2757 15 2770 )
129 2675 273 2747 bulum,
302 2679 383 2758 quod
410 2681 563 2758 propriam
590 2679 679 2740 behet
704 2681 948 2760 sipiificationem
976 2689 1006 2742 et
1033 2681 1082 2761 pie
1111 2681 1239 2761 proferri
1266 2687 1379 2759 potest,

140 2774 193 2836 illi
218 2775 261 2835 ad
280 2779 439 2840 salvatoris
461 2778 683 2854 oontumeliam,
703 2791 794 2861 prout
814 2782 889 2862 ipsis
911 2783 1023 2862 placet,
1046 2791 1208 2862 usurpant,
1231 2781 1320 2858 idque
1342 2798 1379 2840 eo

145 2884 271 2938 tantum
298 2879 414 2953 animo,
446 2889 479 2940 ut
507 2879 593 2942 veluti
623 2881 752 2960 gigantes
774 2901 840 2946 oum
868 2883 931 2944 Deo
960 2893 1101 2962 pugnent.
1146 2883 1255 2942 l'erum
1283 2898 1381 2960 neque

141 2996 219 3040 eum
244 2978 306 3041 illas
330 2980 449 3042 voculas
469 2990 688 3062 proponerent,
717 2983 932 3046 damnationem
959 2992 1123 3063 potuerrmt
1144 2983 1292 3060 elingere3
1326 2999 1381 3043 nee

141 3079 216 3160 ipsi,
240 3099 303 3144 eum
326 3080 358 3143 id
380 3081 554 3144 vocabulum
576 3085 755 3160 non-laeti,
778 3086 858 3166 quod
881 3085 1001 3164 quidem
1023 3093 1103 3148 reote
1125 3093 1156 3146 et
1177 3083 1225 3164 pie
1247 3080 1380 3144 adhiberi

141 3189 261 3260 potest,
289 3201 431 3262 perverse
458 3182 674 3264 intelligerent,
701 3185 796 3248 latere
823 3203 952 3263 nsquam
973 3195 1150 3265 potuerunt;
1185 3182 1238 3244 sed
1261 3201 1381 3264 semper

146 3299 214 3344 urm
234 3283 344 3346 nubere
371 3286 491 3346 luerunt
513 3285 604 3358 victi,
636 3304 804 3366 eorumque
831 3285 964 3348 haeresis
994 3285 1100 3366 ubique
1128 3294 1175 3347 est
1200 3283 1378 3366 proscripta.

146 3381 225 3446 liaeo
245 3385 382 3464 quidem,
410 3381 485 3462 quae
507 3392 580 3447 tune
601 3387 632 3448 in
654 3387 776 3468 Synodo
799 3395 862 3449 aeta
885 3405 953 3450 esse
976 3385 1168 3468 memini,pt
1188 3385 1289 3466 potui,
1312 3405 1379 3446 me·

146 3487 274 3560 moraei3
301 3503 358 3546 nee
382 3493 479 3546 umen
502 3505 550 3546 me
571 3487 662 3564 legit,
683 3487 850 3566 pertinaces
873 3487 982 3551 Christi
1005 3489 1109 3549 hostes
1132 3505 1228 3564 neque
1251 3486 1298 3546 his
1320 3501 1463 3548 au-r.2ta.

148 3583 215 3648 diu's
239 3605 346 3647 ossea
370 3583 519 3647 sententia
542 3585 747 3659 discessuros,
780 3571 833 3650 sed
860 3607 954 3650 noras
976 3588 1077 3668 potius
1100 3587 1232 3648 rationes
1254 3585 1378 3666 perqui-
1458 3647 1465 3660 ,

148 3687 260 3750 sitrrros
283 3685 408 3766 istisque
429 3687 501 3750 alias
524 3705 631 3750 rursus
653 3687 816 3752 addituros.
861 3691 935 3752 Nam
957 3698 991 3751 ut
1003 3689 1169 3767 prophetae
1184 3685 1283 3748 verbis
1299 3695 1379 3765 utar:

147 3792 176 3850 ei
195 3799 317 3850 mutere
335 3799 439 3869 potest
460 3790 603 3870 Aethiops
620 3789 733 3870 pellem
755 3809 861 3862 seem,
883 3802 939 3852 out
959 3791 1079 3869 perdar
1101 3790 1265 3849 uerietote's
1288 3807 1380 3862 aaron

147 3907 221 3951 sane
243 3888 284 3950 illi
307 3889 507 3968 quodnequi
530 3889 614 3968 impii
635 3909 703 3952 esse
725 3889 903 3962 didioerunt,
926 3889 976 3967 pie
999 3886 1111 3948 sentire
1132 3885 1308 3949 inanimum
1330 3887 1378 3950 in·

19 4069 20 4075 ¹
147 3989 265 4052 dueent
310 3989 355 4049 Tu
378 3999 494 4060 autem,
517 3987 688 4060 carissime,
710 3988 785 4047 haee
806 3995 840 4048 ut
860 3986 1028 4067 aeceperis,
1057 3996 1153 4048 tecum
1174 4005 1285 4067 quaese
1307 4007 1378 4067 per-

20 4079 23 4104 *
146 4089 229 4170 lege,
250 4109 324 4170 qnae
346 4089 372 4152 si
395 4087 448 4150 tibi
470 4095 551 4150 reeta
574 4105 644 4148 esse
666 4085 859 4160 ridebuntur,
888 4107 922 4150 ee
943 4087 1098 4161 iratribus,
1126 4089 1176 4169 qui
1205 4097 1275 4150 tuno
1302 4089 1379 4150 sorte

149 4189 284 4264 aderunt,
306 4190 387 4269 legas
409 4189 508 4261 velim,
532 4197 565 4250 ut
586 4187 627 4250 illi
645 4187 698 4268 his
721 4187 830 4250 auditis
852 4187 946 4251 zelum
966 4190 1084 4270 quidem
1099 4189 1210 4270 Synodi
1226 4189 1256 4250 in
1272 4189 1381 4250 tuende

149 4289 272 4352 veritate
293 4299 325 4352 et
345 4291 376 4351 io
398 4289 567 4370 explicanda
589 4289 737 4352 sententia
759 4289 974 4352 aommtiouem
996 4291 1180 4372 approbent,
1202 4290 1379 4351 Asianorum

22 4385 40 4474 ᾖ
149 4401 248 4453 autem
271 4390 381 4452 Christi
402 4390 532 4452 bostium
555 4392 755 4454 condemnent
774 4392 970 4472 pervicaciam
985 4401 1015 4453 et
1029 4410 1119 4453 venas
1140 4391 1282 4462 rationes,
1304 4407 1380 4468 qaus
1451 4417 1455 4424 ·

183 4559 206 4592 a.
223 4543 265 4593 Sie
284 4543 341 4604 ileu.
377 4545 403 4592 le
427 4545 482 4594 aliis
500 4560 556 4596 tero
574 4554 598 4595 et
616 4545 687 4596 aditis
706 4537 737 4593 dd
819 4545 844 4594 h.
863 4545 904 4594 Sic
927 4545 985 4605 iles.
1009 4552 1034 4593 et
1056 4543 1129 4593 nant
1164 4545 1193 4592 lt
1216 4541 1258 4592 alii
1281 4547 1306 4588 et
1322 4537 1382 4588 editi

786 4607 834 4660 sud
850 4611 973 4662 emittunt
