<?xml version="1.0" encoding="UTF-8"?>
<!DOCTYPE html PUBLIC "-//W3C//DTD XHTML 1.0 Transitional//EN"
    "http://www.w3.org/TR/xhtml1/DTD/xhtml1-transitional.dtd">
<html xmlns="http://www.w3.org/1999/xhtml" xml:lang="en" lang="en">
 <head>
  <title>
</title>
<meta http-equiv="Content-Type" content="text/html;charset=utf-8" />
  <meta name='ocr-system' content='tesseract 3.04.00' />
  <meta name='ocr-capabilities' content='ocr_page ocr_carea ocr_par ocr_line ocrx_word'/>
</head>
<body>
  <div class='ocr_page' id='page_1' title='image "./sanctiathanasii00athagoog_0224.png"; bbox 0 0 3212 5272; ppageno 0'>
   <div class='ocr_carea' id='block_1_1' title="bbox 512 330 1373 436">
    <p class='ocr_par' dir='ltr' id='par_1_1' title="bbox 512 330 1373 436">
     <span class='ocr_line' id='line_1_1' title="bbox 512 330 1373 436; baseline 0.017 -17"><span class='ocrx_word' id='word_1_1' title='bbox 512 330 653 421; x_wconf 56' lang='lat' dir='ltr'><strong>&#39;omnio</strong></span> <span class='ocrx_word' id='word_1_2' title='bbox 668 378 690 421; x_wconf 86' lang='lat'><strong>1.</strong></span> <span class='ocrx_word' id='word_1_3' title='bbox 707 377 828 422; x_wconf 77' lang='lat' dir='ltr'><strong>concas</strong></span> <span class='ocrx_word' id='word_1_4' title='bbox 841 379 978 425; x_wconf 75' lang='lat' dir='ltr'><strong>munos.</strong></span> <span class='ocrx_word' id='word_1_5' title='bbox 1313 371 1373 436; x_wconf 81' lang='lat'><strong>177</strong></span> 
     </span>
    </p>
   </div>
   <div class='ocr_carea' id='block_1_2' title="bbox 136 525 1477 2744">
    <p class='ocr_par' dir='ltr' id='par_1_2' title="bbox 143 525 1459 716">
     <span class='ocr_line' id='line_1_2' title="bbox 146 525 1459 614; baseline 0.003 -22"><span class='ocrx_word' id='word_1_6' title='bbox 146 531 222 614; x_wconf 83' lang='lat' dir='ltr'><strong>impii</strong></span> <span class='ocrx_word' id='word_1_7' title='bbox 243 536 317 592; x_wconf 89' lang='lat' dir='ltr'><strong>sunt</strong></span> <span class='ocrx_word' id='word_1_8' title='bbox 337 525 595 607; x_wconf 80' lang='lat' dir='ltr'><strong>habendi,.quod</strong></span> <span class='ocrx_word' id='word_1_9' title='bbox 624 535 759 608; x_wconf 81' lang='lat' dir='ltr'><strong>tempora</strong></span> <span class='ocrx_word' id='word_1_10' title='bbox 788 527 956 608; x_wconf 76' lang='lat' dir='ltr'><strong>significent</strong></span> <span class='ocrx_word' id='word_1_11' title='bbox 982 537 1013 592; x_wconf 92' lang='lat' dir='ltr'><strong>ct</strong></span> <span class='ocrx_word' id='word_1_12' title='bbox 1034 529 1168 596; x_wconf 73' lang='lat' dir='ltr'><strong>Rationis</strong></span> <span class='ocrx_word' id='word_1_13' title='bbox 1200 533 1264 598; x_wconf 83' lang='lat' dir='ltr'><strong>sire</strong></span> <span class='ocrx_word' id='word_1_14' title='bbox 1284 535 1459 600; x_wconf 67' lang='lat' dir='ltr'><strong>verbices.</strong></span> 
     </span>
     <span class='ocr_line' id='line_1_3' title="bbox 143 629 820 716; baseline -0.006 -20"><span class='ocrx_word' id='word_1_15' title='bbox 143 642 292 716; x_wconf 73' lang='lat' dir='ltr'><strong>expertein</strong></span> <span class='ocrx_word' id='word_1_16' title='bbox 300 629 443 692; x_wconf 71' lang='lat' dir='ltr'><strong>⁸audeant</strong></span> <span class='ocrx_word' id='word_1_17' title='bbox 462 629 556 692; x_wconf 86' lang='lat' dir='ltr'><strong>Deum</strong></span> <span class='ocrx_word' id='word_1_18' title='bbox 577 629 676 708; x_wconf 89' lang='lat' dir='ltr'><strong>ipsum</strong></span> <span class='ocrx_word' id='word_1_19' title='bbox 698 629 820 710; x_wconf 75' lang='lat' dir='ltr'><strong>lingere.</strong></span> 
     </span>
    </p>

    <p class='ocr_par' dir='ltr' id='par_1_3' title="bbox 136 729 1477 2744">
     <span class='ocr_line' id='line_1_4' title="bbox 227 729 1371 814; baseline 0.003 -15"><span class='ocrx_word' id='word_1_20' title='bbox 227 739 278 799; x_wconf 82' lang='lat'><strong>15.</strong></span> <span class='ocrx_word' id='word_1_21' title='bbox 323 731 413 805; x_wconf 85' lang='lat' dir='ltr'><strong>Quod</strong></span> <span class='ocrx_word' id='word_1_22' title='bbox 435 730 462 794; x_wconf 87' lang='lat' dir='ltr'><strong>si</strong></span> <span class='ocrx_word' id='word_1_23' title='bbox 483 729 548 792; x_wconf 83' lang='lat' dir='ltr'><strong>Filii</strong></span> <span class='ocrx_word' id='word_1_24' title='bbox 571 749 681 792; x_wconf 92' lang='lat' dir='ltr'><strong>nomen</strong></span> <span class='ocrx_word' id='word_1_25' title='bbox 704 739 733 792; x_wconf 91' lang='lat' dir='ltr'><strong>et</strong></span> <span class='ocrx_word' id='word_1_26' title='bbox 755 731 815 811; x_wconf 88' lang='lat' dir='ltr'><strong>ipsi</strong></span> <span class='ocrx_word' id='word_1_27' title='bbox 834 731 1013 806; x_wconf 91' lang='lat' dir='ltr'><strong>admittunt,</strong></span> <span class='ocrx_word' id='word_1_28' title='bbox 1035 751 1074 796; x_wconf 91' lang='lat' dir='ltr'><strong>ne</strong></span> <span class='ocrx_word' id='word_1_29' title='bbox 1094 735 1190 814; x_wconf 89' lang='lat' dir='ltr'><strong>palam</strong></span> <span class='ocrx_word' id='word_1_30' title='bbox 1212 736 1248 800; x_wconf 90' lang='lat' dir='ltr'><strong>ab</strong></span> <span class='ocrx_word' id='word_1_31' title='bbox 1270 739 1371 803; x_wconf 89' lang='lat' dir='ltr'><strong>omni-</strong></span> 
     </span>
     <span class='ocr_line' id='line_1_5' title="bbox 136 831 1369 912; baseline 0.006 -16"><span class='ocrx_word' id='word_1_32' title='bbox 136 837 193 900; x_wconf 84' lang='lat' dir='ltr'><strong>bus</strong></span> <span class='ocrx_word' id='word_1_33' title='bbox 215 834 473 904; x_wconf 85' lang='lat' dir='ltr'><strong>condemnentur,</strong></span> <span class='ocrx_word' id='word_1_34' title='bbox 506 831 561 894; x_wconf 89' lang='lat' dir='ltr'><strong>sed</strong></span> <span class='ocrx_word' id='word_1_35' title='bbox 595 839 692 893; x_wconf 87' lang='lat' dir='ltr'><strong>tamen</strong></span> <span class='ocrx_word' id='word_1_36' title='bbox 720 851 790 896; x_wconf 92' lang='lat' dir='ltr'><strong>eum</strong></span> <span class='ocrx_word' id='word_1_37' title='bbox 817 833 971 912; x_wconf 91' lang='lat' dir='ltr'><strong>proprium</strong></span> <span class='ocrx_word' id='word_1_38' title='bbox 1002 842 1125 902; x_wconf 86' lang='lat' dir='ltr'><strong>naturae</strong></span> <span class='ocrx_word' id='word_1_39' title='bbox 1152 835 1249 900; x_wconf 88' lang='lat' dir='ltr'><strong>Patris</strong></span> <span class='ocrx_word' id='word_1_40' title='bbox 1276 841 1369 904; x_wconf 85' lang='lat' dir='ltr'><strong>letum</strong></span> 
     </span>
     <span class='ocr_line' id='line_1_6' title="bbox 137 932 1371 1017; baseline 0 -15"><span class='ocrx_word' id='word_1_41' title='bbox 137 956 206 1002; x_wconf 82' lang='lat' dir='ltr'><strong>esso</strong></span> <span class='ocrx_word' id='word_1_42' title='bbox 228 935 409 1008; x_wconf 85' lang='lat' dir='ltr'><strong>inficiantur,</strong></span> <span class='ocrx_word' id='word_1_43' title='bbox 430 932 516 1012; x_wconf 82' lang='lat' dir='ltr'><strong>quasi</strong></span> <span class='ocrx_word' id='word_1_44' title='bbox 539 932 653 995; x_wconf 88' lang='lat' dir='ltr'><strong>scilicet</strong></span> <span class='ocrx_word' id='word_1_45' title='bbox 674 933 787 1012; x_wconf 91' lang='lat' dir='ltr'><strong>absque</strong></span> <span class='ocrx_word' id='word_1_46' title='bbox 809 933 938 1012; x_wconf 88' lang='lat' dir='ltr'><strong>partium</strong></span> <span class='ocrx_word' id='word_1_47' title='bbox 960 941 990 996; x_wconf 92' lang='lat' dir='ltr'><strong>et</strong></span> <span class='ocrx_word' id='word_1_48' title='bbox 1004 935 1185 998; x_wconf 84' lang='lat' dir='ltr'><strong>divisionum</strong></span> <span class='ocrx_word' id='word_1_49' title='bbox 1200 938 1371 1017; x_wconf 83' lang='lat' dir='ltr'><strong>suspicione</strong></span> 
     </span>
     <span class='ocr_line' id='line_1_7' title="bbox 137 1034 1373 1118; baseline -0.001 -14"><span class='ocrx_word' id='word_1_50' title='bbox 137 1041 167 1104; x_wconf 95' lang='lat' dir='ltr'><strong>id</strong></span> <span class='ocrx_word' id='word_1_51' title='bbox 189 1037 256 1102; x_wconf 84' lang='lat' dir='ltr'><strong>lieri</strong></span> <span class='ocrx_word' id='word_1_52' title='bbox 279 1055 341 1099; x_wconf 91' lang='lat' dir='ltr'><strong>nou</strong></span> <span class='ocrx_word' id='word_1_53' title='bbox 362 1043 466 1116; x_wconf 82' lang='lat' dir='ltr'><strong>queat3</strong></span> <span class='ocrx_word' id='word_1_54' title='bbox 488 1051 562 1096; x_wconf 88' lang='lat' dir='ltr'><strong>sanc</strong></span> <span class='ocrx_word' id='word_1_55' title='bbox 584 1053 653 1096; x_wconf 90' lang='lat' dir='ltr'><strong>eum</strong></span> <span class='ocrx_word' id='word_1_56' title='bbox 667 1042 777 1114; x_wconf 80' lang='lat' dir='ltr'><strong>negant</strong></span> <span class='ocrx_word' id='word_1_57' title='bbox 790 1034 998 1110; x_wconf 86' lang='lat' dir='ltr'><strong>nihilominus,</strong></span> <span class='ocrx_word' id='word_1_58' title='bbox 1020 1037 1132 1118; x_wconf 90' lang='lat' dir='ltr'><strong>quippe</strong></span> <span class='ocrx_word' id='word_1_59' title='bbox 1149 1038 1200 1117; x_wconf 90' lang='lat' dir='ltr'><strong>qui</strong></span> <span class='ocrx_word' id='word_1_60' title='bbox 1215 1037 1297 1101; x_wconf 89' lang='lat' dir='ltr'><strong>illum</strong></span> <span class='ocrx_word' id='word_1_61' title='bbox 1311 1057 1373 1102; x_wconf 89' lang='lat' dir='ltr'><strong>non</strong></span> 
     </span>
     <span class='ocr_line' id='line_1_8' title="bbox 137 1135 1374 1222; baseline 0 -18"><span class='ocrx_word' id='word_1_62' title='bbox 137 1159 242 1204; x_wconf 82' lang='lat' dir='ltr'><strong>rerum</strong></span> <span class='ocrx_word' id='word_1_63' title='bbox 265 1140 320 1200; x_wconf 87' lang='lat' dir='ltr'><strong>sed</strong></span> <span class='ocrx_word' id='word_1_64' title='bbox 342 1136 408 1199; x_wconf 88' lang='lat' dir='ltr'><strong>solo</strong></span> <span class='ocrx_word' id='word_1_65' title='bbox 431 1135 552 1198; x_wconf 86' lang='lat' dir='ltr'><strong>nomine</strong></span> <span class='ocrx_word' id='word_1_66' title='bbox 574 1135 680 1198; x_wconf 80' lang='lat' dir='ltr'><strong>Filium</strong></span> <span class='ocrx_word' id='word_1_67' title='bbox 702 1155 773 1198; x_wconf 89' lang='lat' dir='ltr'><strong>esse</strong></span> <span class='ocrx_word' id='word_1_68' title='bbox 793 1136 894 1199; x_wconf 86' lang='lat' dir='ltr'><strong>velint.</strong></span> <span class='ocrx_word' id='word_1_69' title='bbox 939 1137 1075 1222; x_wconf 85' lang='lat' dir='ltr'><strong>Ceterum</strong></span> <span class='ocrx_word' id='word_1_70' title='bbox 1102 1157 1138 1202; x_wconf 90' lang='lat' dir='ltr'><strong>an</strong></span> <span class='ocrx_word' id='word_1_71' title='bbox 1161 1157 1222 1201; x_wconf 95' lang='lat' dir='ltr'><strong>non</strong></span> <span class='ocrx_word' id='word_1_72' title='bbox 1246 1140 1374 1220; x_wconf 82' lang='lat' dir='ltr'><strong>graviter</strong></span> 
     </span>
     <span class='ocr_line' id='line_1_9' title="bbox 138 1237 1371 1322; baseline 0 -19"><span class='ocrx_word' id='word_1_73' title='bbox 138 1249 256 1315; x_wconf 81' lang='lat' dir='ltr'><strong>ercam,</strong></span> <span class='ocrx_word' id='word_1_74' title='bbox 286 1238 338 1319; x_wconf 89' lang='lat' dir='ltr'><strong>qui</strong></span> <span class='ocrx_word' id='word_1_75' title='bbox 361 1237 466 1299; x_wconf 91' lang='lat' dir='ltr'><strong>codem</strong></span> <span class='ocrx_word' id='word_1_76' title='bbox 488 1238 579 1300; x_wconf 91' lang='lat' dir='ltr'><strong>modo</strong></span> <span class='ocrx_word' id='word_1_77' title='bbox 601 1237 639 1298; x_wconf 91' lang='lat' dir='ltr'><strong>de</strong></span> <span class='ocrx_word' id='word_1_78' title='bbox 660 1257 693 1300; x_wconf 90' lang='lat' dir='ltr'><strong>re</strong></span> <span class='ocrx_word' id='word_1_79' title='bbox 714 1256 777 1300; x_wconf 90' lang='lat' dir='ltr'><strong>non</strong></span> <span class='ocrx_word' id='word_1_80' title='bbox 799 1257 943 1319; x_wconf 88' lang='lat' dir='ltr'><strong>corporea</strong></span> <span class='ocrx_word' id='word_1_81' title='bbox 964 1257 999 1302; x_wconf 89' lang='lat' dir='ltr'><strong>ao</strong></span> <span class='ocrx_word' id='word_1_82' title='bbox 1019 1241 1057 1302; x_wconf 94' lang='lat' dir='ltr'><strong>de</strong></span> <span class='ocrx_word' id='word_1_83' title='bbox 1079 1259 1224 1322; x_wconf 86' lang='lat' dir='ltr'><strong>corporea</strong></span> <span class='ocrx_word' id='word_1_84' title='bbox 1245 1241 1371 1304; x_wconf 85' lang='lat' dir='ltr'><strong>ratioci-</strong></span> 
     </span>
     <span class='ocr_line' id='line_1_10' title="bbox 138 1333 1373 1422; baseline -0.001 -16"><span class='ocrx_word' id='word_1_85' title='bbox 138 1354 266 1416; x_wconf 87' lang='lat' dir='ltr'><strong>nantur,</strong></span> <span class='ocrx_word' id='word_1_86' title='bbox 296 1339 406 1422; x_wconf 87' lang='lat' dir='ltr'><strong>quique</strong></span> <span class='ocrx_word' id='word_1_87' title='bbox 429 1339 467 1401; x_wconf 93' lang='lat' dir='ltr'><strong>ob</strong></span> <span class='ocrx_word' id='word_1_88' title='bbox 489 1340 628 1419; x_wconf 87' lang='lat' dir='ltr'><strong>propriae</strong></span> <span class='ocrx_word' id='word_1_89' title='bbox 649 1347 773 1402; x_wconf 88' lang='lat' dir='ltr'><strong>naturae</strong></span> <span class='ocrx_word' id='word_1_90' title='bbox 786 1339 1041 1415; x_wconf 70' lang='lat' dir='ltr'><strong>imbecillitatem,</strong></span> <span class='ocrx_word' id='word_1_91' title='bbox 1063 1340 1143 1420; x_wconf 90' lang='lat' dir='ltr'><strong>quod</strong></span> <span class='ocrx_word' id='word_1_92' title='bbox 1165 1341 1321 1422; x_wconf 87' lang='lat' dir='ltr'><strong>proprium</strong></span> <span class='ocrx_word' id='word_1_93' title='bbox 1342 1333 1373 1406; x_wconf 81' lang='lat' dir='ltr'><strong>et</strong></span> 
     </span>
     <span class='ocr_line' id='line_1_11' title="bbox 138 1439 1371 1524; baseline 0 -18"><span class='ocrx_word' id='word_1_94' title='bbox 138 1443 272 1506; x_wconf 84' lang='lat' dir='ltr'><strong>naturale</strong></span> <span class='ocrx_word' id='word_1_95' title='bbox 294 1451 342 1503; x_wconf 87' lang='lat' dir='ltr'><strong>est</strong></span> <span class='ocrx_word' id='word_1_96' title='bbox 363 1440 469 1510; x_wconf 84' lang='lat' dir='ltr'><strong>Patria,</strong></span> <span class='ocrx_word' id='word_1_97' title='bbox 492 1459 553 1501; x_wconf 89' lang='lat' dir='ltr'><strong>nan</strong></span> <span class='ocrx_word' id='word_1_98' title='bbox 576 1448 715 1502; x_wconf 84' lang='lat' dir='ltr'><strong>verentur</strong></span> <span class='ocrx_word' id='word_1_99' title='bbox 736 1439 869 1520; x_wconf 74' lang='lat' dir='ltr'><strong>negare?</strong></span> <span class='ocrx_word' id='word_1_100' title='bbox 911 1441 1051 1504; x_wconf 80' lang='lat' dir='ltr'><strong>Proiecto</strong></span> <span class='ocrx_word' id='word_1_101' title='bbox 1074 1442 1101 1502; x_wconf 88' lang='lat' dir='ltr'><strong>si</strong></span> <span class='ocrx_word' id='word_1_102' title='bbox 1121 1443 1161 1505; x_wconf 89' lang='lat' dir='ltr'><strong>ita</strong></span> <span class='ocrx_word' id='word_1_103' title='bbox 1181 1451 1238 1518; x_wconf 85' lang='lat' dir='ltr'><strong>est,</strong></span> <span class='ocrx_word' id='word_1_104' title='bbox 1262 1463 1371 1524; x_wconf 88' lang='lat' dir='ltr'><strong>super·</strong></span> 
     </span>
     <span class='ocr_line' id='line_1_12' title="bbox 139 1541 1369 1624; baseline 0.001 -17"><span class='ocrx_word' id='word_1_105' title='bbox 139 1551 196 1620; x_wconf 76' lang='lat' dir='ltr'><strong>est,</strong></span> <span class='ocrx_word' id='word_1_106' title='bbox 219 1554 253 1605; x_wconf 93' lang='lat' dir='ltr'><strong>nt</strong></span> <span class='ocrx_word' id='word_1_107' title='bbox 275 1561 341 1605; x_wconf 91' lang='lat' dir='ltr'><strong>oum</strong></span> <span class='ocrx_word' id='word_1_108' title='bbox 363 1541 486 1604; x_wconf 89' lang='lat' dir='ltr'><strong>minime</strong></span> <span class='ocrx_word' id='word_1_109' title='bbox 509 1541 682 1622; x_wconf 70' lang='lat' dir='ltr'><strong>intelligant,</strong></span> <span class='ocrx_word' id='word_1_110' title='bbox 705 1541 856 1621; x_wconf 91' lang='lat' dir='ltr'><strong>quomodo</strong></span> <span class='ocrx_word' id='word_1_111' title='bbox 879 1541 920 1602; x_wconf 90' lang='lat' dir='ltr'><strong>sit</strong></span> <span class='ocrx_word' id='word_1_112' title='bbox 933 1541 1013 1604; x_wconf 85' lang='lat' dir='ltr'><strong>Deus</strong></span> <span class='ocrx_word' id='word_1_113' title='bbox 1034 1543 1081 1604; x_wconf 83' lang='lat' dir='ltr'><strong>rel</strong></span> <span class='ocrx_word' id='word_1_114' title='bbox 1102 1543 1196 1624; x_wconf 87' lang='lat' dir='ltr'><strong>qualis</strong></span> <span class='ocrx_word' id='word_1_115' title='bbox 1216 1545 1258 1606; x_wconf 89' lang='lat' dir='ltr'><strong>sit</strong></span> <span class='ocrx_word' id='word_1_116' title='bbox 1271 1545 1369 1620; x_wconf 87' lang='lat' dir='ltr'><strong>Pater,</strong></span> 
     </span>
     <span class='ocr_line' id='line_1_13' title="bbox 139 1642 1370 1725; baseline -0.002 -14"><span class='ocrx_word' id='word_1_117' title='bbox 139 1646 267 1710; x_wconf 86' lang='lat' dir='ltr'><strong>eoadem</strong></span> <span class='ocrx_word' id='word_1_118' title='bbox 288 1662 409 1725; x_wconf 90' lang='lat' dir='ltr'><strong>quoque</strong></span> <span class='ocrx_word' id='word_1_119' title='bbox 430 1643 515 1722; x_wconf 92' lang='lat' dir='ltr'><strong>plane</strong></span> <span class='ocrx_word' id='word_1_120' title='bbox 537 1650 663 1722; x_wconf 80' lang='lat' dir='ltr'><strong>negent,</strong></span> <span class='ocrx_word' id='word_1_121' title='bbox 692 1642 930 1722; x_wconf 90' lang='lat' dir='ltr'><strong>quandoquidem</strong></span> <span class='ocrx_word' id='word_1_122' title='bbox 957 1645 1049 1707; x_wconf 89' lang='lat' dir='ltr'><strong>letum</strong></span> <span class='ocrx_word' id='word_1_123' title='bbox 1071 1643 1167 1706; x_wconf 83' lang='lat' dir='ltr'><strong>Patris</strong></span> <span class='ocrx_word' id='word_1_124' title='bbox 1190 1646 1311 1708; x_wconf 89' lang='lat' dir='ltr'><strong>nonnisi</strong></span> <span class='ocrx_word' id='word_1_125' title='bbox 1333 1664 1370 1710; x_wconf 86' lang='lat' dir='ltr'><strong>ex</strong></span> 
     </span>
     <span class='ocr_line' id='line_1_14' title="bbox 139 1743 1370 1828; baseline -0.001 -18"><span class='ocrx_word' id='word_1_126' title='bbox 139 1747 246 1828; x_wconf 86' lang='lat' dir='ltr'><strong>seipsis</strong></span> <span class='ocrx_word' id='word_1_127' title='bbox 269 1746 366 1808; x_wconf 86' lang='lat' dir='ltr'><strong>insani</strong></span> <span class='ocrx_word' id='word_1_128' title='bbox 389 1744 559 1806; x_wconf 88' lang='lat' dir='ltr'><strong>metiuntur.</strong></span> <span class='ocrx_word' id='word_1_129' title='bbox 604 1744 713 1805; x_wconf 85' lang='lat' dir='ltr'><strong>Verum</strong></span> <span class='ocrx_word' id='word_1_130' title='bbox 735 1743 802 1805; x_wconf 80' lang='lat' dir='ltr'><strong>illos</strong></span> <span class='ocrx_word' id='word_1_131' title='bbox 825 1743 865 1804; x_wconf 87' lang='lat' dir='ltr'><strong>ita</strong></span> <span class='ocrx_word' id='word_1_132' title='bbox 887 1745 1010 1806; x_wconf 84' lang='lat' dir='ltr'><strong>allectos</strong></span> <span class='ocrx_word' id='word_1_133' title='bbox 1032 1744 1278 1824; x_wconf 87' lang='lat' dir='ltr'><strong>arbitrantesque,</strong></span> <span class='ocrx_word' id='word_1_134' title='bbox 1301 1765 1370 1809; x_wconf 85' lang='lat' dir='ltr'><strong>esse</strong></span> 
     </span>
     <span class='ocr_line' id='line_1_15' title="bbox 139 1844 1370 1927; baseline -0.002 -17"><span class='ocrx_word' id='word_1_135' title='bbox 139 1867 203 1910; x_wconf 91' lang='lat' dir='ltr'><strong>non</strong></span> <span class='ocrx_word' id='word_1_136' title='bbox 224 1866 314 1927; x_wconf 84' lang='lat' dir='ltr'><strong>posse</strong></span> <span class='ocrx_word' id='word_1_137' title='bbox 335 1847 390 1908; x_wconf 87' lang='lat' dir='ltr'><strong>llei</strong></span> <span class='ocrx_word' id='word_1_138' title='bbox 411 1845 528 1919; x_wconf 83' lang='lat' dir='ltr'><strong>Filium,</strong></span> <span class='ocrx_word' id='word_1_139' title='bbox 551 1844 689 1908; x_wconf 89' lang='lat' dir='ltr'><strong>miserari</strong></span> <span class='ocrx_word' id='word_1_140' title='bbox 712 1861 839 1923; x_wconf 86' lang='lat' dir='ltr'><strong>aequum</strong></span> <span class='ocrx_word' id='word_1_141' title='bbox 862 1844 934 1906; x_wconf 90' lang='lat' dir='ltr'><strong>mibi</strong></span> <span class='ocrx_word' id='word_1_142' title='bbox 955 1845 1088 1919; x_wconf 71' lang='lat' dir='ltr'><strong>videtum</strong></span> <span class='ocrx_word' id='word_1_143' title='bbox 1112 1844 1190 1906; x_wconf 87' lang='lat' dir='ltr'><strong>haud</strong></span> <span class='ocrx_word' id='word_1_144' title='bbox 1214 1846 1370 1908; x_wconf 84' lang='lat' dir='ltr'><strong>tamenab</strong></span> 
     </span>
     <span class='ocr_line' id='line_1_16' title="bbox 140 1944 1369 2026; baseline -0.002 -15"><span class='ocrx_word' id='word_1_145' title='bbox 140 1967 177 2012; x_wconf 90' lang='lat' dir='ltr'><strong>re</strong></span> <span class='ocrx_word' id='word_1_146' title='bbox 197 1948 287 2011; x_wconf 83' lang='lat' dir='ltr'><strong>luerit</strong></span> <span class='ocrx_word' id='word_1_147' title='bbox 305 1948 372 2010; x_wconf 86' lang='lat' dir='ltr'><strong>illos</strong></span> <span class='ocrx_word' id='word_1_148' title='bbox 394 1947 578 2026; x_wconf 77' lang='lat' dir='ltr'><strong>interrogare</strong></span> <span class='ocrx_word' id='word_1_149' title='bbox 601 1953 631 2007; x_wconf 92' lang='lat' dir='ltr'><strong>et</strong></span> <span class='ocrx_word' id='word_1_150' title='bbox 652 1946 839 2018; x_wconf 81' lang='lat' dir='ltr'><strong>convincere,</strong></span> <span class='ocrx_word' id='word_1_151' title='bbox 862 1945 888 2006; x_wconf 86' lang='lat' dir='ltr'><strong>si</strong></span> <span class='ocrx_word' id='word_1_152' title='bbox 904 1944 1041 2016; x_wconf 76' lang='lat' dir='ltr'><strong>iorte&#39;vel</strong></span> <span class='ocrx_word' id='word_1_153' title='bbox 1063 1945 1121 2007; x_wconf 88' lang='lat' dir='ltr'><strong>boo</strong></span> <span class='ocrx_word' id='word_1_154' title='bbox 1141 1955 1228 2026; x_wconf 91' lang='lat' dir='ltr'><strong>pacto</strong></span> <span class='ocrx_word' id='word_1_155' title='bbox 1244 1946 1281 2008; x_wconf 90' lang='lat' dir='ltr'><strong>ad</strong></span> <span class='ocrx_word' id='word_1_156' title='bbox 1297 1963 1369 2008; x_wconf 88' lang='lat' dir='ltr'><strong>sen·</strong></span> 
     </span>
     <span class='ocr_line' id='line_1_17' title="bbox 143 2045 1455 2128; baseline 0.002 -17"><span class='ocrx_word' id='word_1_157' title='bbox 143 2048 209 2111; x_wconf 85' lang='lat' dir='ltr'><strong>sum</strong></span> <span class='ocrx_word' id='word_1_158' title='bbox 232 2049 426 2112; x_wconf 82' lang='lat' dir='ltr'><strong>strationem</strong></span> <span class='ocrx_word' id='word_1_159' title='bbox 448 2055 557 2128; x_wconf 89' lang='lat' dir='ltr'><strong>queant</strong></span> <span class='ocrx_word' id='word_1_160' title='bbox 576 2045 720 2108; x_wconf 87' lang='lat' dir='ltr'><strong>revocari.</strong></span> <span class='ocrx_word' id='word_1_161' title='bbox 765 2045 799 2106; x_wconf 91' lang='lat' dir='ltr'><strong>Si</strong></span> <span class='ocrx_word' id='word_1_162' title='bbox 821 2045 986 2108; x_wconf 84' lang='lat' dir='ltr'><strong>seeundum</strong></span> <span class='ocrx_word' id='word_1_163' title='bbox 1007 2064 1061 2108; x_wconf 84' lang='lat' dir='ltr'><strong>ros</strong></span> <span class='ocrx_word' id='word_1_164' title='bbox 1083 2046 1175 2110; x_wconf 85' lang='lat' dir='ltr'><strong>Filius</strong></span> <span class='ocrx_word' id='word_1_165' title='bbox 1199 2055 1246 2109; x_wconf 91' lang='lat' dir='ltr'><strong>est</strong></span> <span class='ocrx_word' id='word_1_166' title='bbox 1267 2066 1304 2109; x_wconf 84' lang='lat' dir='ltr'><strong>ex</strong></span> <span class='ocrx_word' id='word_1_167' title='bbox 1318 2047 1455 2112; x_wconf 78' lang='lat' dir='ltr'><strong>ni-e.oc.</strong></span> 
     </span>
     <span class='ocr_line' id='line_1_18' title="bbox 141 2147 1370 2230; baseline -0.002 -16"><span class='ocrx_word' id='word_1_168' title='bbox 141 2151 199 2213; x_wconf 88' lang='lat' dir='ltr'><strong>bilo</strong></span> <span class='ocrx_word' id='word_1_169' title='bbox 221 2171 278 2214; x_wconf 87' lang='lat' dir='ltr'><strong>uec</strong></span> <span class='ocrx_word' id='word_1_170' title='bbox 296 2151 352 2212; x_wconf 84' lang='lat' dir='ltr'><strong>luit</strong></span> <span class='ocrx_word' id='word_1_171' title='bbox 373 2157 530 2229; x_wconf 77' lang='lat' dir='ltr'><strong>antequam</strong></span> <span class='ocrx_word' id='word_1_172' title='bbox 558 2155 729 2220; x_wconf 86' lang='lat' dir='ltr'><strong>natusest,</strong></span> <span class='ocrx_word' id='word_1_173' title='bbox 759 2164 887 2227; x_wconf 87' lang='lat' dir='ltr'><strong>prorsus</strong></span> <span class='ocrx_word' id='word_1_174' title='bbox 915 2147 1063 2226; x_wconf 87' lang='lat' dir='ltr'><strong>sequitur,</strong></span> <span class='ocrx_word' id='word_1_175' title='bbox 1095 2157 1128 2210; x_wconf 91' lang='lat' dir='ltr'><strong>ut</strong></span> <span class='ocrx_word' id='word_1_176' title='bbox 1155 2149 1222 2228; x_wconf 87' lang='lat' dir='ltr'><strong>ipse</strong></span> <span class='ocrx_word' id='word_1_177' title='bbox 1250 2167 1370 2230; x_wconf 88' lang='lat' dir='ltr'><strong>quoque</strong></span> 
     </span>
     <span class='ocr_line' id='line_1_19' title="bbox 141 2248 1477 2331; baseline -0.001 -16"><span class='ocrx_word' id='word_1_178' title='bbox 141 2253 260 2315; x_wconf 89' lang='lat' dir='ltr'><strong>nonnisi</strong></span> <span class='ocrx_word' id='word_1_179' title='bbox 282 2251 507 2331; x_wconf 71' lang='lat' dir='ltr'><strong>participatione</strong></span> <span class='ocrx_word' id='word_1_180' title='bbox 529 2248 632 2324; x_wconf 84' lang='lat' dir='ltr'><strong>Filius,</strong></span> <span class='ocrx_word' id='word_1_181' title='bbox 654 2248 732 2312; x_wconf 85' lang='lat' dir='ltr'><strong>Deus</strong></span> <span class='ocrx_word' id='word_1_182' title='bbox 755 2256 785 2310; x_wconf 79' lang='lat' dir='ltr'><strong>et</strong></span> <span class='ocrx_word' id='word_1_183' title='bbox 806 2249 957 2329; x_wconf 84' lang='lat' dir='ltr'><strong>Sapientia</strong></span> <span class='ocrx_word' id='word_1_184' title='bbox 979 2250 1019 2312; x_wconf 85' lang='lat' dir='ltr'><strong>sit</strong></span> <span class='ocrx_word' id='word_1_185' title='bbox 1039 2249 1214 2330; x_wconf 85' lang='lat' dir='ltr'><strong>appellatus.</strong></span> <span class='ocrx_word' id='word_1_186' title='bbox 1240 2251 1315 2314; x_wconf 87' lang='lat' dir='ltr'><strong>Nam</strong></span> <span class='ocrx_word' id='word_1_187' title='bbox 1329 2251 1370 2314; x_wconf 88' lang='lat' dir='ltr'><strong>ita</strong></span> <span class='ocrx_word' id='word_1_188' title='bbox 1470 2289 1477 2298; x_wconf 91' lang='lat'>·</span> 
     </span>
     <span class='ocr_line' id='line_1_20' title="bbox 146 2350 1368 2431; baseline 0.003 -21"><span class='ocrx_word' id='word_1_189' title='bbox 146 2353 228 2415; x_wconf 86' lang='lat' dir='ltr'><strong>etiam</strong></span> <span class='ocrx_word' id='word_1_190' title='bbox 251 2371 301 2414; x_wconf 88' lang='lat' dir='ltr'><strong>res</strong></span> <span class='ocrx_word' id='word_1_191' title='bbox 321 2351 393 2414; x_wconf 84' lang='lat' dir='ltr'><strong>aliae</strong></span> <span class='ocrx_word' id='word_1_192' title='bbox 416 2369 521 2414; x_wconf 90' lang='lat' dir='ltr'><strong>omnes</strong></span> <span class='ocrx_word' id='word_1_193' title='bbox 545 2358 617 2412; x_wconf 83' lang='lat' dir='ltr'><strong>sant</strong></span> <span class='ocrx_word' id='word_1_194' title='bbox 637 2350 826 2424; x_wconf 87' lang='lat' dir='ltr'><strong>constitutae,</strong></span> <span class='ocrx_word' id='word_1_195' title='bbox 850 2369 926 2430; x_wconf 88' lang='lat' dir='ltr'><strong>quac</strong></span> <span class='ocrx_word' id='word_1_196' title='bbox 944 2358 974 2412; x_wconf 87' lang='lat' dir='ltr'><strong>et</strong></span> <span class='ocrx_word' id='word_1_197' title='bbox 989 2352 1186 2414; x_wconf 86' lang='lat' dir='ltr'><strong>sanctificatae</strong></span> <span class='ocrx_word' id='word_1_198' title='bbox 1199 2352 1368 2431; x_wconf 76' lang='lat' dir='ltr'><strong>glorifican-</strong></span> 
     </span>
     <span class='ocr_line' id='line_1_21' title="bbox 145 2451 1367 2542; baseline 0.002 -27"><span class='ocrx_word' id='word_1_199' title='bbox 145 2461 197 2517; x_wconf 88' lang='lat' dir='ltr'><strong>tur.</strong></span> <span class='ocrx_word' id='word_1_200' title='bbox 243 2453 333 2516; x_wconf 84' lang='lat' dir='ltr'><strong>Cuius</strong></span> <span class='ocrx_word' id='word_1_201' title='bbox 361 2472 432 2532; x_wconf 83' lang='lat' dir='ltr'><strong>ergo</strong></span> <span class='ocrx_word' id='word_1_202' title='bbox 461 2453 509 2514; x_wconf 92' lang='lat' dir='ltr'><strong>ille</strong></span> <span class='ocrx_word' id='word_1_203' title='bbox 537 2451 578 2514; x_wconf 89' lang='lat' dir='ltr'><strong>sit</strong></span> <span class='ocrx_word' id='word_1_204' title='bbox 606 2451 772 2532; x_wconf 78' lang='lat' dir='ltr'><strong>particeps,</strong></span> <span class='ocrx_word' id='word_1_205' title='bbox 801 2471 855 2514; x_wconf 86' lang='lat' dir='ltr'><strong>vos</strong></span> <span class='ocrx_word' id='word_1_206' title='bbox 884 2452 983 2514; x_wconf 89' lang='lat' dir='ltr'><strong>dicere</strong></span> <span class='ocrx_word' id='word_1_207' title='bbox 1010 2471 1137 2516; x_wconf 87' lang='lat' dir='ltr'><strong>necesse</strong></span> <span class='ocrx_word' id='word_1_208' title='bbox 1166 2454 1287 2542; x_wconf 80' lang='lat' dir='ltr'><strong>omnino</strong></span> <span class='ocrx_word' id='word_1_209' title='bbox 1309 2461 1367 2518; x_wconf 88' lang='lat' dir='ltr'><strong>est.</strong></span> 
     </span>
     <span class='ocr_line' id='line_1_22' title="bbox 142 2553 1405 2636; baseline 0.002 -18"><span class='ocrx_word' id='word_1_210' title='bbox 142 2555 195 2620; x_wconf 83' lang='lat' dir='ltr'><strong>fles</strong></span> <span class='ocrx_word' id='word_1_211' title='bbox 219 2557 301 2618; x_wconf 88' lang='lat' dir='ltr'><strong>enim</strong></span> <span class='ocrx_word' id='word_1_212' title='bbox 332 2555 407 2618; x_wconf 88' lang='lat' dir='ltr'><strong>aliae</strong></span> <span class='ocrx_word' id='word_1_213' title='bbox 430 2571 535 2616; x_wconf 90' lang='lat' dir='ltr'><strong>omnes</strong></span> <span class='ocrx_word' id='word_1_214' title='bbox 558 2553 686 2632; x_wconf 74' lang='lat' dir='ltr'><strong>Spiritus</strong></span> <span class='ocrx_word' id='word_1_215' title='bbox 708 2561 780 2617; x_wconf 91' lang='lat' dir='ltr'><strong>sunt</strong></span> <span class='ocrx_word' id='word_1_216' title='bbox 807 2554 982 2634; x_wconf 84' lang='lat' dir='ltr'><strong>participes,</strong></span> <span class='ocrx_word' id='word_1_217' title='bbox 1011 2555 1109 2636; x_wconf 88' lang='lat' dir='ltr'><strong>ipsum</strong></span> <span class='ocrx_word' id='word_1_218' title='bbox 1138 2563 1237 2620; x_wconf 85' lang='lat' dir='ltr'><strong>autem</strong></span> <span class='ocrx_word' id='word_1_219' title='bbox 1263 2556 1367 2618; x_wconf 87' lang='lat' dir='ltr'><strong>cuius·</strong></span> <span class='ocrx_word' id='word_1_220' title='bbox 1401 2613 1405 2620; x_wconf 87' lang='lat'><em>.</em></span> 
     </span>
     <span class='ocr_line' id='line_1_23' title="bbox 141 2653 1368 2744; baseline -0.002 -26"><span class='ocrx_word' id='word_1_221' title='bbox 141 2675 203 2720; x_wconf 85' lang='lat' dir='ltr'><strong>uam</strong></span> <span class='ocrx_word' id='word_1_222' title='bbox 232 2659 278 2720; x_wconf 88' lang='lat' dir='ltr'><strong>rei</strong></span> <span class='ocrx_word' id='word_1_223' title='bbox 306 2656 481 2736; x_wconf 80' lang='lat' dir='ltr'><strong>participem</strong></span> <span class='ocrx_word' id='word_1_224' title='bbox 509 2653 637 2718; x_wconf 85' lang='lat' dir='ltr'><strong>dicetis‘l</strong></span> <span class='ocrx_word' id='word_1_225' title='bbox 681 2654 832 2735; x_wconf 81' lang='lat' dir='ltr'><strong>Spiritus?</strong></span> <span class='ocrx_word' id='word_1_226' title='bbox 873 2656 961 2736; x_wconf 79' lang='lat' dir='ltr'><strong>Atqui</strong></span> <span class='ocrx_word' id='word_1_227' title='bbox 978 2657 1055 2738; x_wconf 83' lang='lat' dir='ltr'><strong>ipse</strong></span> <span class='ocrx_word' id='word_1_228' title='bbox 1082 2658 1213 2744; x_wconf 77' lang='lat' dir='ltr'><strong>Spiritus</strong></span> <span class='ocrx_word' id='word_1_229' title='bbox 1246 2675 1263 2718; x_wconf 87' lang='lat' dir='ltr'><strong>a</strong></span> <span class='ocrx_word' id='word_1_230' title='bbox 1290 2655 1368 2716; x_wconf 89' lang='lat' dir='ltr'><strong>Filio</strong></span> 
     </span>
    </p>
   </div>
   <div class='ocr_carea' id='block_1_3' title="bbox 6 2756 1370 2837">
    <p class='ocr_par' dir='ltr' id='par_1_4' title="bbox 6 2756 1370 2837">
     <span class='ocr_line' id='line_1_24' title="bbox 6 2756 1370 2837; baseline -0.002 -16"><span class='ocrx_word' id='word_1_231' title='bbox 6 2783 8 2796; x_wconf 66' lang='lat'><strong>,</strong></span> <span class='ocrx_word' id='word_1_232' title='bbox 142 2760 240 2837; x_wconf 86' lang='lat' dir='ltr'><strong>potius</strong></span> <span class='ocrx_word' id='word_1_233' title='bbox 261 2756 383 2836; x_wconf 81' lang='lat' dir='ltr'><strong>accipit,</strong></span> <span class='ocrx_word' id='word_1_234' title='bbox 411 2765 444 2818; x_wconf 93' lang='lat' dir='ltr'><strong>ut</strong></span> <span class='ocrx_word' id='word_1_235' title='bbox 463 2757 542 2819; x_wconf 88' lang='lat' dir='ltr'><strong>idem</strong></span> <span class='ocrx_word' id='word_1_236' title='bbox 564 2756 657 2820; x_wconf 84' lang='lat' dir='ltr'><strong>lilius</strong></span> <span class='ocrx_word' id='word_1_237' title='bbox 679 2765 818 2833; x_wconf 86' lang='lat' dir='ltr'><strong>testator,</strong></span> <span class='ocrx_word' id='word_1_238' title='bbox 835 2757 1072 2837; x_wconf 78' lang='lat' dir='ltr'><strong>,absurdumque</strong></span> <span class='ocrx_word' id='word_1_239' title='bbox 1093 2757 1174 2820; x_wconf 91' lang='lat' dir='ltr'><strong>dictu</strong></span> <span class='ocrx_word' id='word_1_240' title='bbox 1196 2765 1259 2830; x_wconf 87' lang='lat' dir='ltr'><strong>est,</strong></span> <span class='ocrx_word' id='word_1_241' title='bbox 1289 2757 1370 2818; x_wconf 90' lang='lat' dir='ltr'><strong>hunc</strong></span> 
     </span>
    </p>
   </div>
   <div class='ocr_carea' id='block_1_4' title="bbox 132 2855 1541 4148">
    <p class='ocr_par' dir='ltr' id='par_1_5' title="bbox 144 2855 1443 3038">
     <span class='ocr_line' id='line_1_25' title="bbox 145 2855 1443 2940; baseline 0.001 -21"><span class='ocrx_word' id='word_1_242' title='bbox 145 2858 252 2919; x_wconf 92' lang='lat' dir='ltr'><strong>abillo</strong></span> <span class='ocrx_word' id='word_1_243' title='bbox 284 2856 467 2918; x_wconf 78' lang='lat' dir='ltr'><strong>sanctificari.</strong></span> <span class='ocrx_word' id='word_1_244' title='bbox 506 2857 602 2938; x_wconf 78' lang='lat' dir='ltr'><strong>{giam</strong></span> <span class='ocrx_word' id='word_1_245' title='bbox 626 2859 722 2920; x_wconf 86' lang='lat' dir='ltr'><strong>Patris</strong></span> <span class='ocrx_word' id='word_1_246' title='bbox 751 2860 785 2920; x_wconf 86' lang='lat' dir='ltr'><strong>lit</strong></span> <span class='ocrx_word' id='word_1_247' title='bbox 811 2859 977 2940; x_wconf 77' lang='lat' dir='ltr'><strong>particeps3</strong></span> <span class='ocrx_word' id='word_1_248' title='bbox 1010 2857 1040 2920; x_wconf 89' lang='lat' dir='ltr'><strong>id</strong></span> <span class='ocrx_word' id='word_1_249' title='bbox 1068 2855 1147 2919; x_wconf 87' lang='lat' dir='ltr'><strong>enim</strong></span> <span class='ocrx_word' id='word_1_250' title='bbox 1174 2863 1314 2936; x_wconf 84' lang='lat' dir='ltr'><strong>superest</strong></span> <span class='ocrx_word' id='word_1_251' title='bbox 1339 2863 1371 2920; x_wconf 91' lang='lat' dir='ltr'><strong>et</strong></span> <span class='ocrx_word' id='word_1_252' title='bbox 1437 2925 1443 2938; x_wconf 60' lang='grc'><strong>,</strong></span> 
     </span>
     <span class='ocr_line' id='line_1_26' title="bbox 144 2955 1368 3038; baseline -0.001 -19"><span class='ocrx_word' id='word_1_253' title='bbox 144 2957 318 3020; x_wconf 86' lang='lat' dir='ltr'><strong>necessario</strong></span> <span class='ocrx_word' id='word_1_254' title='bbox 340 2956 500 3021; x_wconf 86' lang='lat' dir='ltr'><strong>dicendum.</strong></span> <span class='ocrx_word' id='word_1_255' title='bbox 545 2959 604 3020; x_wconf 89' lang='lat' dir='ltr'><strong>Sed</strong></span> <span class='ocrx_word' id='word_1_256' title='bbox 627 2959 697 3038; x_wconf 89' lang='lat' dir='ltr'><strong>quid</strong></span> <span class='ocrx_word' id='word_1_257' title='bbox 718 2958 853 3034; x_wconf 87' lang='lat' dir='ltr'><strong>tandem,</strong></span> <span class='ocrx_word' id='word_1_258' title='bbox 881 2959 927 3021; x_wconf 87' lang='lat' dir='ltr'><strong>vel</strong></span> <span class='ocrx_word' id='word_1_259' title='bbox 949 2957 1028 3021; x_wconf 89' lang='lat' dir='ltr'><strong>undo</strong></span> <span class='ocrx_word' id='word_1_260' title='bbox 1049 2955 1121 3019; x_wconf 88' lang='lat' dir='ltr'><strong>illud</strong></span> <span class='ocrx_word' id='word_1_261' title='bbox 1143 2955 1213 3019; x_wconf 76' lang='lat' dir='ltr'><strong>esti</strong></span> <span class='ocrx_word' id='word_1_262' title='bbox 1258 2956 1290 3018; x_wconf 90' lang='lat' dir='ltr'><strong>Si</strong></span> <span class='ocrx_word' id='word_1_263' title='bbox 1313 2956 1368 3018; x_wconf 87' lang='lat' dir='ltr'><strong>oli·</strong></span> 
     </span>
    </p>

    <p class='ocr_par' dir='ltr' id='par_1_6' title="bbox 144 3057 1368 3138">
     <span class='ocr_line' id='line_1_27' title="bbox 144 3057 1368 3138; baseline 0 -18"><span class='ocrx_word' id='word_1_264' title='bbox 144 3059 215 3138; x_wconf 89' lang='lat' dir='ltr'><strong>quid</strong></span> <span class='ocrx_word' id='word_1_265' title='bbox 238 3057 419 3120; x_wconf 79' lang='lat' dir='ltr'><strong>extrinsecas</strong></span> <span class='ocrx_word' id='word_1_266' title='bbox 440 3057 636 3138; x_wconf 78' lang='lat' dir='ltr'><strong>excogitatum</strong></span> <span class='ocrx_word' id='word_1_267' title='bbox 656 3079 673 3122; x_wconf 87' lang='lat' dir='ltr'><strong>a</strong></span> <span class='ocrx_word' id='word_1_268' title='bbox 694 3059 798 3134; x_wconf 86' lang='lat' dir='ltr'><strong>Patre,</strong></span> <span class='ocrx_word' id='word_1_269' title='bbox 828 3079 890 3122; x_wconf 87' lang='lat' dir='ltr'><strong>non</strong></span> <span class='ocrx_word' id='word_1_270' title='bbox 918 3059 977 3122; x_wconf 89' lang='lat' dir='ltr'><strong>iam</strong></span> <span class='ocrx_word' id='word_1_271' title='bbox 998 3060 1097 3123; x_wconf 86' lang='lat' dir='ltr'><strong>Patris</strong></span> <span class='ocrx_word' id='word_1_272' title='bbox 1125 3059 1181 3121; x_wconf 86' lang='lat' dir='ltr'><strong>erit</strong></span> <span class='ocrx_word' id='word_1_273' title='bbox 1208 3059 1368 3138; x_wconf 84' lang='lat' dir='ltr'><strong>particeps,</strong></span> 
     </span>
    </p>

    <p class='ocr_par' dir='ltr' id='par_1_7' title="bbox 132 3143 1479 3746">
     <span class='ocr_line' id='line_1_28' title="bbox 142 3143 1368 3242; baseline 0.001 -21"><span class='ocrx_word' id='word_1_274' title='bbox 142 3160 196 3221; x_wconf 88' lang='lat' dir='ltr'><strong>sed</strong></span> <span class='ocrx_word' id='word_1_275' title='bbox 220 3160 301 3233; x_wconf 87' lang='lat' dir='ltr'><strong>eius,</strong></span> <span class='ocrx_word' id='word_1_276' title='bbox 327 3159 406 3238; x_wconf 92' lang='lat' dir='ltr'><strong>quod</strong></span> <span class='ocrx_word' id='word_1_277' title='bbox 435 3143 618 3222; x_wconf 84' lang='lat' dir='ltr'><strong>extrinsecus</strong></span> <span class='ocrx_word' id='word_1_278' title='bbox 642 3167 703 3234; x_wconf 90' lang='lat' dir='ltr'><strong>est,</strong></span> <span class='ocrx_word' id='word_1_279' title='bbox 721 3147 789 3221; x_wconf 63' lang='lat' dir='ltr'><strong>&#39;neo</strong></span> <span class='ocrx_word' id='word_1_280' title='bbox 816 3160 943 3238; x_wconf 88' lang='lat' dir='ltr'><strong>proinde</strong></span> <span class='ocrx_word' id='word_1_281' title='bbox 971 3161 1133 3224; x_wconf 89' lang='lat' dir='ltr'><strong>secundum</strong></span> <span class='ocrx_word' id='word_1_282' title='bbox 1156 3168 1228 3242; x_wconf 91' lang='lat' dir='ltr'><strong>post</strong></span> <span class='ocrx_word' id='word_1_283' title='bbox 1248 3161 1368 3222; x_wconf 84' lang='lat' dir='ltr'><strong>Patrem</strong></span> 
     </span>
     <span class='ocr_line' id='line_1_29' title="bbox 138 3259 1368 3334; baseline 0.001 -12"><span class='ocrx_word' id='word_1_284' title='bbox 138 3261 239 3324; x_wconf 92' lang='lat' dir='ltr'><strong>locum</strong></span> <span class='ocrx_word' id='word_1_285' title='bbox 262 3259 422 3332; x_wconf 81' lang='lat' dir='ltr'><strong>obtinebit,</strong></span> <span class='ocrx_word' id='word_1_286' title='bbox 452 3279 518 3323; x_wconf 91' lang='lat' dir='ltr'><strong>cum</strong></span> <span class='ocrx_word' id='word_1_287' title='bbox 540 3279 605 3322; x_wconf 86' lang='lat' dir='ltr'><strong>rem</strong></span> <span class='ocrx_word' id='word_1_288' title='bbox 626 3259 705 3322; x_wconf 88' lang='lat' dir='ltr'><strong>illam</strong></span> <span class='ocrx_word' id='word_1_289' title='bbox 728 3268 796 3321; x_wconf 89' lang='lat' dir='ltr'><strong>ante</strong></span> <span class='ocrx_word' id='word_1_290' title='bbox 819 3259 995 3334; x_wconf 84' lang='lat' dir='ltr'><strong>schabest,</strong></span> <span class='ocrx_word' id='word_1_291' title='bbox 1023 3281 1079 3324; x_wconf 90' lang='lat' dir='ltr'><strong>neo</strong></span> <span class='ocrx_word' id='word_1_292' title='bbox 1099 3263 1171 3324; x_wconf 92' lang='lat' dir='ltr'><strong>item</strong></span> <span class='ocrx_word' id='word_1_293' title='bbox 1192 3261 1289 3323; x_wconf 85' lang='lat' dir='ltr'><strong>Patris</strong></span> <span class='ocrx_word' id='word_1_294' title='bbox 1311 3261 1368 3324; x_wconf 88' lang='lat' dir='ltr'><strong>erit</strong></span> 
     </span>
     <span class='ocr_line' id='line_1_30' title="bbox 137 3360 1368 3452; baseline 0 -28"><span class='ocrx_word' id='word_1_295' title='bbox 137 3361 408 3452; x_wconf 68' lang='lat' dir='ltr'><strong>dicendusllilius,</strong></span> <span class='ocrx_word' id='word_1_296' title='bbox 430 3363 484 3424; x_wconf 89' lang='lat' dir='ltr'><strong>sed</strong></span> <span class='ocrx_word' id='word_1_297' title='bbox 506 3361 596 3434; x_wconf 87' lang='lat' dir='ltr'><strong>illius,</strong></span> <span class='ocrx_word' id='word_1_298' title='bbox 619 3361 702 3424; x_wconf 89' lang='lat' dir='ltr'><strong>cuius</strong></span> <span class='ocrx_word' id='word_1_299' title='bbox 724 3362 819 3424; x_wconf 86' lang='lat' dir='ltr'><strong>lactus</strong></span> <span class='ocrx_word' id='word_1_300' title='bbox 841 3360 1001 3441; x_wconf 82' lang='lat' dir='ltr'><strong>particeps,</strong></span> <span class='ocrx_word' id='word_1_301' title='bbox 1024 3371 1054 3423; x_wconf 91' lang='lat' dir='ltr'><strong>et</strong></span> <span class='ocrx_word' id='word_1_302' title='bbox 1067 3361 1158 3424; x_wconf 83' lang='lat' dir='ltr'><strong>Filius</strong></span> <span class='ocrx_word' id='word_1_303' title='bbox 1180 3369 1210 3424; x_wconf 90' lang='lat' dir='ltr'><strong>et</strong></span> <span class='ocrx_word' id='word_1_304' title='bbox 1223 3362 1302 3424; x_wconf 86' lang='lat' dir='ltr'><strong>Deus</strong></span> <span class='ocrx_word' id='word_1_305' title='bbox 1320 3367 1368 3424; x_wconf 86' lang='lat' dir='ltr'><strong>est</strong></span> 
     </span>
     <span class='ocr_line' id='line_1_31' title="bbox 135 3461 1434 3543; baseline -0.003 -17"><span class='ocrx_word' id='word_1_306' title='bbox 135 3470 337 3543; x_wconf 87' lang='lat' dir='ltr'><strong>nuncupatus.</strong></span> <span class='ocrx_word' id='word_1_307' title='bbox 382 3461 615 3542; x_wconf 73' lang='lat' dir='ltr'><strong>Quanquam</strong></span> <span class='ocrx_word' id='word_1_308' title='bbox 643 3465 670 3525; x_wconf 89' lang='lat' dir='ltr'><strong>si</strong></span> <span class='ocrx_word' id='word_1_309' title='bbox 697 3461 859 3525; x_wconf 90' lang='lat' dir='ltr'><strong>absurdum</strong></span> <span class='ocrx_word' id='word_1_310' title='bbox 888 3469 918 3524; x_wconf 92' lang='lat' dir='ltr'><strong>et</strong></span> <span class='ocrx_word' id='word_1_311' title='bbox 948 3463 1072 3541; x_wconf 91' lang='lat' dir='ltr'><strong>impium</strong></span> <span class='ocrx_word' id='word_1_312' title='bbox 1094 3464 1200 3525; x_wconf 90' lang='lat' dir='ltr'><strong>merito</strong></span> <span class='ocrx_word' id='word_1_313' title='bbox 1222 3462 1366 3536; x_wconf 86' lang='lat' dir='ltr'><strong>rideatur,</strong></span> <span class='ocrx_word' id='word_1_314' title='bbox 1427 3471 1434 3484; x_wconf 91' lang='grc'><em>·</em></span> 
     </span>
     <span class='ocr_line' id='line_1_32' title="bbox 135 3561 1479 3646; baseline -0.004 -18"><span class='ocrx_word' id='word_1_315' title='bbox 135 3583 204 3628; x_wconf 81' lang='lat' dir='ltr'><strong>mm</strong></span> <span class='ocrx_word' id='word_1_316' title='bbox 226 3563 305 3626; x_wconf 82' lang='lat' dir='ltr'><strong>dicat</strong></span> <span class='ocrx_word' id='word_1_317' title='bbox 325 3563 429 3625; x_wconf 84' lang='lat' dir='ltr'><strong>Pater:</strong></span> <span class='ocrx_word' id='word_1_318' title='bbox 458 3563 514 3626; x_wconf 81' lang='lat' dir='ltr'><strong>ilic</strong></span> <span class='ocrx_word' id='word_1_319' title='bbox 542 3575 587 3627; x_wconf 81' lang='lat' dir='ltr'><strong>eat</strong></span> <span class='ocrx_word' id='word_1_320' title='bbox 615 3565 711 3628; x_wconf 72' lang='lat' dir='ltr'><strong>Filios</strong></span> <span class='ocrx_word' id='word_1_321' title='bbox 737 3585 821 3628; x_wconf 84' lang='lat' dir='ltr'><strong>meos</strong></span> <span class='ocrx_word' id='word_1_322' title='bbox 850 3565 992 3636; x_wconf 79' lang='lat' dir='ltr'><strong>dilector,</strong></span> <span class='ocrx_word' id='word_1_323' title='bbox 1021 3565 1144 3646; x_wconf 90' lang='lat' dir='ltr'><strong>ipseque</strong></span> <span class='ocrx_word' id='word_1_324' title='bbox 1170 3561 1263 3624; x_wconf 89' lang='lat' dir='ltr'><strong>Filius</strong></span> <span class='ocrx_word' id='word_1_325' title='bbox 1290 3579 1366 3642; x_wconf 90' lang='lat' dir='ltr'><strong>pro·</strong></span> <span class='ocrx_word' id='word_1_326' title='bbox 1472 3587 1479 3594; x_wconf 91' lang='lat'>·</span> 
     </span>
     <span class='ocr_line' id='line_1_33' title="bbox 132 3663 1368 3746; baseline -0.003 -18"><span class='ocrx_word' id='word_1_327' title='bbox 132 3667 235 3746; x_wconf 89' lang='lat' dir='ltr'><strong>prium</strong></span> <span class='ocrx_word' id='word_1_328' title='bbox 258 3683 345 3726; x_wconf 88' lang='lat' dir='ltr'><strong>suum</strong></span> <span class='ocrx_word' id='word_1_329' title='bbox 367 3664 485 3726; x_wconf 87' lang='lat' dir='ltr'><strong>Patrem</strong></span> <span class='ocrx_word' id='word_1_330' title='bbox 506 3664 599 3726; x_wconf 87' lang='lat' dir='ltr'><strong>Deum</strong></span> <span class='ocrx_word' id='word_1_331' title='bbox 622 3684 691 3728; x_wconf 89' lang='lat' dir='ltr'><strong>esse</strong></span> <span class='ocrx_word' id='word_1_332' title='bbox 713 3665 856 3740; x_wconf 83' lang='lat' dir='ltr'><strong>affirmet,</strong></span> <span class='ocrx_word' id='word_1_333' title='bbox 876 3665 970 3744; x_wconf 90' lang='lat' dir='ltr'><strong>liquot</strong></span> <span class='ocrx_word' id='word_1_334' title='bbox 990 3664 1101 3743; x_wconf 89' lang='lat' dir='ltr'><strong>utique,</strong></span> <span class='ocrx_word' id='word_1_335' title='bbox 1124 3663 1198 3725; x_wconf 90' lang='lat' dir='ltr'><strong>nihil</strong></span> <span class='ocrx_word' id='word_1_336' title='bbox 1219 3663 1368 3726; x_wconf 84' lang='lat' dir='ltr'><strong>extrinse-</strong></span> 
     </span>
    </p>

    <p class='ocr_par' dir='ltr' id='par_1_8' title="bbox 132 3763 1541 4148">
     <span class='ocr_line' id='line_1_34' title="bbox 134 3763 1541 3854; baseline -0.004 -25"><span class='ocrx_word' id='word_1_337' title='bbox 134 3785 184 3829; x_wconf 78' lang='lat' dir='ltr'><strong>cans</strong></span> <span class='ocrx_word' id='word_1_338' title='bbox 220 3765 277 3827; x_wconf 90' lang='lat' dir='ltr'><strong>sed</strong></span> <span class='ocrx_word' id='word_1_339' title='bbox 305 3783 342 3826; x_wconf 85' lang='lat' dir='ltr'><strong>ex</strong></span> <span class='ocrx_word' id='word_1_340' title='bbox 363 3763 527 3827; x_wconf 88' lang='lat' dir='ltr'><strong>substantia</strong></span> <span class='ocrx_word' id='word_1_341' title='bbox 555 3765 652 3828; x_wconf 83' lang='lat' dir='ltr'><strong>Patris</strong></span> <span class='ocrx_word' id='word_1_342' title='bbox 675 3785 744 3829; x_wconf 88' lang='lat' dir='ltr'><strong>esse</strong></span> <span class='ocrx_word' id='word_1_343' title='bbox 764 3766 811 3840; x_wconf 89' lang='lat' dir='ltr'><strong>id,</strong></span> <span class='ocrx_word' id='word_1_344' title='bbox 841 3765 924 3828; x_wconf 88' lang='lat' dir='ltr'><strong>cuius</strong></span> <span class='ocrx_word' id='word_1_345' title='bbox 956 3765 990 3826; x_wconf 85' lang='lat' dir='ltr'><strong>tit</strong></span> <span class='ocrx_word' id='word_1_346' title='bbox 1015 3764 1175 3843; x_wconf 84' lang='lat' dir='ltr'><strong>particeps.</strong></span> <span class='ocrx_word' id='word_1_347' title='bbox 1220 3764 1253 3825; x_wconf 90' lang='lat' dir='ltr'><strong>Si</strong></span> <span class='ocrx_word' id='word_1_348' title='bbox 1273 3777 1369 3843; x_wconf 86' lang='lat' dir='ltr'><strong>porro</strong></span> <span class='ocrx_word' id='word_1_349' title='bbox 1432 3798 1438 3808; x_wconf 80' lang='lat'><strong>,</strong></span> <span class='ocrx_word' id='word_1_350' title='bbox 1537 3845 1541 3854; x_wconf 22' lang='lat'>⁸</span> 
     </span>
     <span class='ocr_line' id='line_1_35' title="bbox 132 3863 1369 3948; baseline 0 -22"><span class='ocrx_word' id='word_1_351' title='bbox 132 3866 219 3930; x_wconf 86' lang='lat' dir='ltr'><strong>istud</strong></span> <span class='ocrx_word' id='word_1_352' title='bbox 241 3865 332 3928; x_wconf 85' lang='lat' dir='ltr'><strong>luerit</strong></span> <span class='ocrx_word' id='word_1_353' title='bbox 353 3865 430 3928; x_wconf 83' lang='lat' dir='ltr'><strong>aliud</strong></span> <span class='ocrx_word' id='word_1_354' title='bbox 452 3876 570 3946; x_wconf 86' lang='lat' dir='ltr'><strong>praeter</strong></span> <span class='ocrx_word' id='word_1_355' title='bbox 590 3867 656 3929; x_wconf 82' lang='lat' dir='ltr'><strong>Filii</strong></span> <span class='ocrx_word' id='word_1_356' title='bbox 677 3874 823 3941; x_wconf 89' lang='lat' dir='ltr'><strong>naturam,</strong></span> <span class='ocrx_word' id='word_1_357' title='bbox 846 3885 939 3948; x_wconf 89' lang='lat' dir='ltr'><strong>aeque</strong></span> <span class='ocrx_word' id='word_1_358' title='bbox 960 3863 1122 3927; x_wconf 89' lang='lat' dir='ltr'><strong>absurdum</strong></span> <span class='ocrx_word' id='word_1_359' title='bbox 1142 3863 1206 3934; x_wconf 88' lang='lat' dir='ltr'><strong>erit,</strong></span> <span class='ocrx_word' id='word_1_360' title='bbox 1228 3882 1295 3925; x_wconf 87' lang='lat' dir='ltr'><strong>cum</strong></span> <span class='ocrx_word' id='word_1_361' title='bbox 1310 3865 1369 3926; x_wconf 90' lang='lat' dir='ltr'><strong>boo</strong></span> 
     </span>
     <span class='ocr_line' id='line_1_36' title="bbox 132 3963 1366 4049; baseline 0 -23"><span class='ocrx_word' id='word_1_362' title='bbox 132 3965 218 4030; x_wconf 87' lang='lat' dir='ltr'><strong>idem</strong></span> <span class='ocrx_word' id='word_1_363' title='bbox 241 3965 370 4028; x_wconf 89' lang='lat' dir='ltr'><strong>medium</strong></span> <span class='ocrx_word' id='word_1_364' title='bbox 393 3967 463 4048; x_wconf 91' lang='lat' dir='ltr'><strong>quid</strong></span> <span class='ocrx_word' id='word_1_365' title='bbox 486 3969 652 4049; x_wconf 86' lang='lat' dir='ltr'><strong>reperiatur</strong></span> <span class='ocrx_word' id='word_1_366' title='bbox 674 3987 742 4032; x_wconf 89' lang='lat' dir='ltr'><strong>esse</strong></span> <span class='ocrx_word' id='word_1_367' title='bbox 764 3987 800 4030; x_wconf 83' lang='lat' dir='ltr'><strong>ex</strong></span> <span class='ocrx_word' id='word_1_368' title='bbox 822 3967 910 4029; x_wconf 89' lang='lat' dir='ltr'><strong>Patre</strong></span> <span class='ocrx_word' id='word_1_369' title='bbox 933 3975 964 4028; x_wconf 89' lang='lat' dir='ltr'><strong>et</strong></span> <span class='ocrx_word' id='word_1_370' title='bbox 985 3985 1020 4028; x_wconf 86' lang='lat' dir='ltr'><strong>ex</strong></span> <span class='ocrx_word' id='word_1_371' title='bbox 1041 3970 1146 4026; x_wconf 88' lang='lat' dir='ltr'><strong>natura</strong></span> <span class='ocrx_word' id='word_1_372' title='bbox 1167 3963 1250 4039; x_wconf 82' lang='lat' dir='ltr'><strong>Filii,</strong></span> <span class='ocrx_word' id='word_1_373' title='bbox 1273 3983 1366 4048; x_wconf 89' lang='lat' dir='ltr'><strong>quae·</strong></span> 
     </span>
     <span class='ocr_line' id='line_1_37' title="bbox 133 4067 548 4148; baseline 0 -16"><span class='ocrx_word' id='word_1_374' title='bbox 133 4083 266 4148; x_wconf 77' lang='lat' dir='ltr'><strong>namque</strong></span> <span class='ocrx_word' id='word_1_375' title='bbox 287 4067 406 4130; x_wconf 81' lang='lat' dir='ltr'><strong>tandem</strong></span> <span class='ocrx_word' id='word_1_376' title='bbox 428 4067 476 4130; x_wconf 90' lang='lat' dir='ltr'><strong>illa</strong></span> <span class='ocrx_word' id='word_1_377' title='bbox 498 4069 548 4132; x_wconf 88' lang='lat' dir='ltr'><strong>sit.</strong></span> 
     </span>
    </p>
   </div>
   <div class='ocr_carea' id='block_1_5' title="bbox 137 4240 1367 4398">
    <p class='ocr_par' dir='ltr' id='par_1_9' title="bbox 137 4240 1367 4398">
     <span class='ocr_line' id='line_1_38' title="bbox 169 4240 1367 4321; baseline -0.002 -19"><span class='ocrx_word' id='word_1_378' title='bbox 169 4267 190 4304; x_wconf 83' lang='lat' dir='ltr'><strong>a.</strong></span> <span class='ocrx_word' id='word_1_379' title='bbox 210 4251 288 4304; x_wconf 81' lang='lat' dir='ltr'><strong>llcsil.</strong></span> <span class='ocrx_word' id='word_1_380' title='bbox 314 4261 337 4303; x_wconf 87' lang='lat' dir='ltr'><strong>et</strong></span> <span class='ocrx_word' id='word_1_381' title='bbox 361 4253 485 4318; x_wconf 68' lang='lat' dir='ltr'><strong>duplicia.</strong></span> <span class='ocrx_word' id='word_1_382' title='bbox 509 4240 633 4321; x_wconf 60' lang='lat' dir='ltr'><strong>prailc&#39;r.</strong></span> <span class='ocrx_word' id='word_1_383' title='bbox 675 4253 729 4304; x_wconf 80' lang='lat' dir='ltr'><strong>idox</strong></span> <span class='ocrx_word' id='word_1_384' title='bbox 814 4265 837 4315; x_wconf 72' lang='lat' dir='ltr'><strong>g.</strong></span> <span class='ocrx_word' id='word_1_385' title='bbox 855 4251 895 4302; x_wconf 86' lang='lat' dir='ltr'><strong>Sic</strong></span> <span class='ocrx_word' id='word_1_386' title='bbox 913 4251 1014 4315; x_wconf 68' lang='lat' dir='ltr'><strong>Sequor.</strong></span> <span class='ocrx_word' id='word_1_387' title='bbox 1032 4250 1104 4302; x_wconf 77' lang='lat' dir='ltr'><strong>basil.</strong></span> <span class='ocrx_word' id='word_1_388' title='bbox 1123 4251 1220 4303; x_wconf 84' lang='lat' dir='ltr'><strong>Gobler.</strong></span> <span class='ocrx_word' id='word_1_389' title='bbox 1239 4256 1263 4300; x_wconf 89' lang='lat' dir='ltr'><strong>et</strong></span> <span class='ocrx_word' id='word_1_390' title='bbox 1279 4249 1367 4300; x_wconf 80' lang='lat' dir='ltr'><strong>l’clcl·</strong></span> 
     </span>
     <span class='ocr_line' id='line_1_39' title="bbox 137 4311 1365 4398; baseline -0.001 -31"><span class='ocrx_word' id='word_1_391' title='bbox 137 4317 208 4372; x_wconf 74' lang='lat' dir='ltr'><strong>aaut.</strong></span> <span class='ocrx_word' id='word_1_392' title='bbox 229 4320 330 4371; x_wconf 83' lang='lat' dir='ltr'><strong>Goblcr.</strong></span> <span class='ocrx_word' id='word_1_393' title='bbox 355 4329 379 4371; x_wconf 86' lang='lat' dir='ltr'><strong>ct</strong></span> <span class='ocrx_word' id='word_1_394' title='bbox 397 4321 502 4373; x_wconf 77' lang='lat' dir='ltr'><strong>Felsina.</strong></span> <span class='ocrx_word' id='word_1_395' title='bbox 519 4325 539 4372; x_wconf 90' lang='lat' dir='ltr'><strong>l.</strong></span> <span class='ocrx_word' id='word_1_396' title='bbox 562 4321 609 4371; x_wconf 81' lang='grc' dir='ltr'><strong>τοῦ</strong></span> <span class='ocrx_word' id='word_1_397' title='bbox 626 4314 729 4378; x_wconf 69' lang='grc' dir='ltr'><strong>ἔξωθεν</strong></span> <span class='ocrx_word' id='word_1_398' title='bbox 780 4335 844 4370; x_wconf 86' lang='lat' dir='ltr'><strong>maa.</strong></span> <span class='ocrx_word' id='word_1_399' title='bbox 856 4320 879 4370; x_wconf 88' lang='lat'><strong>1.</strong></span> <span class='ocrx_word' id='word_1_400' title='bbox 914 4323 942 4370; x_wconf 81' lang='lat' dir='ltr'><strong>tt</strong></span> <span class='ocrx_word' id='word_1_401' title='bbox 960 4319 1017 4370; x_wconf 86' lang='lat' dir='ltr'><strong>editi</strong></span> <span class='ocrx_word' id='word_1_402' title='bbox 1036 4311 1170 4378; x_wconf 77' lang='grc' dir='ltr'><strong><em>δηλονότι.</em></strong></span> <span class='ocrx_word' id='word_1_403' title='bbox 1203 4316 1365 4398; x_wconf 58' lang='grc' dir='ltr'><strong>Ιὴὶάὃεφετ.</strong></span> 
     </span>
    </p>
   </div>
   <div class='ocr_carea' id='block_1_6' title="bbox 11 4369 1367 4453">
    <p class='ocr_par' dir='ltr' id='par_1_10' title="bbox 11 4369 1367 4453">
     <span class='ocr_line' id='line_1_40' title="bbox 11 4369 1367 4453; baseline 0.001 -21"><span class='ocrx_word' id='word_1_404' title='bbox 11 4369 14 4406; x_wconf 66' lang='lat'><strong><em>³</em></strong></span> <span class='ocrx_word' id='word_1_405' title='bbox 140 4376 343 4453; x_wconf 66' lang='grc' dir='ltr'><strong><em>ἐπιγενομένου.</em></strong></span> <span class='ocrx_word' id='word_1_406' title='bbox 380 4389 440 4439; x_wconf 86' lang='lat' dir='ltr'><strong>ibid.</strong></span> <span class='ocrx_word' id='word_1_407' title='bbox 465 4391 564 4452; x_wconf 66' lang='lat' dir='ltr'><strong>Sequar.</strong></span> <span class='ocrx_word' id='word_1_408' title='bbox 589 4391 729 4442; x_wconf 69' lang='lat' dir='ltr'><strong>(lobiensi</strong></span> <span class='ocrx_word' id='word_1_409' title='bbox 780 4379 840 4436; x_wconf 72' lang='grc' dir='ltr'><strong>ἀλλ’</strong></span> <span class='ocrx_word' id='word_1_410' title='bbox 860 4379 889 4436; x_wconf 74' lang='grc' dir='ltr'><strong>ἔκ</strong></span> <span class='ocrx_word' id='word_1_411' title='bbox 906 4385 955 4447; x_wconf 74' lang='grc' dir='ltr'><strong>τῆς</strong></span> <span class='ocrx_word' id='word_1_412' title='bbox 973 4379 1074 4440; x_wconf 73' lang='lat' dir='ltr'><strong>adalam</strong></span> <span class='ocrx_word' id='word_1_413' title='bbox 1110 4385 1173 4436; x_wconf 76' lang='lat' dir='ltr'><strong>Editi</strong></span> <span class='ocrx_word' id='word_1_414' title='bbox 1199 4394 1223 4434; x_wconf 89' lang='lat' dir='ltr'><strong>et</strong></span> <span class='ocrx_word' id='word_1_415' title='bbox 1240 4383 1280 4436; x_wconf 85' lang='lat' dir='ltr'><strong>clii</strong></span> <span class='ocrx_word' id='word_1_416' title='bbox 1299 4377 1367 4434; x_wconf 70' lang='grc' dir='ltr'><strong>αλλὰ</strong></span> 
     </span>
    </p>
   </div>
   <div class='ocr_carea' id='block_1_7' title="bbox 140 4445 1366 4657">
    <p class='ocr_par' dir='ltr' id='par_1_11' title="bbox 140 4445 1366 4657">
     <span class='ocr_line' id='line_1_41' title="bbox 140 4445 1208 4515; baseline 0.003 -16"><span class='ocrx_word' id='word_1_417' title='bbox 140 4451 245 4506; x_wconf 77' lang='lat' dir='ltr'><strong>ieletm</strong></span> <span class='ocrx_word' id='word_1_418' title='bbox 258 4457 278 4505; x_wconf 89' lang='lat' dir='ltr'><strong>l.</strong></span> <span class='ocrx_word' id='word_1_419' title='bbox 296 4449 344 4503; x_wconf 79' lang='lat' dir='ltr'><strong>acal</strong></span> <span class='ocrx_word' id='word_1_420' title='bbox 361 4448 453 4506; x_wconf 69' lang='lat' dir='ltr'><strong>ciriae</strong></span> <span class='ocrx_word' id='word_1_421' title='bbox 470 4453 501 4506; x_wconf 78' lang='lat' dir='ltr'><strong>di</strong></span> <span class='ocrx_word' id='word_1_422' title='bbox 519 4449 608 4510; x_wconf 68' lang='lat' dir='ltr'><strong>abac.</strong></span> <span class='ocrx_word' id='word_1_423' title='bbox 779 4453 828 4515; x_wconf 75' lang='grc' dir='ltr'><strong>τῆς</strong></span> <span class='ocrx_word' id='word_1_424' title='bbox 845 4445 946 4509; x_wconf 74' lang='grc' dir='ltr'><strong>οὐσίας.</strong></span> <span class='ocrx_word' id='word_1_425' title='bbox 990 4455 995 4464; x_wconf 91' lang='grc'><strong>’</strong></span> <span class='ocrx_word' id='word_1_426' title='bbox 1206 4485 1208 4490; x_wconf 85' lang='lat'><em>.</em></span> 
     </span>
     <span class='ocr_line' id='line_1_42' title="bbox 173 4517 1366 4592; baseline -0.003 -22"><span class='ocrx_word' id='word_1_427' title='bbox 173 4521 189 4570; x_wconf 91' lang='lat' dir='ltr'><strong>l.</strong></span> <span class='ocrx_word' id='word_1_428' title='bbox 206 4525 307 4584; x_wconf 69' lang='lat' dir='ltr'><strong>Segasa</strong></span> <span class='ocrx_word' id='word_1_429' title='bbox 328 4525 427 4575; x_wconf 84' lang='lat' dir='ltr'><strong>Gobler.</strong></span> <span class='ocrx_word' id='word_1_430' title='bbox 446 4532 471 4575; x_wconf 85' lang='lat' dir='ltr'><strong>et</strong></span> <span class='ocrx_word' id='word_1_431' title='bbox 487 4525 593 4578; x_wconf 76' lang='lat' dir='ltr'><strong>Felclm.</strong></span> <span class='ocrx_word' id='word_1_432' title='bbox 612 4525 635 4574; x_wconf 89' lang='lat'><strong>1.</strong></span> <span class='ocrx_word' id='word_1_433' title='bbox 658 4517 728 4592; x_wconf 74' lang='grc' dir='ltr'><strong>μετὰ</strong></span> <span class='ocrx_word' id='word_1_434' title='bbox 814 4523 838 4572; x_wconf 89' lang='lat' dir='ltr'><strong>b.</strong></span> <span class='ocrx_word' id='word_1_435' title='bbox 856 4523 955 4586; x_wconf 74' lang='lat' dir='ltr'><strong>seques.</strong></span> <span class='ocrx_word' id='word_1_436' title='bbox 973 4521 1097 4584; x_wconf 66' lang='lat' dir='ltr'><strong>Anglican.</strong></span> <span class='ocrx_word' id='word_1_437' title='bbox 1116 4520 1214 4571; x_wconf 83' lang='lat' dir='ltr'><strong>Goblcr.</strong></span> <span class='ocrx_word' id='word_1_438' title='bbox 1240 4525 1265 4568; x_wconf 87' lang='lat' dir='ltr'><strong>ct</strong></span> <span class='ocrx_word' id='word_1_439' title='bbox 1280 4517 1366 4569; x_wconf 74' lang='lat' dir='ltr'><strong>Falci·</strong></span> 
     </span>
     <span class='ocr_line' id='line_1_43' title="bbox 143 4584 1207 4657; baseline 0 -23"><span class='ocrx_word' id='word_1_440' title='bbox 143 4585 191 4635; x_wconf 76' lang='lat' dir='ltr'><strong>roci</strong></span> <span class='ocrx_word' id='word_1_441' title='bbox 205 4584 319 4657; x_wconf 71' lang='lat' dir='ltr'><strong>auspic.</strong></span> <span class='ocrx_word' id='word_1_442' title='bbox 526 4643 537 4654; x_wconf 51' lang='lat'><em>„</em></span> <span class='ocrx_word' id='word_1_443' title='bbox 781 4604 844 4639; x_wconf 83' lang='lat' dir='ltr'><strong>man.</strong></span> <span class='ocrx_word' id='word_1_444' title='bbox 859 4589 880 4640; x_wconf 88' lang='lat' dir='ltr'><strong>l.</strong></span> <span class='ocrx_word' id='word_1_445' title='bbox 898 4587 986 4638; x_wconf 76' lang='lat' dir='ltr'><strong>sorite.</strong></span> <span class='ocrx_word' id='word_1_446' title='bbox 1024 4587 1096 4638; x_wconf 84' lang='lat' dir='ltr'><strong>Basil.</strong></span> <span class='ocrx_word' id='word_1_447' title='bbox 1115 4585 1207 4634; x_wconf 76' lang='grc' dir='ltr'><strong><em>τοῦτο.</em></strong></span> 
     </span>
    </p>
   </div>
   <div class='ocr_carea' id='block_1_8' title="bbox 177 4667 1162 4723">
    <p class='ocr_par' dir='ltr' id='par_1_12' title="bbox 177 4667 1162 4723">
     <span class='ocr_line' id='line_1_44' title="bbox 177 4667 1162 4723; baseline -0.001 -4"><span class='ocrx_word' id='word_1_448' title='bbox 177 4673 300 4723; x_wconf 71' lang='lat' dir='ltr'><strong>luctatu</strong></span> <span class='ocrx_word' id='word_1_449' title='bbox 310 4687 364 4723; x_wconf 78' lang='lat' dir='ltr'><strong>oea.</strong></span> <span class='ocrx_word' id='word_1_450' title='bbox 373 4687 445 4723; x_wconf 78' lang='lat' dir='ltr'><strong>occa.</strong></span> <span class='ocrx_word' id='word_1_451' title='bbox 459 4689 507 4723; x_wconf 83' lang='grc' dir='ltr'>ιιι.</span> <span class='ocrx_word' id='word_1_452' title='bbox 842 4691 846 4696; x_wconf 95' lang='grc'><em>·</em></span> <span class='ocrx_word' id='word_1_453' title='bbox 1131 4667 1162 4718; x_wconf 83' lang='grc'><strong>12</strong></span> 
     </span>
    </p>
   </div>
   <div class='ocr_carea' id='block_1_9' title="bbox 0 0 1623 5272">
    <p class='ocr_par' dir='ltr' id='par_1_13' title="bbox 0 0 1623 5272">
     <span class='ocr_line' id='line_1_45' title="bbox 0 0 1623 5272; baseline 0 0"><span class='ocrx_word' id='word_1_454' title='bbox 0 0 1623 5272; x_wconf 95' lang='lat' dir='ltr'><strong> </strong></span> 
     </span>
    </p>
   </div>
  </div>
 </body>
</html>
