3250 5292
557 405 666 452 ouria
681 407 713 452 u.
730 407 846 451 norrea
859 405 995 494 anunqa.
1325 389 1393 456 449

159 557 314 638 undequi,
344 563 577 638 mustauterque
599 557 630 617 in
652 555 771 617 Cirrieto
794 557 945 628 vivemus,
967 558 1106 636 quoniam
1128 567 1197 620 aute
1220 557 1268 620 illa
1291 557 1477 620 omnies-oa

158 659 213 722 rita
233 667 345 722 nostra
368 657 399 720 in
421 657 541 720 Christo
565 657 633 718 lesu
655 657 774 718 fundata
797 663 828 716 et
847 665 950 736 parata
972 657 1070 718 suerit.

239 763 293 824 77.
341 759 404 820 Neo
433 758 512 820 enim
535 741 566 819 in
589 757 647 818 alio
670 773 758 837 quam
786 755 817 816 in
844 755 989 826 Domino,
1023 757 1073 834 qui
1102 765 1243 820 estante
1276 760 1393 826 saemta

151 869 182 922 st
201 877 260 940 per
283 878 378 940 quem
400 859 476 921 iaota
498 865 570 920 sunt
591 859 726 931 saecula,
757 857 846 918 ritem
876 863 1012 918 nostram
1040 855 1157 918 fundari
1179 875 1233 936 par
1254 869 1333 931 erat.
1362 871 1395 926 ut

150 980 218 1024 oum
242 961 295 1024 illa
319 961 353 1022 io
376 960 444 1039 ipso
464 959 555 1021 veluti
577 966 675 1032 esset,
704 977 762 1019 noa
792 957 879 1018 etiam
901 963 1041 1018 aeternae
1064 955 1140 1018 vitae
1161 956 1304 1020 haeredes
1327 979 1394 1022 ease

149 1079 333 1146 possemus.
377 1060 480 1122 Βοηιισ
502 1059 581 1121 enim
604 1065 653 1120 eat
673 1057 763 1130 Deus,
786 1057 973 1136 proindeque
995 1075 1061 1120 oum
1084 1056 1125 1118 sit
1146 1075 1266 1137 semper
1287 1056 1394 1133 bonus,

148 1162 178 1226 id
200 1165 351 1244 profeoto
371 1161 480 1236 voluit,
510 1159 621 1240 quippe
642 1159 693 1240 qui
715 1157 862 1220 infirmam
884 1167 1017 1220 nostram
1040 1165 1175 1220 naturam
1198 1158 1263 1220 eius
1284 1157 1400 1244 auritio

149 1274 180 1326 et
201 1265 309 1328 aalide
333 1279 410 1342 opos
432 1261 546 1324 babere
565 1267 771 1340 cognosoeret.
804 1259 842 1319 bt
862 1259 1111 1339 quemadmodum
1135 1260 1160 1321 si
1183 1259 1252 1338 quis
1273 1257 1395 1338 sapiens

146 1364 342 1430 arduiteetos
374 1363 496 1426 domum
529 1369 674 1424 statueret
705 1359 877 1434 auditione,
910 1360 1058 1440 simulque
1085 1359 1117 1420 in
1144 1359 1244 1422 auimo
1272 1359 1395 1422 baberet

147 1467 300 1544 eandem,
322 1464 350 1527 ai
371 1465 449 1527 torte
470 1473 576 1544 postea
599 1463 787 1535 destruatur,
810 1462 943 1535 reticere,
967 1461 1016 1523 ibe
1038 1460 1141 1540 utique
1162 1461 1245 1540 prius
1267 1479 1394 1541 praepa·
1420 1509 1426 1519 .

148 1577 238 1632 rarat
261 1567 408 1644 daretque
437 1563 541 1628 ortifioi
569 1581 619 1637 ea‚
650 1581 726 1642 quae
754 1563 790 1624 ad
813 1561 1059 1625 instaurationem
1087 1570 1189 1624 essent
1215 1563 1395 1640 necessaria,
1501 1628 1504 1636 ,

147 1667 260 1748 itaque
284 1667 373 1728 fieret
392 1672 460 1726 aute
479 1663 603 1724 domum
623 1663 720 1742 ipsam
743 1663 808 1725 eius
830 1663 1055 1726 instaurationis
1086 1664 1288 1742 praeparatim
1317 1665 1396 1728 baud

147 1769 248 1832 aliter
271 1772 396 1828 nostrae
418 1761 523 1823 salutis
551 1763 705 1824 renovatio
728 1763 758 1824 iu
781 1761 901 1824 Cbriato
930 1773 998 1826 ante
1027 1781 1085 1824 nos
1117 1764 1237 1824 fundata
1268 1771 1330 1839 est,
1363 1774 1397 1827 ut

147 1870 186 1930 in
211 1867 429 1962 ipso·quoque
450 1861 533 1924 refici
552 1879 724 1940 possemus.
768 1861 958 1942 Quapropter
978 1865 1133 1926 eonsilium
1157 1871 1187 1924 et
1206 1863 1479 1944 proposito'meoo.

149 1976 233 2032 aute
258 1981 362 2028 aevum
385 1971 432 2026 eat
452 1969 606 2043 paratum,
639 1969 710 2024 tuno
738 1970 837 2024 autem
865 1965 1003 2026 effectum
1026 1983 1102 2044 opus
1126 1973 1189 2038 est,
1211 1983 1278 2026 oum
1301 1967 1398 2046 exegit

150 2068 333 2132 necessitas
362 2072 393 2128 et
414 2063 549 2126 Salvator
577 2063 704 2128 advenit.
748 2063 881 2143 Namque
903 2065 968 2144 ipse
982 2065 1127 2128 Dominus
1150 2065 1243 2128 instar
1264 2067 1397 2130 omnium

152 2169 255 2236 nobis
277 2169 308 2230 in
330 2165 420 2230 oaelis
442 2165 508 2236 erit,
530 2183 598 2228 oum
619 2183 678 2228 nos
693 2165 724 2228 in
746 2175 897 2228 aeternam
920 2167 1010 2228 vitam
1032 2167 1176 2229 admittet.
1220 2167 1299 2230 Haeo
1320 2187 1395 2248 pro·

152 2273 243 2334 recto
265 2269 403 2332 suffloere
423 2266 544 2354 possint
564 2266 602 2328 od
625 2266 855 2340 ostendendum,
877 2267 932 2330 Dei
949 2267 1077 2330 Verbum
1098 2277 1229 2330 creatum
1244 2289 1305 2331 uon
1328 2289 1397 2333 ease

155 2379 336 2449 reatamque
358 2368 530 2450 Scripturas
552 2385 622 2430 esee
644 2367 833 2430 sententiam.
871 2368 980 2432 Verum
1002 2370 1239 2450 quandoquidem
1262 2379 1397 2432 accurate

158 2487 298 2552 expensa
325 2469 374 2537 itta
401 2469 491 2532 verba
524 2476 639 2532 rectum
673 2485 788 2548 quaqua
817 2487 851 2532 er
879 2481 964 2550 parte
992 2489 1115 2534 sensum
1137 2469 1290 2532 includere
1311 2487 1396 2532 oom-

158 2571 338 2654 periuutur,
371 2591 388 2634 a
415 2589 450 2632 re
479 2587 550 2634 esse
580 2568 699 2632 videtur
727 2577 782 2632 neo
803 2572 892 2634 iatum
922 2574 1065 2646 reticere3
1097 2575 1175 2633 forte
1203 2569 1331 2644 accidet,
1364 2576 1399 2632 ut
1477 2595 1487 2608 ·

156 2671 269 2734 'multis
301 2671 459 2736 afferendis
490 2669 607 2750 pudore
639 2669 803 2734 afficiantur
834 2674 942 2736 insani.
997 2673 1053 2735 His
1085 2681 1199 2744 autem,
1232 2687 1307 2749 quae
1339 2671 1397 2731 iam

164 2779 289 2838 moute
312 2779 389 2846 sunt,
413 2790 490 2852 opus
513 2769 601 2832 nobis
624 2780 686 2846 est;
708 2772 757 2836 bio
778 2774 858 2836 euim
874 2775 912 2836 de
927 2774 1032 2836 eodem
1048 2770 1208 2852 proverbio
1223 2771 1261 2831 de
1276 2769 1397 2832 eadem-

165 2891 227 2953 que
248 2874 392 2954 sapientia
414 2873 521 2952 aqitur.
565 2871 632 2934 Non
654 2873 728 2936 dixit
748 2875 879 2937 Verbum
901 2894 936 2936 se
957 2885 1062 2936 natura
1084 2891 1155 2934 esse
1176 2881 1323 2944 ereetum,
1345 2873 1399 2936 sed

165 2973 200 3036 in
221 2975 390 3038 Proverbiis
411 2975 498 3039 dixit:
526 2974 676 3038 Dominus
700 2980 816 3037 erravit
836 2994 892 3037 me.
937 2971 1124 3034 Manifestum
1146 2978 1196 3034 est
1215 2979 1329 3045 autem,
1352 2972 1402 3034 bio

168 3091 293 3138 sensum
326 3075 450 3152 aliquem
476 3093 537 3136 non
569 3073 688 3139 obvium
712 3075 765 3136 sed
795 3075 935 3136 latentem
964 3072 1139 3150 significari,
1171 3091 1258 3152 quem
1281 3074 1399 3153 quidem

172 3191 406 3252 nonaequemur‚
437 3173 463 3234 si
488 3175 638 3252 proverbii
662 3175 759 3236 velum
782 3173 985 3236 detrahamus.
1028 3173 1137 3252 quuia
1160 3173 1240 3234 enim
1261 3173 1398 3252 opificem

173 3273 352 3354 Sapientiam
375 3273 519 3338 dicentem
541 3277 681 3340 audiens:
703 3274 854 3338 Dominus
877 3278 991 3338 oreuoit
1006 3293 1051 3336 me
1069 3277 1257 3354 principatum
1279 3279 1400 3338 uiarum

171 3368 314 3447 saumas,
347 3395 408 3438 nou
441 3378 584 3440 eontinud
619 3395 742 3440 sensum
770 3377 905 3456 exquirat
932 3393 1094 3456 seuumque
1117 3377 1229 3456 cogitet
1248 3375 1399 3454 quomodo

168 3476 295 3539 creatrix
324 3478 418 3540 creari
446 3476 567 3558 possit?
604 3479 680 3553 Quis
711 3478 893 3558 unigenitum
917 3477 971 3540 Dei
992 3477 1098 3542 Filium
1122 3495 1156 3538 se
1177 3476 1291 3538 viarum
1312 3476 1399 3555 priu-

166 3577 279 3657 cipium
309 3579 402 3644 creari
431 3581 561 3644 aientem
591 3582 713 3644 audieus
743 3599 804 3643 uou
832 3599 889 3668 qua
912 3580 1027 3644 ratione
1050 3581 1079 3642 id
1102 3577 1211 3641 dixerit
1230 3577 1399 3654 investiget,

167 3677 404 3760 admireturque,
432 3681 483 3760 qui
506 3679 572 3741 beri
595 3691 699 3760 queat,
728 3690 762 3746 ut
784 3682 953 3762 unigenitus
975 3681 1068 3743 bilius
1090 3681 1252 3770 multorum
1273 3676 1401 3740 aliorum

165 3870 192 3911 at
215 3862 239 3911 4.
264 3853 462 3914 ἇνακαινίσεως
486 3855 651 3925 παρασκευή.
687 3864 760 3912 basii.
845 3867 869 3914 b.
888 3855 1037 3924 Sequenti
1057 3851 1148 3925 ῥητόν.
1184 3858 1227 3907 atii
1253 3867 1277 3908 et
1295 3852 1402 3908 editiab

164 3931 227 3990 Reg.
247 3939 271 3978 et
294 3931 401 3978 Fetaitm.
419 3929 444 3977 b.
463 3929 553 3976 bairam
576 3929 632 3976 item
651 3919 762 3976 ἂνακαι-
813 3925 897 3996 ῥῆμα.
934 3929 1008 3976 Paulo
1026 3935 1084 3990 post
1102 3925 1206 3974 Feretro.
1225 3925 1249 3976 5.
1268 3915 1301 3974 ’ἶν’
1328 3920 1402 3980 ἴσως.

166 3997 274 4045 videor.
303 3995 365 4041 Editi
385 3981 762 4060 etaliir'avoxuivmoemcnpo-
847 3997 862 4044 i.
884 3992 1029 4042 Feiebm.d.
1049 3985 1079 4039 τὸ
1097 3984 1197 4059 κύριος.
1234 3993 1402 4048 ibidemidem

165 4052 336 4126 παρασκευή.
813 4067 838 4109 et
861 4060 961 4120 Sequar.
985 4051 1073 4107 tamt
1095 4071 1131 4123 με
1152 4050 1190 4111 εἷς
1212 4052 1242 4126 ἔρ
1263 4075 1282 4108 a
1307 4049 1400 4108 advari.

204 4143 227 4178 e.
245 4127 347 4186 Senum.
371 4122 421 4183 τῆς
445 4118 583 4190 σωτηρίας
605 4117 764 4191 abriperi-
814 4126 858 4174 atii
884 4135 907 4182 et
931 4119 1233 4176 irritamentorum
1262 4140 1298 4194 με
1316 4117 1406 4192 ἀρχὴν
1487 4134 1493 4144 ·

168 4207 228 4262 ρας.
268 4193 319 4242 bier
348 4191 411 4242 idem
437 4199 461 4245 et
485 4192 583 4243 Gobier.
608 4192 712 4242 Feiotm.
740 4193 762 4244 i.
814 4185 888 4242 ὁδῶν
906 4183 997 4242 atreo.
1026 4193 1084 4244 ibid.
1103 4193 1204 4256 Sequor.
1222 4203 1246 4246 et
1264 4193 1404 4244 Febrimi.

171 4270 196 4310 et
219 4261 242 4310 d.
269 4252 300 4308 ἓν
321 4257 362 4325 τῷ
379 4257 504 4325 Χριστῷ.
541 4260 603 4311 Editi
627 4267 651 4310 et
675 4261 715 4312 alii
733 4254 764 4310 ἐν
816 4269 928 4311 omittunt
947 4253 1112 4327 φασκσῦσης.
1140 4262 1207 4312 dtem
1221 4277 1287 4312 mss.
1306 4268 1329 4311 et
1347 4261 1404 4310 edit.

170 4326 294 4394 Χριστῷ.
816 4329 933 4379 Commet.
954 4329 1010 4380 ibid.
1030 4320 1289 4382 nabeotoa'eeddde.
1326 4327 1405 4376 Editio

206 4397 222 4446 i.
242 4393 383 4448 felebmd.
398 4386 637 4457 ἇνσκαινισθῆνσι.
662 4397 773 4460 sequen,
815 4397 959 4447 Parisiensia
975 4391 1116 4463 uoepeods'vr
1132 4387 1165 4444 σι’)
1183 4394 1261 4455 ζητεῖ.
1289 4393 1340 4443 btoa
1360 4393 1419 4452 Sa·-

173 4461 269 4512 Gobler.
290 4464 393 4514 seucum.
415 4463 437 4513 1.
457 4453 649 4529 drepanam
815 4479 882 4526 parer.
908 4467 964 4525 Res.
988 4469 1081 4526 dnqtio.
1098 4465 1194 4516 Gobtsr.
1215 4462 1320 4512 roncum.
1341 4460 1362 4508 Ι.
1380 4460 1405 4510 4.

202 4543 229 4604 p.
247 4531 345 4642 stigqan.
362 4525 568 4597 προλαμβάνων
586 4533 695 4598 etpanio
708 4540 765 4597 post
816 4541 838 4580 ot
858 4533 883 4582 b.
909 4524 924 4592 ἢ
948 4529 1084 4590 artiorem
1120 4532 1147 4580 ln
1172 4531 1228 4580 abis
1253 4535 1277 4578 et
1299 4517 1405 4584 editisr‘p

172 4605 268 4657 purae
297 4610 327 4643 aa
342 4595 453 4665 κτίσμα.
817 4599 893 4648 deest.
1381 4630 1388 4642 .

207 4677 333 4724 traantur
346 4691 397 4728 ors.
409 4695 480 4729 noar.
495 4695 545 4728 aaa.
632 4708 647 4724 „
1167 4675 1201 4726 29
