3054 5236
426 349 543 394 cunrat
557 349 777 394 aronnrosarurr
793 349 881 396 urana
895 321 928 393 ir.
1222 335 1284 400 ent
1391 331 1394 340 ’

16 501 189 564 iabolus
216 501 256 562 ad
276 501 376 562 lesum
400 509 432 560 ut
454 498 490 561 ad
513 499 663 560 hominem
686 498 859 572 accedebat,
893 498 946 560 sed
975 517 1041 560 cum
1063 497 1094 560 in
1117 517 1153 560 eo
1175 500 1372 580 antiquinsu.

17 603 263 683 uper-inducti
287 601 409 664 seminis
433 601 554 679 vestigia
583 618 643 661 non
667 601 815 679 reperiret
835 618 932 678 neque
960 597 1051 661 ullum
1079 599 1110 660 in
1138 601 1289 678 praesenti

17 705 220 765 amatione
244 719 447 782 progressuro,
471 708 629 780 superatus
652 719 718 762 cum
740 700 855 778 pudore
878 699 971 760 cessit
988 699 1217 780 debilitatusque
1232 702 1289 763 ait:

17 807 113 880 Quis
149 815 206 866 est
230 809 302 877 iste,
333 807 385 884 qui
405 807 487 864 veuit
509 803 543 864 de
563 802 673 872 lidum,
705 801 764 862 hoc
786 809 832 862 est
854 819 890 861 ex
912 809 991 864 terra
1012 801 1184 874 hominum,
1206 807 1290 866 iuce-

17 909 107 968 lerss
140 905 306 967 violenter
330 921 394 966 urm
415 899 626 980 fortitudine?
661 900 774 962 idcirco
797 900 894 962 aiebat
908 900 1069 964 Dominus:
1096 901 1178 964 Venit
1193 902 1289 967 Prio-

17 1025 100 1086 :eps
140 1007 265 1068 mundi
291 1005 381 1066 liuius
410 1012 439 1064 et
468 1007 500 1064 io
526 1020 572 1062 me
594 999 673 1062 artu
693 1003 825 1072 inuenit,
859 1019 1036 1081 quamquam
1059 1011 1088 1064 et
1109 1003 1237 1068 animam
1260 1011 1290 1066 et

17 1125 158 1186 :orpus
188 1113 347 1184 totumque
369 1103 499 1183 primum
520 1102 663 1166 Adamum
691 1101 849 1164 didicimus
881 1103 1045 1170 ‘secuudum
1066 1103 1209 1166 ddamum
1232 1105 1288 1167 ha-

17 1207 164 1270 unisse.
215 1208 290 1268 Nam
312 1205 338 1266 si
362 1205 432 1266 illud
453 1205 532 1266 aila'l
556 1205 595 1266 de
616 1202 781 1266 substantia
802 1202 933 1266 hominis
956 1203 1113 1278 diceretur,
1137 1206 1287 1284 quomodo

17 1309 171 1372 visibile
197 1325 309 1386 corpus
332 1307 446 1368 invenit
467 1306 548 1378 eius,
582 1305 632 1384 qni
662 1305 777 1366 dixerat
803 1303 904 1368 astiti
948 1305 1006 1368 Sed
1030 1306 1103 1368 nihil
1124 1307 1236 1368 inuenit
1257 1307 1289 1370 in

20 1411 86 1472 illo
117 1409 271 1472 diabolus
294 1427 329 1470 ex
352 1408 401 1480 iis,
424 1408 551 1486 quaein
573 1406 671 1486 primo
693 1405 815 1468 homine
830 1415 971 1485 operatus
988 1406 1054 1486 ipse
1075 1409 1178 1482 iuerat,
1201 1417 1290 1488 atque

20 1513 71 1572 ita
102 1512 307 1572 destructum
330 1518 378 1570 est
398 1509 429 1570 in
446 1507 563 1570 Christo
581 1515 745 1586 peccatum,
768 1507 961 1586 quamohrem
977 1507 1131 1588 Scriptura
1146 1517 1288 1571 testatur:

30 1615 109 1686 Qui
133 1624 300 1692 peccatum
321 1628 384 1671 uon
404 1610 487 1687 fecit,
509 1627 564 1670 rec
586 1620 630 1670 est
651 1611 793 1670 inventus
817 1608 906 1670 dolus
928 1612 961 1670 ia
985 1627 1038 1671 ore
1059 1612 1134 1671 etus.

138 1715 194 1775 tl.
243 1711 302 1771 Cur
323 1709 422 1788 itaque
444 1708 556 1770 dicitis:
591 1707 801 1788 „impossibile
830 1717 877 1770 est
904 1708 1055 1771 hominem
1076 1728 1101 1770 a
1123 1710 1290 1790 captivitate

32 1812 214 1886 „liberum
238 1829 322 1884 esse,
346 1810 396 1890 qui
419 1810 511 1872 semel
532 1810 563 1871 in
586 1809 782 1888 captivitatem
805 1817 888 1870 actus
911 1808 1000 1872 sit?“
1029 1819 1062 1872 nt
1082 1810 1289 1891 impotentiam

33 1913 177 1992 quidem
200 1911 275 1984 Deo,
298 1911 460 1990 potentiam
483 1929 551 1972 vero
575 1910 693 1972 diabolo
717 1910 901 1984 adtribuatis,
925 1911 994 1972 dum
1018 1910 1115 1973 dicitis
1137 1921 1290 1991 peccatum

37 2015 81 2076 ab
107 2013 184 2092 ipso
217 2013 370 2074 inductum
391 2030 542 2090 nunquam
564 2012 595 2072 in
616 2012 771 2073 hominum
793 2021 897 2074 natura
925 2012 1040 2074 destrui
1067 2031 1160 2092 posse
1187 2016 1233 2089 (ut
1260 2009 1291 2076 et

17 2155 19 2174 .
40 2115 168 2176 caeteri
191 2113 275 2176 aiunt
296 2115 466 2188 haeretici),
496 2132 530 2175 ac
552 2131 585 2174 ea
608 2114 645 2174 de
668 2131 755 2175 cansa
778 2113 895 2174 uenisse
916 2113 1112 2188 divinitatem,
1141 2133 1216 2194 quae
1238 2133 1289 2176 ca-

43 2217 135 2295 ptiva
157 2233 311 2294 nunquam
333 2217 437 2290 iuerat,
460 2215 490 2276 in
513 2213 706 2276 similitudine
728 2213 826 2274 carnis
850 2223 880 2274 et
901 2214 1033 2288 animae,
1055 2223 1088 2276 ut
1107 2214 1173 2295 ipsa
1196 2217 1290 2296 capti·

46 2317 148 2378 vitate
171 2317 265 2378 libera
288 2335 407 2396 sempor
430 2324 563 2378 maneret
586 2325 615 2377 et
637 2317 681 2378 sic
701 2314 814 2377 iustitia
836 2333 909 2394 pura
931 2323 1099 2396 appareret.
1145 2317 1290 2388 Quando-

49 2436 125 2478 nam
151 2416 242 2496 igitur
263 2416 424 2478 divinitatis
447 2416 559 2479 iustitia
580 2435 655 2496 pura
676 2435 738 2478 non
760 2414 837 2478 luit?
874 2415 911 2478 Et
929 2417 1076 2496 quodnam
1093 2416 1205 2478 inistis
1221 2437 1291 2498 erga

50 2517 199 2578 homines
221 2517 407 2588 beneficium,
432 2517 490 2604 nisi
514 2535 579 2579 cnm
603 2517 705 2578 eadem
729 2517 884 2578 existentia
912 2525 941 2577 et
963 2518 993 2578 in
1016 2523 1139 2579 naturae
1161 2519 1291 2582 novitate

55 2614 251 2696 apparuisset
270 2617 433 2690 Dominus,
463 2625 496 2678 ut
517 2618 559 2678 ait
580 2617 755 2696 Apostolus:
789 2619 888 2692 Quom
916 2621 1075 2680 r'aooouoit
1102 2619 1189 2682 nodis
1211 2624 1292 2684 uiuat

56 2727 222 2780 navanter
244 2720 405 2789 viventem,
435 2717 552 2780 dicens:
581 2718 643 2800 Epo
666 2739 732 2780 sum
755 2725 819 2791 vic,
844 2721 958 2781 veritus
982 2727 1011 2780 et
1032 2717 1119 2781 vitu?
1162 2720 1221 2781 Sed
1242 2721 1290 2782 di-

59 2818 130 2878 citis
153 2817 343 2880 similitudine
366 2826 396 2879 et
416 2819 582 2882 imitatione
603 2821 728 2882 salutem
751 2819 893 2897 consequi
916 2835 979 2886 eos
1003 2818 1054 2896 qui
1072 2818 1206 2893 credunt,
1229 2839 1291 2884 non

61 2919 257 2980 renovatione
279 2937 314 2980 ac
335 2919 410 2998 ipsis
433 2919 582 2998 primitiis.
627 2921 694 2992 Quo
716 2928 803 2999 pacto
827 2936 897 2996 ergo
914 2917 1129 2997 primogenitus
1144 2919 1175 2980 in
1191 2921 1290 2984 multis

63 3019 204 3081 iratribus
224 3028 255 3080 et
275 3019 423 3098 primitiae
446 3020 655 3082 dormientium
677 3021 813 3081 Christus
836 3036 906 3080 esse
927 3019 1034 3097 potuit,
1061 3025 1116 3100 qui
1135 3033 1180 3086 est
1202 3032 1294 3103 copul

67 3123 208 3198 corporis
228 3119 403 3182 docleatae?
446 3121 548 3200 Neque
577 3122 657 3182 enim
685 3121 758 3182 fides
788 3120 940 3180 evidenter
967 3137 1114 3199 apparens
1137 3120 1211 3183 fides
1234 3123 1292 3186 dici

68 3221 213 3300 potnerit3
235 3238 336 3282 verum
357 3221 431 3284 fides
455 3233 512 3294 est,
535 3240 611 3301 quae
633 3221 713 3301 quod
729 3219 913 3299 impossibile
929 3227 976 3282 est
994 3221 1024 3281 in
1046 3223 1188 3299 potentia,
1212 3225 1293 3303 quod

69 3319 213 3382 infirmum
235 3322 265 3382 in
288 3317 407 3394 virlnte,
430 3323 510 3401 quod
532 3322 676 3402 passibile
693 3323 723 3383 in
739 3321 983 3400 impassibilitate,
1005 3322 1086 3399 quod
1102 3324 1293 3404 corruptibile

71 3419 101 3480 in
123 3419 350 3501 incorruptione,
374 3424 453 3503 quod
475 3423 599 3484 mortale
615 3423 645 3484 in
661 3422 881 3484 immortalitate
896 3439 963 3484 esse
978 3422 1079 3484 credit.
1113 3421 1293 3503 Myslertitm

74 3521 128 3583 lroc
148 3541 283 3602 maurum
305 3536 363 3594 est,
391 3533 424 3585 ut
445 3524 486 3584 ait
505 3523 685 3602 Apostolus,
717 3541 769 3602 epo
801 3534 902 3585 nutem
925 3523 989 3584 dico
1011 3526 1044 3585 io
1067 3522 1187 3586 Christo
1210 3534 1239 3586 ct
1260 3529 1294 3588 iu

76 3621 208 3684 Ecclesia.
251 3623 318 3686 Non
340 3624 419 3686 enim
442 3624 522 3686 venit
543 3624 698 3698 divinitas,
728 3631 760 3686 ut
781 3639 851 3686 sese
872 3622 1060 3696 iustificaret,
1094 3641 1191 3703 neque
1213 3626 1379 3686 enimuero.

112 3871 184 3920 usic
205 3870 303 3932 Segner.
334 3871 432 3920 Gobler.
460 3879 485 3920 et
507 3871 653 3922 deiciunt.
705 3865 735 3921 ἐν
759 3864 923 3936 ὁμοιώματι»
970 3871 1032 3921 Editi
1061 3886 1117 3921 aero
1149 3881 1173 3922 et
1199 3874 1240 3924 alii
1265 3869 1296 3924 ἐν

81 3938 244 4000 Editireroot
267 3937 433 3986 steterimus.
456 3927 655 4003 καὶὸλονεῖχε
707 3931 845 4003 ὁμοιώσει
1301 3983 1312 4004 ,

85 3997 129 4050 τὸν
143 4001 245 4067 πρῶτον
262 3995 276 4049 ὃ
296 3997 421 4067 δεύτερος
434 3994 526 4067 Ἀδάμ.
741 4019 762 4066 g.
781 4006 881 4065 Seguer.
899 4003 989 4063 anglie
1013 4003 1085 4052 Basil.
1109 4003 1214 4055 Felcim.
1230 4005 1254 4056 3.
1273 4015 1297 4056 et

116 4071 137 4117 d.
153 4071 240 4120 Goblrr.
252 4071 388 4120 etFelelm
403 4064 481 4119 txoi
493 4061 542 4135 οὔχ
557 4063 654 4138 εὑρέθη
708 4073 731 4121 5.
750 4063 825 4118 πότε.
863 4070 916 4118 llcx
934 4063 1033 4130 sepner.
1053 4068 1151 4122 Gobler.
1170 4081 1194 4122 et
1210 4073 1297 4124 Falci·

87 4127 162 4188 ditor.
196 4136 246 4185 llox
265 4137 335 4186 iidem
353 4134 411 4212 agir
430 4124 478 4184 οὖν
495 4130 575 4252 lisy?
708 4139 789 4188 menni
810 4137 831 4187 i.
849 4131 895 4184 καὶ
909 4132 955 4216 ,τίς
972 4128 1002 4184 ἐν
1018 4131 1135 4213 spirata.

119 4219 137 4252 a.
153 4205 241 4264 Sepuer.
259 4217 457 4268 προςαγαγηιε.
502 4205 576 4253 Pauo
601 4215 657 4268 post
742 4207 766 4254 h.
785 4204 884 4266 Segner.
902 4217 1090 4254 ανακαινωσει.
1123 4227 1125 4236 ν

88 4272 175 4332 Seguer.
194 4272 281 4332 inglie.
300 4272 399 4321 Gobier.
423 4280 447 4321 et
471 4271 574 4321 Falcim.
588 4273 609 4322 1.
627 4265 657 4320 ἒν
743 4273 759 4322 i.
784 4273 884 4334 Seguer.
903 4273 1002 4322 Gobler.
1021 4280 1044 4321 et
1062 4271 1167 4321 Felcim.
1187 4271 1208 4321 1.
1226 4266 1298 4322 κατὰ

89 4336 118 4404 τῇ
138 4329 209 4403 φύσει
233 4335 289 4384 τῶν
317 4330 482 4404 ἀνθρώπων.
520 4339 582 4388 Edili
601 4354 656 4389 vero
708 4330 809 4398 ddriiou
828 4334 977 4404 φερομένη.
1007 4340 1098 4402 duplic.
1107 4333 1178 4388 κατὰ
1196 4331 1298 4400 ἀδήλου

92 4411 112 4452 et
127 4407 200 4454 caeteri
214 4397 311 4454 mssa
328 4404 361 4472 τῇ
380 4399 463 4471 φύσει
481 4403 530 4454 τοῦ
548 4396 657 4472 ἀνθρώ·
708 4403 871 4472 φαινομένη.
912 4407 961 4456 ilox
986 4405 1125 4469 Seguerion.
1151 4409 1248 4458 Gchler.
1275 4415 1299 4456 et

93 4483 169 4518 noo..
708 4474 813 4524 rateto.
832 4476 854 4524 l.
872 4465 1047 4524 πιστεύουσα.
1084 4475 1147 4526 Editi
1167 4483 1190 4526 et
1206 4475 1298 4526 adint-

122 4539 137 4586 l.
156 4539 242 4602 Scfloer.
261 4537 359 4592 Gobler.
373 4539 465 4603 anglic.
483 4541 655 4593 erraterrat.
709 4533 852 4592 meduana.
