3226 5280
522 327 673 456 rarsroaa'
681 411 720 456 os
735 411 902 456 sursum
916 413 1057 456 oroarsu.
1347 401 1410 464 135

172 564 276 626 Arium
297 562 404 626 avertit
425 559 585 642 ambasque
608 561 747 624 haereses
768 561 850 642 puris
868 562 1028 642 impictatis
1044 561 1190 638 declarat,
1212 583 1310 644 neque
1326 567 1491 630 enimnrn.

174 665 303 728 Verbum
325 672 373 728 est
394 663 482 724 Verbi
503 655 622 742 pater‚'
637 681 732 742 neque
755 664 862 724 tactum
885 672 946 732 cst,
980 663 1061 742 quod
1091 682 1126 724 ex
1146 664 1232 726 Patre
1258 667 1405 746 procedit,

173 767 227 830 sed
251 765 377 845 propria
405 763 471 826 eius
498 763 681 826 substantiae
709 762 821 843 proles.
865 763 1057 842 llursumque
1084 763 1213 828 Verbum
1241 769 1405 844 procedens

173 885 237 928 aon
259 874 306 928 est
326 865 432 938 Pater,
454 883 510 956 nec
533 864 658 926 Verbum
682 864 762 926 istud
783 882 876 924 unum
899 883 934 924 ex
956 863 1058 926 multis
1082 871 1145 935 cst,
1180 864 1233 924 sed
1256 867 1337 926 solus
1360 877 1407 930 est

173 967 272 1030 Patris
293 965 387 1030 Filius
408 985 498 1028 verns
520 973 551 1028 et
572 974 676 1027 natura
699 964 867 1042 genuinus,
890 963 940 1042 qui
963 973 993 1024 ct
1014 981 1093 1024 nunc
1114 963 1145 1024 in
1168 963 1236 1043 ipso
1259 966 1358 1028 existit
1379 977 1409 1030 et

174 1068 206 1130 in
228 1075 380 1136 aeternum
402 1077 490 1146 atque
511 1063 731 1128 indivisibiliter
753 1083 789 1126 ex
812 1083 848 1126 eo
870 1073 927 1126 cst.
960 1063 1010 1126 Sic
1032 1071 1062 1126 et
1076 1063 1228 1144 Sapientia
1250 1076 1281 1129 at
1296 1065 1407 1130 Veritas

175 1176 221 1232 set
242 1169 399 1242 Dominus,
421 1177 453 1230 et
473 1187 534 1229 non
557 1175 603 1228 est
625 1165 661 1226 ab
683 1164 738 1226 alia
761 1164 906 1244 sapientia
927 1165 1093 1240 secundum
1116 1165 1171 1228 sed
1189 1165 1272 1228 solus
1287 1165 1337 1228 bia
1352 1177 1409 1242 est,

172 1287 338 1350 perquem
360 1269 460 1332 omnia
482 1269 570 1330 Pater
590 1265 737 1338 coadidit,
766 1265 798 1328 iu
819 1266 945 1346 ipsoque
967 1265 1145 1346 multiplices
1167 1285 1270 1328 rerum
1291 1269 1410 1332 cousti-

174 1369 233 1432 tuit
253 1369 453 1442 substantias,
475 1387 530 1449 per
552 1385 641 1447 quem
662 1369 750 1428 etiam
773 1367 880 1450 quibus
904 1367 963 1428 vult
986 1367 1163 1442 innotescit,
1192 1367 1313 1448 inipso
1336 1369 1409 1432 ilem

175 1471 309 1534 omniura
330 1469 546 1550 providentiam
569 1468 661 1548 gerit,
695 1465 792 1528 omnia
814 1467 883 1546 agit.
927 1467 992 1530 lloc
1013 1466 1092 1530 euim
1114 1468 1233 1530 unicrrm
1254 1469 1308 1532 Dei
1331 1470 1408 1532 Ver-

172 1571 247 1636 bum
267 1571 388 1650 agnorit
409 1581 439 1632 et
458 1569 629 1650 Dionysius.
674 1569 753 1630 llaec
781 1575 829 1630 est
849 1567 982 1646 Dionysii
1011 1567 1096 1630 nde.
1138 1568 1234 1632 Pauca
1263 1572 1342 1634 enirn
1370 1591 1406 1634 ex

175 1673 241 1736 dus
263 1672 399 1752 epistolis
421 1671 541 1733 collecta
564 1668 741 1748 conscripsi,
768 1685 843 1748 quae
866 1676 963 1730 umen
985 1668 1071 1748 plura
1092 1669 1221 1732 addendi
1242 1671 1295 1734 tibi
1318 1693 1406 1736 occa-

174 1773 293 1836 sionem
313 1772 490 1851 praebeant,
517 1771 642 1834 drianos
672 1787 745 1830 vero
772 1769 899 1830 marimo
927 1768 1045 1848 pudore
1066 1770 1240 1834 suffundent
1261 1772 1299 1834 ob
1322 1792 1408 1838 saram

175 1874 321 1936 adversus
342 1873 524 1952 Episcopum
546 1870 731 1932 calumniam.
774 1869 808 1930 ln
832 1868 970 1930 omnibus
992 1869 1101 1950 quippe
1123 1871 1246 1952 scriptio
1267 1873 1330 1936 suis
1352 1895 1406 1938 ρο.

176 1991 247 2036 rum
267 1971 408 2036 malitiam
429 1972 562 2052 coarguit
583 1981 612 2034 et
632 1969 780 2032 baeresim
803 1969 941 2032 traduxit.

259 2379 311 2442 26.
354 2379 397 2442 Ex
418 2339 470 2442 bisl
488 2379 586 2459 itaque
608 2385 705 2458 patet,
737 2373 896 2454 epistolam
924 2373 960 2434 ad
981 2372 1205 2453 Euphranorem
1229 2382 1259 2435 et
1280 2375 1403 2438 dmmo-

172 2478 256 2540 nium
278 2479 332 2542 alia
353 2490 453 2543 mente
474 2492 505 2542 et
526 2499 561 2542 ex
585 2475 761 2540 oeconomia
782 2473 908 2554 quadam
931 2473 967 2536 ab
983 2475 1050 2556 ipso
1066 2475 1207 2556 scriptam
1223 2493 1300 2550 esse,
1323 2477 1404 2557 quod

172 2579 246 2642 item
274 2598 310 2642 ex
343 2581 408 2644 eius
437 2581 572 2660 apologia
600 2575 819 2656 comprobatur.
871 2575 909 2638 Et
937 2585 984 2638 cst
1012 2595 1081 2638 uere
1108 2583 1176 2656 apta
1204 2575 1408 2656 persuadendi

172 2680 271 2740 forma
294 2680 330 2740 ad
352 2679 498 2742 insaniam
521 2677 640 2740 Sabellii
663 2677 859 2750 evertendam,
882 2685 916 2738 ut
936 2676 987 2756 qui
1005 2695 1148 2757 sequaces
1164 2677 1228 2740 eiua
1244 2677 1302 2738 cito
1318 2693 1406 2738 coar·

178 2793 269 2852 gnere
291 2777 376 2850 velit,
407 2797 468 2840 non
496 2777 531 2838 ab
560 2777 739 2856 argumentis
772 2777 837 2838 eius
865 2776 1047 2840 divinitatem
1068 2775 1267 2838 indicantibus
1290 2773 1408 2836 initium

178 2874 268 2938 ducat
288 2895 397 2955 nempe
418 2877 523 2938 Filium
545 2895 612 2938 esse
631 2877 770 2952 Verbum,
791 2876 972 2956 Sapientiam
994 2885 1025 2940 et
1038 2877 1195 2946 virtualem,
1217 2893 1275 2936 nec
1288 2873 1325 2936 ab
1340 2873 1408 2935 illo:

177 2975 243 3056 Epo
266 2987 295 3038 et
317 2975 411 3040 Pater
432 2996 526 3040 unum
548 2995 669 3050 sumum
690 2995 729 3038 ne
750 2976 803 3050 illi,
825 2995 900 3054 quae
923 2985 1002 3038 recte
1024 2976 1102 3037 dicta
1125 2983 1204 3046 suut,
1226 2974 1264 3034 ad
1285 2993 1408 3054 pravum

178 3095 302 3140 sensum
324 3077 535 3157 detorquentes
558 3075 737 3156 impudentis
753 3075 952 3138 contentionis
968 3075 1157 3138 occasionem
1171 3073 1240 3136 binc
1253 3074 1406 3154 arripiant,

172 3179 248 3242 dum
270 3178 407 3242 audiunt:
437 3179 499 3260 Ego
522 3192 551 3243 et
572 3177 667 3242 Pater
688 3197 783 3240 maana
805 3195 920 3248 sumus,
942 3184 988 3238 et:
1020 3175 1084 3248 Qut
1103 3175 1178 3238 cidit
1197 3193 1257 3250 aaa,
1282 3177 1356 3238 uidit
1377 3185 1406 3239 et

173 3279 300 3342 Putrem
320 3295 432 3351 mum,
468 3279 522 3340 scd
545 3279 708 3342 salvatoris
738 3275 875 3356 exemplo
902 3275 1073 3356 praemittat
1094 3293 1145 3346 eu,
1173 3294 1247 3354 quae
1273 3277 1402 3348 bumano

172 3399 257 3442 more
280 3380 318 3442 dc
339 3380 390 3440 illc
413 3379 491 3442 dicta
511 3379 675 3454 habentur,
703 3375 871 3440 minemodi
894 3385 965 3439 sunt
986 3377 1116 3452 esurire,
1143 3375 1291 3450 laborare,
1322 3378 1403 3458 quod

174 3481 241 3547 uitis
263 3481 320 3554 sit,
348 3480 429 3560 quod
457 3481 586 3542 oraverit
613 3489 643 3542 et
668 3497 777 3560 passm
804 3479 859 3554 sit;
892 3485 1003 3558 quanto
1031 3477 1109 3540 enim
1136 3475 1211 3540 haec
1230 3477 1310 3540 dictu
1333 3487 1405 3540 sunt

174 3581 348 3656 humiliora,
371 3589 453 3644 tanto
474 3581 615 3662 liquidius
638 3581 873 3654 demonstratur,
899 3579 1017 3642 Patr·
1039 3597 1101 3642 non
1122 3598 1190 3642 esse
1211 3579 1322 3642 lactum
1343 3577 1401 3638 bo·

175 3682 296 3746 minem.
340 3682 503 3746 Necessum
525 3691 573 3744 cst
594 3681 682 3756 enim,
706 3701 771 3746 curn
794 3681 938 3744 llcminus
961 3681 1028 3743 ritis
1046 3680 1223 3760 appelletur,
1245 3677 1404 3758 agricolam

176 3791 304 3858 exstare,
327 3791 444 3846 etcum
467 3791 543 3856 oret,
570 3801 637 3846 asse
660 3783 711 3864 qui
733 3782 886 3856 exaudiat,
908 3801 975 3844 cum
999 3781 1127 3860 denique
1148 3787 1240 3860 petat,
1263 3797 1331 3842 esse
1353 3778 1403 3858 qni

176 3883 327 3946 concedat.
371 3883 550 3960 lluiupmodi
580 3884 688 3963 quippe
710 3884 787 3946 dicta
809 3883 897 3963 longe
919 3882 1034 3944 lucillus
1056 3879 1292 3942 Sabellianorum
1319 3875 1392 3940 insa-

175 3983 257 4046 niam
277 3993 531 4058 commonstrant,
559 3985 639 4062 quod
665 4002 791 4046 necesse
813 3982 935 4044 omniuo
959 3981 1009 4055 sit,
1030 3981 1118 4044 alium
1142 3999 1228 4054 csse,
1256 3981 1306 4060 qui
1330 3987 1404 4055 orat,

213 4135 236 4186 d.
256 4137 298 4186 Sic
321 4137 378 4199 lleg.
404 4135 481 4186 basil.
504 4143 528 4185 et
546 4135 618 4196 editi,
644 4141 716 4199 atque
734 4135 766 4184 ita
853 4149 875 4190 r.
893 4133 989 4184 laurio.
1008 4133 1077 4185 calb.
1094 4133 1141 4184 les.
1159 4127 1241 4196 adep.
1278 4131 1330 4182 llor
1347 4131 1405 4195 lleg.

175 4203 295 4254 uraniam
327 4205 416 4266 legisse
444 4211 524 4268 patet,
551 4205 591 4267 qni
620 4203 689 4252 rertit
717 4203 766 4252 alio
817 4195 864 4250 atui
882 4191 1010 4268 ripatico.
1047 4201 1072 4252 lu
1091 4202 1189 4252 Tauria.
1208 4193 1407 4250 coluissent

174 4279 256 4322 mente.
292 4271 340 4322 Sed
358 4273 456 4322 Tauria.
476 4271 545 4321 Colla.
564 4271 611 4322 les,
630 4271 696 4320 l'r.l.
714 4272 765 4320 sic:
818 4269 894 4320 deest
1389 4265 1396 4274 '

156 4330 302 4398 'bimuli
320 4333 359 4406 poi
378 4331 471 4406 φαύλῃ
482 4331 609 4401 διανοίᾳ·
628 4329 695 4386 ἀλλὰ
704 4329 764 4400 κᾷν.
852 4337 875 4388 1ο.
894 4336 963 4388 Colla.
980 4336 1027 4386 les.
1044 4335 1081 4384 Fr.
1092 4333 1111 4385 l.
1129 4325 1308 4384 ἐπακούοντα
1340 4333 1403 4384 Editi

175 4423 231 4524 Fe.
250 4397 295 4456 lira
319 4407 389 4458 deest
414 4409 438 4456 in
463 4407 561 4458 Tauria.
586 4405 692 4458 Colbert.
716 4407 764 4458 les.
816 4413 841 4520 pt
872 4405 929 4468 lteg.
957 4395 1141 4454 ὑπακούοντα.
1170 4401 1248 4451 ,Μαι
1273 4401 1330 4464 lleg.
1364 4395 1405 4450 da·

194 4489 215 4524 r.
234 4475 254 4524 l.
834 4471 926 4522 ούντα.
1324 4481 1329 4488 ·

209 4543 227 4592 l.
246 4542 303 4604 lteg.
322 4543 421 4593 Tauria.
438 4543 485 4592 les.
500 4539 603 4608 πεινῆν.
637 4541 766 4593 llchaa-
852 4539 868 4588 i.
893 4539 960 4590 colb.
987 4538 1032 4589 les.
1057 4535 1097 4586 Fr.
1115 4535 1134 4586 1.
1152 4525 1301 4584 ἐπακούων.
1347 4535 1403 4596 lleg.

174 4608 222 4660 ria.
241 4609 312 4662 Colb.
331 4599 623 4676 tes.aaoi'o'mriu1src.
818 4607 917 4658 Tauria.
945 4613 969 4656 et
995 4603 1052 4656 editi
1070 4593 1224 4652 ὑπακούων.
1261 4601 1315 4654 llos
1332 4601 1405 4652 laur.
