3176 5304
236 359 281 426 -38
762 381 932 426 internato.

239 530 282 594 lbi
306 529 383 594 euim
406 531 432 592 is
454 530 567 594 duabus
591 540 707 594 constm
728 531 876 612 partibus,
901 551 956 594 una
980 504 1015 595 ie
1035 533 1108 614 fide,
1130 533 1219 596 altera
1243 535 1277 596 de
1298 537 1455 600 mortim:

239 633 361 712 quarum
395 631 442 693 illa
473 633 508 694 ab
538 631 670 713 exemplo
700 643 783 695 antea
814 634 891 696 edito
912 634 1022 708 abest,
1055 635 1128 696 haec
1151 635 1271 697 multum
1293 637 1455 718 discrepat.

239 735 296 798 Sed
319 735 373 796 hac
394 751 510 813 quoque
531 736 624 796 forma
647 733 762 798 libellus
784 754 843 798 nou
865 735 980 798 videtur
1001 737 1126 815 dignior,
1150 736 1198 816 qui
1222 738 1294 800 tanti
1318 739 1452 802 doctoris

238 855 345 898 nomen
373 855 443 916 prae
472 855 505 897 se
528 837 610 898 ierat.
654 837 830 900 Athanasius
853 838 942 917 igitur
963 839 1166 901 institutiones
1189 839 1367 918 dogmaticas
1389 861 1450 904 nou
1545 869 1553 894 ι

241 938 421 1017 composuit,
454 956 510 1000 nec
537 938 562 1000 si
592 939 621 1000 id
651 939 771 1002 lecisset
797 949 952 1020 propterea
974 960 1081 1020 parens
1103 941 1263 1003 hodiernae
1286 943 1451 1023 theologiae

239 1040 302 1102 iure
331 1040 427 1102 vocari
455 1048 573 1120 posset:
606 1060 694 1121 quum
724 1051 807 1104 antea
838 1041 893 1102 iam
917 1041 1078 1120 Origenes,
1111 1042 1259 1104 Clemente
1285 1044 1341 1106 bac
1363 1045 1393 1106 in
1414 1065 1449 1120 re

237 1143 378 1220 magistro
401 1161 484 1214 usus,
507 1142 633 1222 primum
658 1144 820 1221 theologiae
842 1144 1021 1223 dogmaticae
1044 1143 1191 1223 specimen
1214 1145 1345 1208 dedisset
1363 1147 1448 1208 libris

159 1276 165 1288 ·
237 1253 363 1324 quatuor
391 1244 467 1327 περὶ
496 1236 602 1327 ἀρχῶν
636 1255 664 1308 et
692 1245 721 1306 in
751 1245 872 1308 exordio
903 1246 1000 1324 operis
1028 1246 1115 1312 etiam
1143 1247 1291 1309 notionem
1315 1248 1448 1311 eiusdem

243 1346 438 1427 explicuisset.
482 1347 689 1410 Verumtamen
717 1349 746 1408 in
776 1348 893 1427 scriptis
920 1349 1070 1410 Athanasii
1098 1348 1263 1410 universam
1294 1351 1446 1430 religionis

238 1449 414 1511 christianae
436 1449 558 1512 formam
582 1459 612 1510 et
633 1451 787 1524 rationem,
810 1469 896 1530 quam
919 1450 1095 1529 cogitatione
1119 1450 1285 1530 complexus
1298 1461 1369 1523 erat,
1392 1473 1446 1514 ex-

239 1551 367 1631 positam
389 1550 542 1622 habemus,
566 1561 650 1632 atque
671 1553 711 1613 ita
734 1553 935 1614 demonstrare
957 1571 1117 1631 possumus
1141 1552 1220 1613 illum
1243 1555 1272 1614 in
1290 1554 1447 1616 tractandis

235 1653 400 1732 praecipuis
433 1652 499 1713 fidei
532 1653 718 1731 dogmatibus
747 1672 811 1714 eam
838 1654 1000 1733 praeivisse
1027 1653 1118 1727 viam,
1150 1673 1235 1734 quam
1266 1654 1446 1716 clarissimus

235 1755 374 1816 ecclesiae
397 1756 534 1817 doctores
556 1773 632 1816 saec.
648 1755 695 1816 lv.
718 1755 871 1833 ingressos
893 1775 958 1818 esse
980 1763 1103 1818 constat.
1133 1756 1263 1818 Primum
1285 1755 1315 1816 in
1330 1757 1445 1819 duobus

235 1857 316 1918 libris
339 1856 540 1936 apologeticis,
565 1857 593 1917 in
615 1857 759 1920 Oratione
781 1869 889 1920 eontra
910 1869 1012 1938 gentes
1034 1867 1063 1919 et
1083 1857 1114 1919 in
1132 1859 1277 1920 Oratione
1292 1861 1327 1921 de
1341 1862 1445 1922 incur--

234 1965 357 2022 nonunt
378 1960 464 2021 verbi
484 1957 696 2038 (inscribuntur
722 1977 825 2038 gruem
840 1954 935 2043 λόγος
949 1955 1031 2024 κατὰ
1043 1952 1198 2042 Ἑλλήνων
1214 1969 1243 2022 et
1258 1956 1353 2046 λόγος
1368 1961 1447 2044 περὶ

235 2062 292 2142 τῆς
321 2056 604 2146 &covinnarius-mg
632 2060 690 2124 τοῦ
718 2058 816 2144 λόγου
843 2061 896 2125 καλ
925 2062 982 2145 τῆς
1004 2058 1060 2126 διὰ
1081 2057 1234 2144 σώματος
1255 2058 1341 2144 πρὸς
1362 2055 1447 2147 ἡμᾶς

239 2160 434 2248 ἐπιφανείας
456 2154 579 2238 αὐτοῦ).
616 2163 648 2224 ln
670 2164 717 2224 bis
740 2164 829 2242 igitur
850 2162 944 2237 libris,
967 2183 1041 2242 quos
1064 2165 1219 2226 admodum
1243 2165 1355 2226 iuvenis
1378 2176 1445 2228 aute

162 2281 164 2291 ·
234 2265 463 2327 controversiam
487 2265 620 2326 arianam
645 2265 830 2344 conscripsit,
853 2265 888 2326 de
909 2267 1084 2344 praestantia
1100 2267 1252 2345 religionis
1268 2267 1444 2329 christianae

235 2387 299 2428 cum
328 2366 518 2445 religionibus
541 2367 669 2446 gentium
692 2377 876 2447 comparatae
898 2367 938 2428 ita
960 2367 1114 2442 disseruit,
1142 2377 1175 2429 ut
1195 2386 1258 2429 eam
1282 2387 1443 2448 propemo-

234 2468 301 2530 dum
330 2477 420 2529 totam
449 2469 594 2530 evolveret
622 2477 650 2530 et
677 2487 780 2530 omnes
809 2479 908 2548 partes
935 2470 979 2530 vel
1002 2469 1094 2548 capita
1118 2470 1214 2532 omnia
1237 2471 1442 2549 persequendo

234 2571 392 2649 perfectum
416 2579 444 2631 et
466 2570 629 2632 absolutam
653 2589 718 2632 esse
740 2571 868 2632 doceret
914 2571 977 2643 Qua
999 2572 1129 2642 ratione,
1151 2571 1274 2633 maxime
1297 2572 1326 2632 in
1349 2573 1441 2632 altero
1520 2609 1527 2618 ·

233 2680 367 2736 tractatu.
390 2691 448 2734 non
473 2681 582 2734 tantum
606 2673 699 2752 ipsam
723 2672 885 2734 doctrinam
903 2673 1093 2754 principalem
1108 2674 1144 2735 de
1160 2673 1359 2734 incarnatione
1374 2692 1440 2734 ver·
1457 2707 1472 2722 ·

226 2774 260 2835 hi
283 2775 374 2836 aede
396 2773 493 2836 causis
516 2783 545 2835 et
566 2777 660 2837 lructu
683 2775 825 2836 adventus
848 2774 897 2835 lilii
920 2775 966 2836 dei
989 2775 1024 2835 ad
1047 2776 1183 2836 homines
1205 2775 1327 2854 eiusque
1348 2776 1441 2836 actio-

235 2894 304 2938 num
327 2885 357 2938 et
378 2877 603 2957 perpessionum
626 2876 788 2948 illustravit,
812 2877 864 2938 sed
888 2877 974 2939 etiam
997 2878 1196 2940 antecedentia
1218 2876 1262 2936 vel
1279 2878 1441 2956 supposita,

233 2977 388 3058 praecipue
416 2997 513 3040 veram
543 2979 590 3040 dei
619 2979 769 3040 notionem
793 2987 822 3040 et
844 2988 953 3040 rectam
977 2979 1012 3040 de
1035 2978 1163 3040 hominis
1186 2979 1334 3040 creatione
1356 2989 1442 3058 atque

199 3085 206 3098 ⁸
230 3079 313 3160 lapsu
336 3082 523 3152 sententiam,
546 3089 576 3142 et
597 3081 817 3160 consequentia,
841 3099 914 3159 quae
936 3082 971 3143 de
993 3079 1086 3142 salute
1108 3098 1161 3159 per
1183 3080 1330 3142 Christum
1352 3099 1441 3142 recu-

235 3183 363 3261 peranda
387 3183 550 3258 traduntur,
574 3193 662 3264 prout
683 3183 799 3244 occasio
822 3182 944 3254 ferebat,
968 3181 1070 3262 attigit.
1115 3182 1197 3244 Coni.
1213 3181 1378 3244 hloehlerus
1390 3183 1407 3242 l.
1420 3185 1439 3242 l.
1547 3245 1550 3255 ,

175 3337 180 3348 .
231 3300 261 3361 p.
279 3286 338 3347 136
352 3286 453 3348 -184,
477 3296 503 3344 et
527 3285 678 3346 llornerus
701 3284 730 3344 in
753 3283 822 3344 hist.
845 3284 991 3361 dogmatis
1014 3284 1050 3344 de
1071 3302 1198 3363 persona
1221 3283 1328 3346 Christi
1352 3283 1440 3356 (Ent-

232 3384 574 3466 miclrehmpsqesclichte
601 3387 655 3447 der
676 3384 770 3446 lehre
800 3402 861 3445 oon
890 3386 943 3446 der
966 3383 1082 3446 Person
1105 3385 1352 3460 narrarentur.
1375 3403 1448 3465 pag..

233 3487 409 3551 834-848,
454 3487 529 3546 Turn
558 3504 628 3547 vero
656 3487 685 3548 in
714 3483 964 3563 disputationibus
994 3495 1093 3548 contra
1115 3486 1238 3548 Arianos
1259 3486 1388 3568 itemque
1411 3488 1440 3550 in

230 3587 276 3660 iis,
299 3588 405 3667 quihus
419 3586 643 3649 Macedonianos
667 3595 696 3648 et
710 3585 930 3666 apollinaristas
952 3586 1062 3650 aliosve
1085 3588 1121 3648 de
1143 3589 1346 3651 incarnatione
1361 3590 1441 3655 verbi

230 3707 290 3750 non
314 3697 393 3752 recte
415 3690 574 3752 sentientes
597 3689 766 3761 confutavit,
790 3707 850 3750 uon
873 3690 944 3750 satis
967 3689 1068 3751 babuit
1089 3688 1152 3749 sola
1168 3689 1301 3768 dogmata
1318 3701 1440 3754 contro-

176 3869 182 3880 ·
230 3809 314 3853 versa
336 3792 373 3853 de
397 3791 489 3853 trihus
513 3790 542 3851 in
566 3790 621 3852 deo
644 3789 779 3870 personis
803 3791 890 3854 etde
913 3790 1026 3852 duabus
1050 3791 1077 3850 in
1101 3789 1218 3851 Christo
1241 3793 1354 3854 naturis
1376 3804 1439 3855 tra-

231 3893 371 3954 ctavisse:
401 3894 452 3956 sed
475 3892 719 3973 quemadmodum
745 3893 774 3953 in
798 3891 959 3972 theologica
982 3892 1144 3971 scripturae
1168 3911 1268 3956 sacrae
1292 3895 1439 3974 interpre-

230 3995 339 4056 tatione
362 3995 473 4074 singula
496 3995 570 4057 dicta
593 4015 628 4056 ex
651 3995 807 4056 universae
829 3994 990 4074 scripturae
1006 3995 1204 4057 consensione
1219 4004 1306 4074 atque
1321 4015 1356 4056 ex
1371 3996 1440 4056 lidei

228 4096 327 4175 regula
349 4097 497 4158 aestimari
520 4097 610 4158 voluit
630 4105 659 4158 et
680 4096 811 4174 intelligi,
834 4095 878 4156 sic
900 4096 929 4157 in
945 4096 1068 4175 singulis
1083 4096 1439 4176 quaestionibusdogma-

230 4197 295 4260 ticis
317 4196 412 4258 ubivis
435 4197 576 4278 principia
598 4207 628 4259 et
649 4199 736 4258 finem
759 4197 908 4276 religionis
931 4198 1104 4260 christianae
1127 4197 1350 4276 universamque
1373 4197 1437 4258 cius

220 4301 354 4364 ‚sormam
383 4298 640 4380 circumspicienda
670 4317 738 4360 esse
767 4299 877 4378 putavit
906 4309 992 4378 atque
1013 4299 1068 4360 bac
1088 4299 1132 4361 rei
1155 4298 1320 4359 tractandae
1341 4297 1437 4358 subti-

228 4400 308 4463 litate
331 4399 471 4462 adduetus
495 4410 548 4473 est,
572 4400 680 4462 utalia
702 4419 818 4480 quoque
840 4401 898 4463 illis
920 4399 1118 4462 controversis
1140 4417 1270 4460 connexa
1285 4398 1436 4460 doctrinae

228 4521 328 4566 sacrae
361 4502 453 4582 capita
485 4503 546 4564 suis
574 4503 647 4564 locis
677 4509 825 4564 excuteret
853 4511 883 4563 et
909 4501 977 4581 quid
1006 4501 1042 4560 de
1069 4500 1106 4561 iis
1138 4500 1322 4561 sentiendum
1345 4507 1436 4572 esset,

229 4603 396 4668 declararet.
440 4603 593 4666 Praeterea
615 4605 677 4685 ipsa
701 4603 918 4685 controversiae
940 4601 1060 4666 materia
1083 4602 1110 4663 ei
1133 4619 1192 4664 non
1212 4601 1300 4664 medo
1317 4619 1436 4664 causam
