3226 5280
535 389 680 434 srisroua
693 391 732 436 ns
747 391 913 438 antimaria
928 393 1067 438 monrsn.
1167 445 1170 452 ,
1354 381 1416 448 133

180 541 382 608 stantialitatis
403 542 634 623 propugnandae
655 559 744 604 eausa
767 543 901 616 tradidit,
930 545 1107 608 senteutiam
1134 545 1221 622 item,
1254 565 1313 628 qna
1341 547 1501 612 dicitnaao.

180 644 288 708 Filium
311 661 379 706 esse
402 661 438 704 ea
459 642 619 706 substantia
640 643 750 718 Patris,
772 662 911 706 necnon
933 645 1137 708 aeternitatem
1159 647 1235 720 eius,
1257 649 1413 728 manatio-

180 765 251 808 nena
272 745 381 808 mentis
403 761 470 806 eum
492 743 600 817 aerbo,
628 745 720 808 tontis
749 763 815 808 runa
846 743 936 806 llario
965 753 995 806 at
1022 753 1139 818 oetera;
1170 747 1270 810 utrel
1291 750 1415 830 etipsa

181 865 284 910 reram
306 846 505 926 discrepantia
525 847 674 920 noverint,
697 845 848 926 quomodo
872 845 972 925 priora
995 845 1116 924 quidem
1138 845 1186 908 illa
1206 865 1263 926 per
1282 853 1413 912 nerono-

180 950 272 1012 miam
295 943 412 1020 dbemt',
434 948 508 1010 base
527 965 599 1010 roro
622 956 655 1009 ut
676 947 743 1028 pias
766 946 835 1008 bdei
856 945 989 1026 postulat
1010 945 1098 1010 rado.
1131 947 1173 1012 Aa
1187 947 1328 1028 deiuoeps
1342 949 1416 1014 baon

180 1051 357 1131 prolitentes
380 1067 451 1117 suas
473 1049 521 1112 bis
553 1049 746 1112 adversantes
768 1047 932 1110 sententias
954 1047 1122 1136 repudient
1166 1047 1246 1122 Quid
1269 1049 1349 1112 eninr
1369 1051 1418 1118 tel

181 1151 351 1231 proximum
373 1149 509 1212 babuerit
529 1149 591 1212 Arii
620 1147 795 1228 malignitati
822 1147 954 1227 Dionysii
981 1147 1081 1211 tides?
1123 1148 1231 1212 Nonne
1253 1149 1341 1212 brius
1363 1167 1416 1214 se-

181 1251 311 1316 eundum
333 1249 482 1330 cogitandi
504 1250 626 1312 modum
649 1249 789 1312 duntaxat
802 1248 932 1312 Verbum
953 1269 1021 1312 esse
1036 1250 1118 1323 dioit,
1140 1250 1299 1331 Dionysius
1317 1259 1418 1316 aeman

182 1371 252 1414 vera
274 1361 305 1414 et
332 1359 437 1414 natura
459 1369 514 1414 sua
536 1349 663 1412 Verbum
685 1351 740 1414 llei
761 1349 855 1412 esse?
898 1350 949 1412 llle
978 1351 1108 1414 Verbum
1135 1351 1215 1414 Patri
1242 1361 1416 1418 extraneum

181 1452 263 1526 dicit,
286 1453 335 1516 bia
356 1452 443 1514 docet
464 1470 534 1514 esse
555 1452 711 1532 proprium
733 1460 763 1514 et
784 1451 963 1514 indivisibile
986 1452 1113 1514 aPatn'a
1136 1453 1313 1528 substantia,
1335 1455 1417 1520 sieut

181 1554 306 1618 aurbum
327 1573 344 1618 a
365 1561 466 1616 mente
487 1561 518 1614 et
539 1554 649 1616 flumen
672 1571 688 1616 a
710 1554 804 1615 lenta.
848 1553 879 1616 Si
901 1553 969 1633 quis
990 1553 1081 1633 igitur
1100 1554 1212 1634 poterit
1233 1555 1364 1618 diuidere
1383 1563 1414 1620 et

180 1655 311 1717 alienam
333 1655 457 1717 uerbum
479 1673 496 1716 a
518 1663 628 1728 mente,
651 1654 698 1716 rel
720 1655 841 1716 llurium
863 1673 880 1715 a
902 1655 985 1716 ionte
1007 1673 1147 1734 suparare
1170 1663 1200 1716 et
1221 1655 1306 1734 quasi
1327 1673 1414 1720 tnuro

180 1765 336 1818 axsuueto
369 1754 526 1829 dirimere,
558 1757 605 1818 vel
634 1757 714 1820 ausit
745 1755 844 1818 dinero
876 1755 997 1818 flurium
1026 1757 1163 1818 diversae
1190 1753 1415 1822 substantiaoa

181 1859 277 1928 lonte,
300 1875 334 1918 ao
354 1856 501 1918 diversam
525 1856 561 1918 ab
584 1875 620 1918 eo
644 1875 749 1936 aquam
770 1865 1018 1934 commonstrare,
1038 1856 1084 1920 rel
1104 1855 1298 1936 splendorem
1319 1853 1416 1918 alueo

182 1955 337 2030 dirimere,
359 1965 389 2018 et
410 1956 556 2018 affimnare
579 1976 615 2019 ea
637 1957 731 2020 aliana
753 1957 917 2020 anhelantia
939 1976 1007 2020 esse
1029 1957 1220 2038 splendorem
1239 1974 1297 2018 nee
1317 1953 1418 2020 alnoo

180 2057 323 2138 prodire,
352 2057 379 2120 is
408 2058 566 2122 cumbria
594 2059 739 2134 insaniat3
773 2058 922 2122 eiusmodi
949 2059 1060 2139 quippe
1086 2059 1177 2122 homo
1212 2076 1250 2120 ne
1282 2061 1415 2122 mentem

180 2159 300 2240 qutidem
327 2161 486 2224 humanam
514 2161 623 2226 babere
649 2163 725 2226 ultra
754 2160 929 2223 videbitur„
957 2159 1045 2233 Quod
1072 2160 1098 2224 si
1130 2159 1205 2222 bees
1225 2157 1415 2222 indivisibilia

182 2279 251 2323 esse
273 2261 336 2342 ipsa
358 2263 442 2325 novit
464 2272 583 2340 natura,
613 2282 776 2343 eorumque
803 2261 905 2342 proles
935 2261 1011 2341 ipsis
1037 2259 1160 2341 propria
1189 2268 1253 2334 est3
1281 2279 1319 2322 ne
1345 2259 1415 2339 quie

181 2361 269 2441 igitur
290 2363 431 2444 deinceps
454 2383 520 2426 eum
541 2365 613 2426 brie
635 2365 748 2426 sentiat
769 2372 820 2424 aut
841 2363 1015 2442 Dionysium
1037 2360 1209 2424 calumniari
1230 2363 1327 2434 ausit;
1359 2359 1413 2420 sed

180 2465 272 2543 magis
294 2464 364 2527 bine
385 2465 451 2528 eius
473 2483 542 2528 euna
564 2465 716 2526 sermonis
744 2463 986 2544 perspicuitatem
1015 2473 1078 2526 tum
1105 2473 1216 2526 rectam
1244 2461 1335 2527 tidem
1357 2459 1412 2522 ad-

181 2565 314 2628 miretur.

270 2764 322 2825 25.
366 2763 454 2834 Quod
483 2770 718 2842 apostatantem
747 2765 825 2828 illam
848 2765 909 2827 trit
937 2764 1102 2838 insaniam,
1129 2783 1186 2844 qua
1215 2762 1304 2832 dicit,
1338 2757 1415 2823 atiud

183 2881 255 2925 esse
278 2860 357 2941 quod
378 2861 410 2924 in
432 2861 494 2924 lieo
516 2870 566 2925 est
584 2863 722 2938 Verbum,
745 2873 775 2926 at
796 2865 875 2928 aliud
896 2865 933 2926 de
954 2883 1013 2944 uno
1036 2865 1177 2943 loquutus
1200 2869 1249 2926 est
1268 2861 1415 2924 loannes:

183 2963 224 3026 Ita
241 2965 398 3044 principio
421 2974 489 3025 mot
512 2961 649 3036 Verbum,
671 2972 701 3026 et
722 2965 808 3025 aliam
829 2965 981 3044 propriam
1004 2983 1073 3025 esse
1094 2964 1125 3024 in
1142 2963 1207 3024 Deo
1228 2958 1415 3039 sapientiam,

184 3064 272 3131 aliam
294 3081 366 3128 sera
387 3081 474 3142 quam
495 3063 545 3125 bis
568 3063 667 3126 verbis
690 3064 800 3126 indiuat
819 3064 995 3143 Apostolus:
1027 3061 1168 3126 Christus
1191 3061 1249 3124 Dea·
1268 3063 1369 3126 siresa
1387 3071 1415 3122 st

180 3165 242 3228 Dei
261 3169 429 3247 snpieutio3
457 3163 528 3225 illud
557 3181 673 3226 summa
700 3163 728 3226 ri
760 3165 913 3245 impugnat
941 3161 1101 3242 Dionysius
1128 3179 1307 3242 pravamque
1333 3159 1411 3224 illam

178 3271 361 3328 sententiam
389 3273 511 3328 suenus
539 3265 713 3328 insectatur.
756 3263 830 3328 Vide
852 3282 978 3344 quaeso.
1012 3281 1072 3344 quo
1102 3273 1188 3344 panto
1220 3263 1252 3326 in
1279 3262 1410 3325 semndo

179 3365 257 3428 libro
280 3365 327 3427 bis
351 3364 502 3428 derebus
524 3365 612 3428 verba
634 3365 735 3429 laniat:
758 3365 821 3442 „la
838 3369 994 3447 principio
1017 3375 1086 3428 erut
1110 3363 1251 3438 Verbum
1273 3361 1410 3424 sednon

181 3473 271 3540 „erat
292 3464 432 3541 Verbum,
455 3466 534 3546 quod
551 3465 679 3530 Verbum
702 3466 875 3546 protulerim
897 3474 961 3528 erat
975 3465 1056 3530 enim
1070 3465 1198 3528 Verbum
1213 3464 1291 3545 apud
1305 3462 1410 3525 benna.

182 3566 353 3640 „Dominus
376 3567 522 3647 sapientia
544 3576 608 3642 est3
630 3585 692 3630 non
714 3577 777 3629 erat
798 3567 887 3647 igitur
900 3567 1054 3648 sapientia,
1077 3567 1128 3648 qui
1143 3565 1319 3646 sapientiam
1335 3580 1409 3641 pro-

182 3667 309 3741 „duxit3
330 3685 398 3730 nana
421 3686 472 3749 apo
495 3687 594 3740 arom,
625 3669 738 3748 inquit,
770 3687 830 3751 pun
852 3667 1067 3732 delectabatur.
1110 3667 1228 3728 Veritas
1251 3673 1298 3726 est
1320 3661 1497 3730 Chri-anai.

183 3776 291 3840 „slusa
320 3769 496 3833 nauticam
518 3782 632 3839 auton,
663 3769 718 3841 ait,
747 3769 829 3832 Deras
852 3773 1001 3832 ueritatis.
1046 3767 1090 3828 Ihi
1118 3785 1178 3828 una
1199 3764 1357 3828 Sabellium
1380 3772 1411 3824 et
1563 3764 1565 3775 '

181 3918 248 4034 22οά
271 3919 368 3983 phrasis
393 3927 458 3969 assat
475 3920 629 3982 praecedenti
647 3913 770 3987 ὃμοιοτέ-
822 3913 1071 3996 soiuaddnnt'ante
1097 3907 1188 3994 aillpr.
1226 3907 1407 3996 lloa'ii‘depa'd

185 3986 379 4103 Βοιῖἷῖςὶθίὲὶᾱῐ
392 3987 517 4104 {abeatur
540 3989 565 4036 in
589 3987 646 4049 llas.
671 3985 770 4036 Tanain.
823 3979 950 4104 guiongta,
964 3985 1004 4034 aba
1023 3984 1081 4045 aas.
1098 3983 1173 4036 haul.
1192 3993 1216 4034 et
1233 3985 1291 4036 aditi
1309 3997 1324 4030 o
1343 3993 1410 4029 ana-

182 4119 379 4237 dsi‘desfflfss‘
397 4121 495 4170 mm·
514 4119 561 4170 ¹⁸⁸·
596 4120 623 4170 ¹¹¹
642 4119 713 4170 ⁰⁶⁵¹ss
731 4111 773 4168 ιη
858 4153 873 4202 i.
892 4151 932 4204 Sic
950 4153 1047 4204 Tanain.
1066 4117 1199 4204 Colbfles.
1217 4152 1256 4206 Fr.
1269 4153 1286 4202 l.
1311 4151 1405 4215 lnllag.

218 4255 235 4303 i.
254 4253 312 4316 llas.
323 4254 422 4304 Tanain.
441 4253 509 4304 Culh.
530 4253 575 4304 les.
594 4246 701 4304 radron.
727 4254 771 4305 Ed.
823 4227 847 4270 ⁰¹
865 4221 888 4270 ω
907 4221 977 4271 ‘dm‘
994 4215 1090 4287 βιβλίῳ
1108 4222 1184 4271 dem·

183 4327 209 4370 et
224 4321 380 4371 dalaimanni
399 4321 496 4388 codices
513 4313 626 4372 τούτων.
855 4321 877 4374 l.
897 4324 923 4374 lu
941 4323 1040 4374 Tauria.
1060 4321 1129 4372 Colb.
1147 4321 1194 4372 les.
1212 4313 1227 4368 ri
1247 4327 1301 4370 ante
1318 4311 1407 4386 lirae.

217 4403 240 4452 ς.
260 4388 317 4450 llag.
336 4388 435 4438 'l'anrim
453 4388 522 4439 Colh.
542 4390 588 4439 les.
606 4381 635 4438 bt
651 4383 768 4445 τούτων,
821 4389 869 4440 Sed
889 4391 912 4439 in
930 4390 1031 4454 reliquis
1050 4396 1074 4438 at
1087 4389 1110 4438 in
1122 4388 1193 4438 editis
1205 4387 1406 4438 deestartieulus.

183 4456 274 4506 reatina
292 4469 365 4521 qnam
383 4457 441 4506 editi
458 4448 487 4505 bt
504 4449 613 4506 τούτου.
822 4457 896 4507 Panlo
921 4466 977 4521 post
1000 4457 1099 4506 Tauria.
1124 4462 1149 4505 et
1173 4455 1220 4505 lea.
1237 4449 1406 4520 γεγέννηται.

217 4521 242 4573 b.
260 4522 658 4585 nes.rsuan.c0u.1ss.rr.1.
675 4515 767 4585 ὓλην,
820 4523 867 4604 llil
885 4538 971 4574 omnes
987 4518 1141 4588 γεγένηται.
1177 4521 1228 4572 lior
1247 4522 1315 4572 colb.
1334 4517 1404 4570 iat.

183 4595 209 4640 et
226 4590 263 4640 sie
280 4591 343 4641 inira
360 4590 402 4641 uhi
420 4599 524 4656 quatuor
543 4593 660 4656 poatranri
672 4593 769 4644 eodiesa
822 4605 871 4639 ουν
889 4583 904 4649 ἡ
924 4593 1021 4655 σοφία.
