3250 5292
575 365 683 412 omaro
697 366 742 410 ιιι.
757 367 873 412 course
887 365 1022 410 caunos.
1281 383 1290 394 ·
1338 351 1399 414 523

180 517 283 582 eadem
303 535 339 580 ac
359 517 485 580 ludaeos
505 517 596 598 loqui.
640 515 785 580 Convenit
805 516 884 580 euim
906 535 960 580 eos
982 515 1019 578 ah
1039 497 1158 580 illorum
1180 525 1280 580 mente
1302 517 1489 584 disce-rans.

181 620 268 692 dere,
296 637 422 700 quorum
442 619 733 699 nomenrelugiuut.
776 617 934 680 Enimvero
964 635 1020 680 nos
1050 617 1209 681 Christiani
1238 637 1401 694 sumus,o

180 721 296 797 hriaoi,
334 741 392 784 nos
425 721 544 802 inquam
583 702 741 784 Christiani
774 737 896 794 sumus,
929 719 1142 799 propriumque
1181 723 1317 784 nostrum
1355 731 1403 784 est

180 823 337 904 Evangelia
365 823 402 886 da
423 823 574 886 Salvatore
595 829 676 884 recte
698 820 876 902 intelligere,
905 839 966 882 non
988 828 1087 882 autem
1110 839 1176 882 eum
1199 840 1264 886 cum
1285 823 1402 888 ludaeis

179 925 328 1006 lapidibus
343 935 509 1006 percutere,
531 924 557 986 si
576 925 676 1004 ipsum
698 922 735 986 de
751 941 806 986 sua
828 922 981 984 divinitate
996 929 1026 984 et
1040 921 1214 985 aeternitate
1234 924 1403 1004 loquentem

180 1027 351 1101 audiamus,
383 1045 479 1107 neque
507 1025 676 1090 scandalum
699 1024 851 1088 vobiscum
873 1023 934 1104 pati
963 1022 1001 1085 oh
1023 1023 1146 1086 humilia
1168 1024 1274 1100 rerba,
1297 1025 1404 1105 quibus

181 1140 215 1192 ut
239 1131 332 1192 homo
360 1131 462 1192 utitur.
507 1129 696 1208 Quapropter
724 1127 749 1188 si
777 1145 830 1188 ros
859 1125 1019 1188 Christiani
1052 1145 1170 1210 quoqpe
1193 1145 1262 1188 esse
1283 1128 1403 1206 optatis,

180 1233 242 1295 Arii
265 1231 409 1295 insaniam
431 1230 586 1312 deponite,
615 1237 789 1308 vestrasque
816 1247 903 1292 aures
931 1227 1030 1308 impiis
1052 1227 1215 1290 maledictis
1237 1228 1404 1292 sordidatas

180 1334 240 1416 piis
263 1333 371 1398 abluite
394 1333 601 1420 sermonibus,
634 1330 877 1412 exploratumque
906 1329 947 1392 sit
968 1328 1051 1391 robis
1074 1329 1174 1392 statim
1196 1337 1284 1409 atque
1304 1331 1405 1394 hriaoi

182 1453 252 1499 esso
273 1435 459 1508 destiteritis,
484 1435 659 1497 ludaeorum
681 1451 801 1514 quoque
821 1432 1047 1513 perversitatem
1070 1431 1258 1506 dimissuros,
1280 1435 1405 1515 loreque

157 1529 216 1600 'ut
235 1539 367 1602 tenebris
390 1538 541 1618 dissipatis
562 1537 612 1598 lux
632 1535 766 1600 veritatis
794 1534 880 1598 vohis
909 1535 1050 1596 continuh
1079 1533 1231 1615 affulgeat,
1264 1553 1321 1598 neo
1347 1553 1404 1600 nos

181 1640 240 1704 iam
263 1640 390 1722 emplius
413 1639 615 1702 calumniaturi
641 1638 726 1712 sitis,
760 1637 844 1716 quasi
872 1637 930 1698 duo
959 1646 1077 1698 aeterua
1105 1654 1318 1715 agnoscamus;
1351 1656 1405 1700 vos

130 1765 132 1772 ’
181 1743 293 1822 quippe
313 1741 373 1822 ipsi
394 1739 576 1821 intelhgetis,
598 1739 757 1802 Dominum
777 1757 879 1802 rerum
902 1747 932 1802 et
953 1737 1117 1800 naturalem
1132 1737 1184 1799 Dei
1199 1737 1303 1800 Filium
1327 1757 1404 1814 esse,

181 1861 237 1904 nec
257 1843 461 1906 tantummodo
483 1849 636 1904 aeteruum
659 1860 726 1904 esse
747 1840 884 1920 agnosci,
913 1841 967 1904 sed
998 1840 1086 1902 etiam
1109 1838 1197 1902 simul
1219 1859 1285 1902 oum
1308 1849 1404 1902 aeter·

181 1943 274 2006 nitate
295 1943 391 2006 Patris
415 1943 554 2006 existere.
596 1942 659 2006 allia
690 1943 836 2022 siquidem
865 1951 950 2015 sunt,
980 1959 1054 2022 quae
1077 1951 1196 2004 aeterna
1217 1961 1336 2022 quoque
1358 1943 1405 2004 di·

181 2053 305 2120 cuutur,
334 2063 459 2124 quorum
483 2053 580 2107 tamen
601 2044 668 2124 ipse
690 2045 812 2106 ellector
833 2053 895 2120 est,
924 2043 1131 2125 naurll'salmo
1154 2043 1295 2124 vigesimo
1319 2045 1405 2107 tertio

181 2147 408 2227 scriptumest:
448 2146 554 2210 Tollite
571 2157 681 2227 portos
709 2151 861 2228 principer
892 2159 1027 2222 vestras,
1057 2159 1085 2212 et
1113 2146 1273 2210 elevamini
1294 2158 1406 2228 portae

181 2261 332 2312 aeternae.
365 2251 472 2312 Verum
496 2257 662 2312 astantem
686 2249 760 2310 haec
780 2247 816 2310 ab
838 2248 888 2309 illo
911 2249 986 2310 laeta
1007 2257 1093 2322 ossea
1114 2257 1294 2328 quapropter
1315 2249 1341 2311 si
1357 2249 1406 2312 illa

180 2368 281 2412 rerum
304 2359 489 2414 aeternarum
512 2349 608 2430 opilex
632 2358 695 2424 est,
724 2349 790 2429 quis
813 2357 951 2412 ausuum
972 2349 1029 2412 iam
1052 2349 1226 2412 indubium
1249 2351 1405 2426 vocaverit,

179 2453 279 2534 ipsum
303 2471 371 2514 esse
394 2461 462 2514 ante
484 2471 533 2514 res
556 2451 727 2515 huiusmodi
750 2449 908 2514 aeternas?
936 2453 972 2512 ht
993 2470 1063 2514 rero
1085 2470 1147 2513 non
1169 2460 1226 2514 taur
1247 2451 1286 2512 oh
1308 2461 1405 2520 aeter,-

180 2555 303 2616 nitatem
326 2554 514 2633 cognoscitur
535 2554 695 2629 Dominus,
729 2573 816 2634 quarn
839 2553 918 2633 quod
940 2551 992 2614 llei
1013 2553 1106 2616 Filius
1127 2561 1184 2614 est.
1229 2551 1304 2624 Quia
1326 2555 1407 2616 enim

181 2662 230 2714 est
251 2653 360 2728 Filius,
382 2655 450 2716 hino
472 2673 488 2716 a
509 2655 596 2718 Patre
619 2655 792 2737 separabilis
815 2673 876 2716 non
898 2664 962 2728 est,
992 2673 1089 2733 neque
1111 2653 1167 2714 luit
1187 2671 1316 2733 unquam
1339 2673 1406 2718 cum

181 2771 245 2816 uon
278 2763 373 2834 esset,
408 2755 462 2816 sed
489 2774 608 2834 semper
634 2758 704 2831 luit,
739 2777 864 2837 mulque
894 2755 935 2820 sit
962 2756 1059 2834 imago
1082 2763 1112 2816 et
1134 2755 1405 2834 splendor'l'atris,

179 2856 388 2920 aeternitatem
409 2874 526 2935 quoqne
548 2857 643 2920 Patris
664 2860 808 2939 possidet.
845 2860 949 2937 ltaque
971 2875 1029 2938 qua
1052 2855 1172 2936 quidem
1193 2856 1308 2918 ratione
1330 2873 1490 2940 con-raro.

179 2958 260 3020 ricti'
273 2956 384 3018 luerint
404 2956 479 3018 male
501 2957 549 3020 illa
566 2959 734 3040 Scripturae
755 2961 820 3022 loca
841 2959 1016 3038 intelligere,
1039 2976 1114 3037 quae
1136 2957 1346 3032 obtendebant,
1370 2975 1405 3020 ex

179 3061 241 3136 his,
264 3078 342 3140 quae
365 3076 454 3137 supra
470 3059 578 3138 paucis
600 3061 746 3141 disputata
770 3070 849 3135 sunt,
872 3059 947 3122 disci
969 3067 1086 3139 potest,
1109 3059 1188 3138 quod
1204 3067 1302 3122 autem
1317 3044 1406 3126 etiam

181 3181 235 3236 ea,
250 3179 326 3241 quae
347 3179 428 3222 nunc
450 3179 485 3222 ex
507 3160 673 3240 Evangeliis
696 3168 866 3240 opponunt,
889 3159 983 3222 lutilia
1005 3159 1163 3222 admodum
1185 3153 1220 3224 a'o
1239 3161 1312 3224 levia
1334 3162 1404 3238 siut,

180 3263 266 3326 lacila
298 3261 470 3342 perspicere
500 3272 564 3337 est,
598 3263 624 3324 si
655 3261 685 3322 iu
716 3261 821 3342 primis
851 3262 917 3342 quis
939 3263 977 3324 sit
999 3261 1183 3325 Christianae
1204 3263 1272 3326 fidei
1295 3283 1403 3344 scopus

111 3373 116 3382 “
178 3365 420 3446 perceperimus,
449 3384 544 3445 eoque
572 3351 832 3444 tanquam'regule
855 3373 971 3426 utentes
993 3363 1112 3426 lectioni
1135 3363 1305 3446 Scripturas
1327 3367 1403 3428 divi-

180 3469 261 3530 nitus
283 3467 461 3547 inspiratae,
484 3475 517 3529 ut
537 3474 640 3528 monet
660 3465 838 3545 Apostolus,
861 3466 1085 3529 attenderimus.
1130 3465 1215 3532 llunc
1237 3469 1316 3531 enim
1338 3489 1404 3532 cum

181 3647 219 3708 otc
241 3647 408 3719 δημιουργὸς
435 3644 528 3721 κύριός
550 3646 615 3704 ἔστι.
640 3648 688 3701 καὶ
710 3647 766 3724 γὰρ
818 3647 885 3704 ἐστι.
920 3655 998 3706 Ceteri
1016 3664 1040 3706 et
1057 3655 1114 3706 editi
1133 3645 1177 3703 ὅτι
1194 3647 1208 3704 ὅ
1227 3646 1286 3708 oe‘o'r
1301 3649 1368 3704 ἔστι.

180 3715 270 3786 Aaptu
293 3734 387 3786 φησιν.
428 3721 473 3772 llil
497 3732 521 3772 et
544 3724 600 3774 editi
626 3713 708 3776 αὐτὸς
731 3713 768 3775 ὡς
853 3723 875 3772 h.
895 3722 959 3772 llaec
976 3725 1047 3774 rerba
1064 3715 1181 3789 ἔχεικαὶ
1200 3713 1406 3783 τὴνᾶἵδιότητα

182 3783 348 3906 δηριουῖγός
369 3780 461 3854 κύριός
477 3781 560 3846 ἐστιν.
580 3781 610 3838 ἐν
626 3784 681 3860 γὰρ
699 3785 767 3852 ψαλ-
817 3787 867 3838 τοῦ
884 3783 988 3866 πατρός
1005 3793 1093 3841 absunt
1110 3791 1239 3868 ¹.Glb¹.‘'.‘·
1257 3799 1281 3840 et
1301 3793 1405 3846 Felehm.

180 3871 245 3976 μοῐῒς
257 3870 515 3990 tleffw'segoe.
539 3917 622 3982 δῆλον
639 3917 668 3972 δέ
686 3916 767 3974 ἔστιν.
819 3857 1157 3986 ltbirdrgtcnrfizrgrrtffeggasssrp
1165 3859 1407 3986 ἱὲἓῖῗθῦξῗιῖῗῗῑ

183 3994 209 4044 Ιιι
235 3994 287 4043 aliis
311 4001 335 4042 et
359 3991 429 4041 editis
454 3992 522 4042 deest
545 3984 583 4039 δέ.
622 3991 695 4040 Panlo
713 3999 769 4054 poet
819 3989 924 4040 Felolrm.
952 3992 972 4040 l.
996 3981 1071 4044 ὅπως
1093 3985 1146 4056 μὲν
1169 3977 1225 4042 οὖν.
1266 3995 1292 4044 ln
1310 3997 1364 4046 aliia
1383 4005 1406 4046 et

181 4063 239 4124 lteg.
260 4061 282 4110 l.
301 4071 325 4110 et
341 4060 440 4122 Seguer.
457 4053 498 4111 air
515 4049 594 4123 ἡμῶν
610 4050 651 4105 ἔτι
673 4049 769 4105 λοιπόν
820 4057 924 4106 editione
943 4059 1059 4109 Commel.
1080 4043 1129 4108 oda
1146 4059 1221 4111 deest.
1248 4061 1301 4112 llor
1313 4064 1368 4127 lleg.
1383 4065 1403 4114 l.

133 4173 148 4198 ,
182 4138 227 4180 ete.
254 4128 353 4180 Cohler.
371 4134 394 4178 et
413 4127 515 4177 Folchm.
537 4127 559 4177 l.
576 4119 618 4180 τίς
634 4117 711 4190 ὑμῶν
727 4117 769 4174 ἔτι
819 4125 919 4186 Seguor.
945 4125 1043 4178 canter.
1068 4135 1092 4177 et
1117 4127 1221 4180 aeream.
1242 4129 1263 4180 l.
1282 4144 1405 4198 προεφα·

181 4191 351 4276 brommato,
383 4195 476 4271 hlii'ct
494 4195 567 4245 editio
586 4193 703 4246 Commcl.
728 4187 768 4248 εἰς
819 4187 935 4250 σίζοντα.
962 4192 1010 4244 etit
1028 4195 1263 4250 obeditioComrnel.
1281 4192 1405 4267 ἐπροφα-

131 4383 136 4395 ,
175 4257 570 4395 ὐμένὲἰειηῆἴέφιῖβέξὶιιέἰιι.
589 4329 768 4382 Goblerlan.'et
820 4257 948 4394 clf-argee&
970 4331 991 4382 l.
1009 4339 1033 4382 et
1049 4332 1148 4396 Serum.
1171 4300 1401 4400 προφασίξονται,

182 4399 288 4467 Felelm,
308 4400 331 4450 1.·
370 4402 399 4449 tt
416 4400 456 4450 elii
474 4409 498 4450 et
511 4399 567 4450 editi
585 4389 617 4446 οὔ
633 4396 768 4446 τοσοῦτον
818 4391 846 4447 br
862 4395 919 4447 rato
942 4389 1107 4464 εὒαγγελίων
1131 4395 1274 4454 δείκνυται.
1317 4405 1363 4454 llil
1380 4413 1405 4453 et

181 4459 274 4521 tutata
291 4459 319 4516 lx
336 4465 384 4516 τοῦ
402 4458 492 4516 dldtou
512 4461 674 4534 γνωρίζεται
692 4458 707 4513 ὁ
724 4458 768 4515 red-
818 4467 875 4518 editi
892 4464 1114 4534 προφασίζονται
1129 4467 1188 4528 νῦν,
1207 4463 1236 4520 ἐκ
1253 4469 1310 4518 τῶν
1326 4461 1405 4534 adoy-

63 4537 64 4543 ’
182 4549 250 4602 otor.
294 4535 384 4597 buglis.
411 4535 498 4586 ibidem
525 4527 553 4583 lx
576 4531 632 4582 τῶν
658 4525 764 4582 ἆῖδίων.
817 4530 915 4600 pallore
940 4531 1130 4608 γνωρίζονιᾳι.
1176 4537 1227 4588 ltox
1250 4540 1306 4602 liar.
1334 4539 1355 4592 l.
1381 4547 1405 4590 ct

182 4603 244 4654 lturc
268 4603 356 4654 ibidem
374 4603 430 4668 lter.
452 4603 472 4654 l.
490 4611 513 4653 et
531 4603 629 4666 Seguer.
650 4591 693 4651 dre
710 4594 768 4658 etta
818 4605 918 4667 sepner.
935 4614 993 4670 post
1010 4599 1106 4672 ῥᾴδιον
1124 4605 1236 4657 omittunt
1252 4598 1318 4656 lert.
1363 4675 1368 4684 Ι
