3226 5308
276 326 337 392 6³2
441 299 450 316 ’
674 338 700 383 s.
715 337 1104 382 ιτεικιειιιεεωτνιεοοω

188 490 321 569 νωκείς
348 489 405 572 ἐμὲ
433 486 468 554 ἒν
489 489 529 575 τῇ
552 492 666 576 σκοτίᾳ
687 483 731 572 μὴ
752 491 863 574 μείνῃ·
892 484 948 554 καὶ
969 485 1026 554 ίάν
1046 492 1099 566 τίς
1118 509 1183 571 μου
1205 479 1325 574 ἀκούσῃ
1349 487 1430 552 τῶν
1459 485 1531 552 λά-

272 614 338 677 γων
359 591 412 656 καί
434 587 479 677 μὴ
502 587 639 677 φυλάξῃ,
664 585 726 675 ἐγὼ
748 581 785 654 οῦ
808 594 908 673 κρίνω
923 585 1039 656 αὐτόν·
1062 583 1100 655 οῦ
1114 587 1177 674 γάρ
1190 576 1306 674 ἦλθον,
1322 587 1382 654 ἵνα
1399 597 1528 674 κρίνω

272 689 329 758 τόν
351 689 488 775 κόσμον,
513 684 581 756 ἀλλ’
605 690 661 758 ἵνα
682 688 781 756 σώσω
803 687 860 757 τόν
881 689 1014 774 κόσμον.
1052 687 1189 777 όλόγος
1211 691 1261 770 δέ,
1291 689 1328 756 ὃν
1351 684 1522 770 ’ἀκούεα
1581 732 1582 809 η

272 791 394 872 ἐκεῖνος
414 794 517 879 κρινεῖ
538 785 637 858 αὐτόν
660 791 694 860 ἐν
716 793 755 880 τῇ
778 789 895 880 ἐσχάτῃ
916 788 1022 881 ἡμέρᾳ
1030 795 1061 874 ¹),
1085 788 1139 860 ότι
1160 789 1222 878 ἐγὼ
1243 791 1328 876 πρὸς
1350 790 1418 858 τόν
1440 818 1523 859 πα-

270 900 349 982 τίρα
369 891 593 978 πορεύομαιἿ.
630 891 670 959 τὸ
691 891 840 980 κήρυγμα
862 895 898 961 δέ
920 918 1005 984 φησι
1026 899 1148 982 κρίνειν
1168 891 1286 980 τὸνμὴ
1303 891 1520 980 φυλάξαντα

270 995 328 1083 τὴν
351 993 498 1083 ἐντολήν·
522 994 552 1062 εἰ
572 993 649 1080 γάρ,
673 1001 771 1083 φησί,
794 991 839 1083 μὴ
861 984 970 1082 ἦλθον
992 997 1046 1062 καὶ
1070 994 1213 1083 ἐλάλησα
1234 990 1365 1074 αύτοίς,
1390 990 1518 1080 ἆμαρ-

270 1104 343 1166 τίαν
373 1090 431 1164 οῦκ
458 1091 559 1179 εἶχον·
588 1099 645 1164 νῦν
669 1097 705 1164 55
727 1095 900 1185 πρόφασιν
922 1091 981 1180 οῦχ
1003 1097 1171 1178 ἕξουσιν),
1196 1101 1294 1185 φησί,
1319 1091 1516 1183 ἀκηκοότες
1569 1119 1582 1186 η

155 1194 158 1202 ’
270 1223 335 1286 μου
356 1201 422 1266 τῶν
444 1197 613 1285 ῥημάτων,
646 1191 686 1264 δι’
711 1187 757 1265 ὦν
779 1206 943 1287 σωτηρίαν
965 1199 1181 1286 καρπίζονται
1203 1199 1235 1265 ολ
1256 1197 1512 1287 φυλάσσοντες.
1581 1243 1582 1247 =

359 1305 407 1368 18.
445 1297 539 1380 Ἴσως
565 1301 625 1385 μὲν
654 1289 711 1366 σάν
740 1293 779 1367 ἀν
808 1301 935 1368 εἴποιεν
959 1296 1104 1380 ἀναιδῶς
1123 1300 1168 1389 μὴ
1190 1299 1263 1367 υἱοῦ
1286 1295 1374 1367 ἀλλὰ
1398 1301 1511 1389 λόγου
1566 1344 1570 1353 -

273 1398 358 1472 εἶναι
385 1400 442 1490 τὴν
472 1401 585 1491 φωνὴν
612 1400 743 1490 ταύτην.
785 1395 854 1469 ἀλλ’
885 1401 919 1470 ἒν
947 1401 1019 1482 τοῖς
1047 1396 1200 1488 ἀνωτέρω
1222 1403 1510 1492 λεχθεῖσι”όῆλυν
1565 1402 1570 1425 “

272 1503 418 1591 ἱ’ἐγένετο
444 1498 497 1571 ότι
518 1503 590 1583 υἱός
612 1502 701 1572 ἐστιν
724 1498 742 1570 5
764 1504 874 1590 λέγων.
913 1499 1014 1592 ὁγὰρ
1037 1505 1138 1591 λέγων
1160 1503 1323 1572 ἐνταῦθα·
1357 1501 1424 1573 οῦκ
1448 1497 1510 1594 ἧλ-

272 1611 339 1674 θον
360 1614 470 1693 κρίναι
490 1604 548 1672 τόν
569 1603 694 1694 κόσμρν
716 1599 801 1673 ἀλλὰ
822 1609 968 1687 σιῦσαιλ),
993 1608 1158 1675 δείκνυται
1178 1599 1237 1672 οῦκ
1258 1603 1359 1686 ἀλλος
1374 1603 1507 1696 εἶναιῆ

274 1704 293 1775 5
313 1706 489 1796 μονογενὴς
509 1705 581 1787 υίὸς
601 1711 661 1773 τοῦ
683 1709 776 1775 θεοῦ.
814 1710 913 1796 “φησί
935 1707 996 1795 γάρ
1019 1707 1053 1776 ἓν
1074 1717 1147 1787 τοῖς
1169 1707 1361 1792 όμπροσθεν
1385 1706 1429 1776 ‘¹5
1445 1706 1505 1777 αύ·

272 1809 330 1890 τὸς
348 1805 512 1898 Ἰωάννης·
542 1805 646 1900 οῦτως
667 1808 729 1896 γὰρ
750 1803 919 1898 ἠγάπησεν
943 1806 961 1876 5
982 1809 1065 1889 θεὸς
1085 1809 1144 1877 τὸν
1164 1807 1303 1895 κόσμον,
1333 1806 1423 1890 &a
1444 1813 1501 1880 τὸν

273 1911 345 1979 υἱόν
374 1906 474 1978 αὐτοῦ
497 1908 556 1978 τὸν
576 1912 735 1999 μονογενῆ
759 1911 892 1992 ἔδωκεν,
921 1911 978 1978 ἵνα
999 1914 1068 1991 πᾶς
1090 1907 1108 1978 5
1130 1910 1296 1980 πιστεύων
1318 1906 1372 1980 ἐπ’
1397 1908 1502 1980 αύτὸν

272 2012 317 2101 μὴ
341 2006 522 2099 ἀπόληται,
553 2003 701 2100 ἀλλ’“3’χη
725 2011 808 2098 ζωὴν
830 2011 974 2081 αἰώνιον.
1013 2008 1051 2080 ού
1073 2012 1135 2101 γὰρ
1157 2008 1351 2082 ἀπέστειλεν
1374 2009 1393 2081 5
1417 2015 1502 2094 θεὸς
1571 2070 1575 2089 .

273 2111 331 2180 τόν
353 2111 424 2180 ολὸν
447 2112 494 2192 εἰς
515 2111 573 2180 τόν
594 2112 728 2200 κόσμον,
751 2115 808 2182 ἵνα
827 2121 918 2202 κρίνῃ
941 2114 998 2182 τόν
1020 2113 1159 2200 κόσμον,
1184 2109 1253 2183 ἀλλ’
1276 2116 1332 2182 ἵνα
1354 2121 1457 2204 σωθῇ
1478 2113 1498 2183 5
1570 2096 1577 2189 λ

273 2211 396 2298 κόσμος
425 2209 471 2282 δι’
491 2209 614 2312 αῦτοῦ.
663 2211 681 2282 5
713 2216 881 2284 πιστεύων
903 2215 950 2295 εἰς
973 2211 1072 2283 ούτὸν
1094 2211 1134 2284 ού
1155 2225 1315 2303 κρίνεται·
1348 2213 1426 2284 ὅδὲ
1443 2217 1491 2304 μὴ

273 2314 441 2384 πιστεύων
462 2313 523 2406 ἤδη
546 2323 710 2405 κέκριται,
725 2313 778 2386 ότι
797 2318 842 2406 μὴ
864 2326 1082 2388 πεπίστευκεν
1105 2319 1152 2399 εἰς
1172 2317 1211 2388 τὸ
1235 2317 1486 2406 όνοματοῦμο-
1581 2295 1582 2366 λ

273 2421 424 2506 νογενοῦς
445 2420 519 2486 υἱοῦ
541 2423 599 2487 τοῦ
623 2422 716 2488 θεοῦ.
754 2416 834 2508 αότη
859 2422 896 2487 δέ
917 2419 1006 2488 ἐστιν
1029 2416 1047 2508 ἡ
1069 2428 1183 2508 κρίσις,
1209 2415 1263 2488 ότι
1276 2421 1392 2509 τὸφιῦς
1409 2417 1483 2508 ἐλη-

274 2521 377 2590 λυθεν
399 2521 447 2602 είς
467 2521 525 2589 τὸν
547 2521 678 2606 κόσμον,
701 2519 757 2588 καὶ
777 2516 950 2610 ἠγάπησαν
973 2521 1006 2589 οἱ
1029 2519 1209 2610 άνθρωποι
1221 2523 1395 2607 μῦλλοντὸ
1411 2519 1486 2588 σκό-

274 2647 332 2704 τος
352 2617 374 2712 5
395 2622 434 2689 τὸ
456 2627 545 2713 φῶς·
568 2613 606 2712 ἦν
628 2623 689 2711 γὰρ
712 2617 821 2689 αὐτῶν
842 2622 973 2710 πονηρὰ
993 2623 1036 2690 τὰ
1058 2623 1173 2711 ἀργαί).
1212 2625 1241 2693 εί
1263 2620 1414 2712 όλίγων·
1434 2620 1491 2690 ὀὐ

184 2779 188 2790 .
274 2725 335 2814 γὰρ
356 2714 480 2812 ἦλθον,
510 2725 567 2792 ἵνα
586 2731 686 2812 κρίνω
708 2722 766 2790 τόν
787 2722 927 2809 κόσμον,
957 2719 1027 2791 ἀλλ’
1052 2725 1108 2793 ἵνα
1129 2725 1228 2794 σιόσω
1250 2722 1366 2807 αότόν,
1396 2721 1493 2807 οὗτός

274 2827 363 2897 ἔστιν
386 2823 405 2894 ό
426 2828 546 2915 λέγων·
576 2821 594 2892 5
615 2829 756 2911 θεωροῦν
779 2824 835 2910 ἐμὲ
856 2831 983 2912 θεωρεῖ
1003 2826 1060 2892 τὸν
1082 2829 1273 2912 πέμψαντά,
1285 2832 1370 2914 με’),
1401 2824 1435 2894 ’ό
1457 2831 1494 2896 55

275 2928 385 3000 ἐλθὼν
412 2933 521 2998 στῦσαι
549 2926 751 3014 τόνκόσμον
772 2926 892 3014 καὶμὴ
914 2937 1024 3016 κρίναι
1044 2923 1145 2996 αὖτόν
1167 2925 1186 2996 5
1206 2929 1383 3019 μονογενής
1406 2929 1491 2998 ἐστιν

273 3033 345 3112 υίὸς
366 3034 425 3099 τοῦ
446 3035 546 3102 θεοῦ·
560 3032 669 3119 όῆλον
692 3027 745 3098 ότι
767 3025 785 3097 5
808 3023 907 3111 αάτός
929 3030 1000 3114 υλός
1021 3029 1110 3097 ἐστιν
1133 3027 1151 3099 5
1174 3032 1290 3119 λέγων·
1314 3027 1332 3098 5
1354 3028 1507 3118 θεωροῦνι

275 3133 331 3217 ἐμὲ
351 3138 478 3227 θεωρεῖ
499 3133 557 3202 τόν
578 3133 762 3219 πέμψαντά
782 3159 832 3218 με.
874 3131 930 3201 καὶ
951 3119 1017 3221 γὰρ
1035 3127 1054 3198 5
1076 3133 1193 3219 λέγων·
1218 3129 1236 3200 5
1258 3133 1425 3202 πιστεύων
1446 3134 1490 3214 εἷς

275 3231 340 3317 ἐμέ,
362 3231 420 3300 καλ
440 3233 497 3308 ἐάν
519 3241 570 3314 τίς
589 3259 655 3320 μου
676 3229 817 3322 *ἀκούσῃ
840 3238 907 3303 τῶν
922 3234 1084 3323 ῥημάτων,
1108 3233 1170 3321 lya)
1185 3230 1225 3302 οῦ
1238 3243 1338 3322 κρίνω
1353 3229 1488 3328 αὐτόν’),
1579 3251 1580 3326 ί

188 3323 192 3344 ’
275 3327 373 3412 αύτός
394 3333 483 3402 ἐστιν
506 3331 525 3401 5
546 3334 626 3414 υἱός,
650 3333 729 3420 περὶ
750 3324 789 3400 οὗ
811 3334 935 3403 ΙΙταῦτά
957 3357 1073 3423 φησιν·
1097 3330 1116 3402 5
1137 3335 1303 3404 πιστεύων
1326 3337 1374 3416 είς
1394 3333 1489 3405 αῦτόν
1579 3367 1582 3488 η

275 3428 312 3502 οὗ
334 3441 488 3522 κρίνεται,
513 3432 531 3500 5
554 3434 655 3520 δὲμὴ
678 3434 845 3502 πιστεύων
866 3435 927 3522 ἤδη
949 3441 1110 3521 κέκριται,
1135 3433 1188 3505 ὅτι
1208 3438 1252 3526 μὴ
1275 3445 1488 3507 πεπίστευκεν

275 3536 322 3616 είς
341 3535 380 3602 τό
403 3533 508 3618 ὄνομα
528 3536 805 3620 τοῦμονογενοῦς
826 3535 899 3602 υἱοῦ
921 3538 980 3602 τοῦ
1001 3540 1095 3618 θεοῦ,
1119 3542 1172 3606 καί
1188 3539 1305 3607 πάλιν·
1329 3543 1395 3608 ἰκαί
1411 3537 1488 3628 αῦτη

275 3639 363 3707 ἐστίν
385 3633 404 3726 ἡ
427 3641 533 3723 κρίσις
553 3638 612 3702 τοῦ
633 3634 678 3722 μὴ
700 3635 916 3718 πιστεύοντος
938 3637 985 3718 εἰς
1006 3637 1065 3707 τὸν
1086 3639 1167 3722 υἱόν,
1191 3637 1303 3709 ὅτιτὸ
1326 3645 1399 3732 φιῦς
1419 3641 1490 3729 ἕλη·
1581 3645 1582 3716 λ

275 3742 377 3808 λυθεν
400 3737 447 3818 είς
468 3735 526 3804 τὸν
547 3737 715 3822 κόσμονλ),
745 3741 799 3806 καί
822 3732 879 3807 οῦκ
902 3739 1099 3810 ἐπίστευσαν
1122 3737 1225 3830 αὐτῷ,
1249 3743 1402 3831 όηλονότι
1420 3747 1488 3831 ιτῷ

130 3871 136 3878 ’
191 3843 346 3930 wlff.
391 3835 491 3920 αὐτὸς
511 3840 572 3928 γὰρ
596 3834 636 3909 ἀν
659 3841 709 3929 ε’ίη
730 3839 770 3908 τὸ
793 3844 866 3930 φιῦς
886 3841 925 3909 τὸ
949 3844 1091 3932 φωτίζον
1112 3844 1224 3912 πάντα
1239 3843 1487 3934 ἀνθρωποντὸν

277 3943 448 4033 ἐρχόμενον
471 3944 518 4022 είς
539 3942 597 4010 τόν
618 3942 742 4030 κόσμον
750 3947 783 4027 ⁹),
807 3943 863 4012 καὶ
885 3941 963 4014 όσον
977 3945 1094 4036 χρόνον
1110 3944 1167 4013 ἐπί
1182 3949 1255 4034 ιγῆς
1271 3943 1396 4037 ὑπῆρχε
1407 3947 1486 4016 κατὰ

329 4151 353 4214 ι)
370 4153 436 4203 ιω..
458 4151 498 4214 12,
517 4151 625 4204 οο-ω.
679 4152 781 4212 κίοσι.
802 4131 841 4209 λι.
862 4151 942 4204 1221.
994 4154 1099 4212 anona.
1120 4154 1217 4216 15,22.
1271 4155 1373 4217 ηοω,
1394 4153 1484 4216 ιτα.

277 4219 388 4340 ῗέίοιοθα
405 4220 429 4282 3,
446 4219 558 4351 gil-⁰³3
578 4290 600 4349 1,
618 4219 651 4338 93)
670 4222 734 4270 loun.
756 4219 795 4282 12,
814 4219 854 4270 47.
873 4221 913 4271 45.
983 4222 1008 4281 ’ίί
1027 4223 1092 4274 loun.
1113 4221 1152 4286 12,
1170 4223 1211 4274 44.
1230 4221 1271 4274 47.
1342 4223 1445 4284 sunan.
1463 4223 1485 4285 3,
1581 4239 1582 4306 η

310 4457 332 4492 ε.
349 4441 421 4492 Basil.
441 4449 464 4492 et
481 4441 570 4506 λοςΙίι.
590 4431 699 4492 ἀκούεις.
947 4456 965 4490 ε.
991 4439 1031 4490 Sic
1054 4441 1140 4504 Regius
1158 4451 1181 4493 ει
1199 4443 1300 4506 Seguer.
1334 4443 1379 4494 Alii
1396 4458 1446 4494 τιτι
1465 4453 1488 4496 εί

310 4510 333 4560 b.
353 4509 408 4572 ίίες.
427 4510 527 4572 8εςοοτ.
545 4509 617 4558 Βωίί.
636 4514 660 4556 οι
676 4505 766 4568 Αορίίο.
783 4500 860 4572 γενύ-
913 4507 968 4558 editi
986 4500 1049 4574 ἔφη.

277 4587 360 4629 σεται.
396 4579 474 4630 Celeri
493 4587 516 4628 εί
538 4576 595 4627 edili
612 4567 725 4640 ἐγένετο.
946 4577 969 4627 d.
988 4577 1044 4641 3ος.
1060 4579 1157 4642 Seguer.
1175 4579 1247 4629 Βιείί.
1266 4577 1388 4643 είλοςίία
1406 4579 1488 4631 addunt
