3258 5276
565 417 673 462 onsrro
689 417 709 462 r.
727 419 843 463 cornus
857 419 992 464 tauros.
1330 407 1393 472 273

163 578 251 632 reutu
272 567 429 650 indigeret.
473 567 510 629 At
530 559 619 630 Verbi
652 567 794 631 adrentus
816 569 912 631 Patris
935 589 1011 650 opus
1033 572 1165 650 perfecit.
1210 571 1286 636 Hinc
1306 583 1478 638 eutearsas.

162 671 199 733 ab
221 669 314 733 Adara
341 671 382 732 cd
410 669 544 751 Moysem
570 687 656 732 mors
685 669 803 748 quidem
833 676 992 749 reqnaoit,
1025 673 1077 732 sed
1105 673 1192 735 Verbi
1225 677 1395 754 praesentia

160 779 290 835 mortem
310 771 432 851 penitus
455 771 612 846 desuunit,
635 788 692 830 nec
713 770 839 850 amplius
861 771 893 831 in
915 771 1007 831 ddam
1030 772 1190 844 morimur,
1214 777 1265 834 sed
1289 795 1393 838 omnes

161 873 192 934 iu
214 873 334 936 Christo
357 872 416 933 rita
438 873 593 934 donamur.
637 870 795 932 Praeterea
817 881 902 932 autea
931 871 1033 932 aDan
1062 889 1157 950 usque
1185 873 1220 932 ad
1248 874 1393 938 Bersabee

158 974 207 1035 lex
230 973 449 1052 divulgabatur,
481 981 570 1052 atque
599 971 630 1032 in
658 972 722 1034 sois
743 971 852 1034 Iudaea
873 977 964 1033 notus
977 979 1051 1046 ‚erat
1073 971 1168 1046 Deus3
1197 991 1277 1034 nunc
1296 985 1476 1044 autemnon

158 1081 193 1138 in
215 1094 332 1138 omnem
355 1079 589 1156 terramem'cit
611 1092 706 1136 sonus
729 1091 851 1144 earnm,
875 1083 906 1135 et
927 1075 1025 1135 omnis
1048 1083 1128 1136 terra
1151 1073 1204 1136 Dei
1227 1076 1395 1153 cognitione

158 1186 208 1240 est
228 1175 357 1257 repieta,
387 1183 550 1256 gentesque
579 1175 734 1236 universas
764 1174 910 1236 edocuere
932 1175 1091 1254 Discipuli,
1126 1195 1160 1236 ac
1188 1175 1316 1255 denique
1339 1177 1396 1238 boc

158 1288 296 1359 tempore
324 1277 396 1338 illud
424 1277 595 1357 Scripturas
626 1275 779 1355 impletum
807 1287 870 1337 est:
904 1276 1007 1339 Erant
1035 1295 1136 1340 omens
1170 1279 1253 1340 docti
1278 1297 1297 1338 a
1318 1277 1393 1340 neo.

159 1379 277 1442 Etenim
299 1397 375 1459 quac
398 1385 469 1441 tunc
490 1377 610 1458 quidem
631 1375 822 1457 apparebant,
845 1395 945 1438 merae
959 1387 1045 1439 erant
1058 1379 1178 1456 figurae,
1202 1397 1283 1440 nunc
1296 1388 1394 1440 autem

160 1483 224 1561 ipsa
245 1481 390 1561 patefacta
412 1479 521 1542 veritas
545 1486 606 1554 est,
637 1478 718 1558 quod
739 1477 901 1557 Apostolus
924 1485 1028 1557 postea
1050 1479 1228 1541 luculentius
1250 1480 1316 1559 ipse
1339 1499 1392 1542 ex-

158 1582 249 1662 plicat
269 1581 318 1643 bis
341 1581 459 1644 verbis:
483 1581 521 1643 In
544 1590 665 1642 tanturn
682 1583 926 1660 praestantioris
950 1583 1124 1643 testamenti
1143 1599 1275 1661 sponsor
1289 1583 1391 1662 sactus

160 1695 207 1747 est
228 1683 332 1753 lesns,
361 1692 391 1744 et
412 1699 535 1744 rursus:
564 1681 652 1743 Nunc
681 1691 782 1744 antem
809 1679 1009 1742 eccellentins
1031 1686 1161 1744 sortitas
1190 1694 1236 1744 est
1256 1687 1393 1747 ministe-

160 1787 254 1857 rinnt,
277 1794 390 1862 quanto
413 1793 441 1844 et
460 1785 702 1862 praestantioris
726 1785 898 1843 testamenti
917 1784 1068 1845 mediator
1082 1791 1136 1853 est,
1160 1784 1239 1864 qnod
1252 1788 1286 1844 in
1298 1803 1393 1863 prae-

162 1883 365 1945 stantioribus
385 1881 640 1961 promissionibus
663 1885 813 1944 sanatam
834 1891 889 1942 est.
926 1881 1005 1944 Nam
1019 1883 1098 1944 nibil
1117 1883 1158 1944 ad
1173 1883 1394 1962 perfectionem

161 1983 291 2048 adducit
313 1980 379 2054 iem,
408 1981 461 2044 sed
483 1988 551 2043 erat
570 1983 756 2044 introductio
779 1987 846 2062 spei
860 1987 1120 2063 praestantioris,
1143 1992 1174 2045 et
1193 1983 1282 2063 paulo
1303 1992 1390 2063 post:

159 2085 288 2148 Necesse
308 2092 356 2145 est
376 2099 448 2162 erpo
471 2081 660 2163 eaernpiaria
683 2083 855 2147 caelestium
878 2085 924 2148 bis
945 2087 1099 2162 mandari,
1122 2091 1190 2166 ipsa
1210 2097 1310 2149 autern
1326 2103 1394 2150 cae-

161 2185 250 2248 lestia
267 2184 549 2266 praestantioribus
571 2185 678 2248 bestiis
700 2204 789 2268 qnam
804 2189 883 2248 istis.
928 2186 1038 2248 Vocem
1053 2185 1141 2260 igitur
1152 2191 1392 2266 praestantioris

159 2286 209 2348 bic
229 2293 259 2348 et
278 2305 334 2366 per
355 2293 451 2348 totum
471 2285 622 2366 Epistulae
644 2296 816 2349 contextum
831 2286 970 2358 domino,
993 2286 1042 2366 qui
1057 2287 1257 2368 praestantior
1272 2295 1303 2350 et
1315 2289 1391 2350 alius

161 2392 208 2448 est
233 2407 250 2449 a
276 2387 367 2450 rebus
395 2387 497 2462 iactis,
527 2387 671 2452 attribuit.
716 2387 871 2466 Siquidem
899 2389 1099 2468 praestantius
1129 2397 1175 2450 est
1203 2390 1390 2463 sacrificium,

158 2487 238 2569 quod
258 2490 431 2571 peripsum
452 2490 622 2570 peragitur,
654 2489 857 2568 praestantior
883 2509 969 2571 spes,
1002 2510 1077 2572 quae
1106 2491 1136 2551 in
1159 2509 1195 2551 eo
1218 2490 1390 2563 collocatur,

157 2608 191 2652 ac
210 2593 369 2672 promissa,
393 2609 470 2669 quac
491 2589 582 2650 nobis
603 2605 659 2668 per
679 2587 762 2650 illum
785 2597 854 2652 sunt
874 2593 959 2668 iacta,
983 2611 1046 2655 nou
1070 2601 1103 2654 ut
1118 2609 1221 2670 magna
1237 2608 1304 2651 eum
1319 2592 1391 2666 par-

155 2691 201 2752 vis
223 2699 445 2772 comparantur,
469 2689 579 2748 redut
601 2688 717 2750 diversa
738 2691 774 2752 ab
796 2693 862 2755 aliis
885 2698 1001 2770 ustura,
1024 2693 1095 2773 quia
1115 2693 1161 2766 is,
1185 2691 1236 2770 qui
1257 2691 1317 2749 ista
1338 2687 1392 2750 ad-

157 2791 347 2864 ministrarit,
369 2789 461 2849 rebus
482 2787 565 2850 facus
588 2797 635 2850 est
656 2793 865 2870 praestantior.

196 3064 224 3088 '⁸
247 3091 299 3154 60.
342 3088 406 3150 Iam
432 3105 504 3149 vero
532 3087 612 3167 quod
640 3087 761 3151 dicitur:
795 3092 899 3170 iaetus
929 3100 977 3150 est
1002 3103 1151 3167 sponsor,
1187 3085 1393 3167 sponsionem,

160 3208 249 3271 qoam
270 3189 320 3252 iiie
340 3203 397 3270 pro
420 3189 507 3252 nobis
528 3189 614 3264 iecit,
647 3190 803 3268 significat.
848 3187 1104 3262 Quemadmodum
1133 3187 1211 3248 enim
1233 3185 1297 3261 ilio,
1326 3207 1392 3250 cum

158 3292 288 3354 Verbum
310 3299 408 3364 essct,
437 3309 505 3352 caro
534 3293 630 3358 iactus
653 3298 718 3364 est,
745 3292 880 3370 hocque,
910 3291 989 3370 quod
1016 3290 1142 3352 dicimus
1172 3291 1281 3351 iactum
1310 3308 1389 3364 esse,

157 3393 241 3456 carni
255 3391 454 3454 adscribimus
476 3393 561 3468 (baec
577 3393 656 3454 enim
671 3393 747 3454 iacta
770 3399 800 3454 et
822 3401 919 3454 creata
942 3396 1010 3470 est),
1034 3393 1073 3454 ita
1096 3391 1183 3453 etiam
1205 3393 1280 3453 baec
1301 3391 1389 3454 dictio

156 3494 259 3574 saetas
282 3503 329 3556 est
350 3493 430 3554 iuxta
452 3493 612 3557 secundam
635 3493 883 3576 significationem
899 3491 948 3555 hio
962 3503 1009 3555 est
1022 3493 1222 3573 intelligenda,
1245 3500 1391 3572 quatenns

155 3593 292 3656 videlicet
312 3595 407 3658 iactus
428 3595 520 3656 homo
543 3603 601 3656 est.
644 3595 789 3657 Norerint
808 3595 936 3676 proinde
957 3596 1124 3675 pertinaces
1153 3593 1309 3668 homines,
1337 3613 1390 3655 va-

155 3715 229 3758 num
250 3714 369 3776 quoque
399 3715 522 3777 pravum
550 3697 609 3762 hoc
635 3697 755 3760 illorum
776 3706 976 3759 commentum
999 3717 1084 3772 esse3
1113 3695 1236 3758 audiant
1255 3693 1390 3768 Paulum,

157 3797 206 3860 eui
226 3797 502 3877 perspectissimum
524 3807 602 3872 erat,
625 3817 694 3861 eum
717 3808 747 3861 et
767 3798 873 3860 Filium
895 3818 931 3861 ac
952 3798 1146 3878 sapientiam,
1179 3793 1388 3875 splendorem-

157 3915 215 3978 que
238 3906 268 3959 et
288 3897 447 3978 imaginem
469 3897 566 3960 Patris
589 3917 668 3972 esse,
690 3899 813 3961 minime
834 3900 882 3960 bis
904 3899 1006 3960 verbis
1021 3897 1189 3976 significare
1204 3895 1390 3960 eiusiaatam

157 3999 253 4060 inisse
273 4007 427 4074 neutram,
460 3997 514 4060 sed
541 4016 606 4059 cam
628 3998 789 4060 dictionem
810 3999 925 4059 reterre
947 3997 984 4059 ad
1005 3995 1178 4058 testamenti
1199 3995 1390 4060 admittistra-

157 4225 261 4296 etumox
279 4231 333 4268 com
351 4219 410 4282 lisg.
428 4211 510 4284 aas&
526 4210 750 4283 wistreupya'ac.
839 4217 862 4267 b.
882 4217 938 4296 Reg.
964 4208 1001 4296 qia
1026 4205 1120 4295 ἄλλωνς
1134 4284 1139 4294 Ι
1155 4215 1209 4294 ider
1227 4215 1290 4294 idgm
1309 4223 1333 4265 et
1350 4215 1392 4265 aiii

157 4283 203 4335 din
224 4293 248 4336 et
265 4286 322 4336 editi
340 4277 439 4352 ἔγγυος
456 4277 471 4334 ὅ
488 4277 547 4341 ortis
565 4281 751 4354 castrogunt-
803 4299 862 4366 mqs.
880 4295 951 4364 apoc
968 4277 1042 4334 αλλα,
1077 4284 1143 4364 Εάιιι
1156 4295 1228 4400 raquo
1245 4275 1332 4335 addan

155 4352 306 4420 reupystar.
803 4411 816 4432 r
835 4367 851 4402 ι.
870 4353 911 4402 Sic
934 4367 993 4402 mss.
1035 4352 1065 4402 tt
1087 4353 1144 4401 editt
1163 4367 1175 4400 ι
1195 4352 1254 4428 dom
1270 4344 1318 4398 rat
1335 4355 1391 4412 poet

191 4453 210 4504 r.
228 4453 301 4504 nau
321 4444 401 4505 aare
418 4447 449 4504 tt
465 4447 627 4507 austum.
800 4431 915 4539 ‘⁷qu
932 4413 1272 4550 gssssssss⁰⁸²fi⁰ffissffiffffifi
1282 4411 1390 4546 ζέζὶξζ

192 4568 216 4616 r.
239 4555 361 4618 dngticsu.
391 4549 469 4625 παρὰ
497 4553 601 4608 ταῦτα·
629 4550 664 4608 rd
690 4547 747 4625 cipes
797 4565 893 4604 rauca.
931 4555 1033 4616 Segusr.
1058 4547 1104 4601 rat
1126 4543 1249 4602 irretitis
1264 4547 1389 4616 γέγονεν,

33 4673 37 4680 ,
155 4620 297 4688 κρείττων.
798 4613 843 4672 ἵνα
860 4615 906 4672 sai
923 4620 1014 4670 sotira.

195 4709 323 4758 trmrssn
333 4719 467 4758 armosos.
481 4722 530 4757 ιιι.
1033 4767 1037 4774 ,
1155 4701 1187 4752 ¹⁸
