3258 5276
253 385 317 450 256
649 401 1086 448 τ.ιττιιωειιιτιατιτνιεαοει

165 564 243 610 εισι.
252 545 363 633 κύριος
385 543 403 611 ό
426 541 564 632 ἀγαπῶν
587 547 795 634 δικαιοσύνην
816 546 873 614 καὶ
893 552 1005 632 μισῶν
1023 545 1244 635 ·ἀρπάγματα
1259 549 1295 630 ἐξ
1308 548 1441 634 ἀδικίας
1449 561 1479 636 ¹).

251 641 273 712 ῦ
300 653 409 713 τοίνυν
437 643 570 733 κάκεῖνα
598 642 797 733 τῦιόήματα
819 643 989 732 ῶςμαῦτα
1012 648 1304 734 ἐκλαμβανέτωσαν
1327 654 1480 743 (καὶγὰρ

250 741 384 834 κάκεῖνα
411 749 489 833 περί
517 750 575 833 τῆς
604 747 729 826 εἰκόνος
758 751 817 814 τοῦ
839 751 923 814 θεοῦ
945 754 1159 833 γέγραπται),
1189 745 1210 836 ἢ
1230 751 1286 818 καὶ
1306 757 1411 822 ταῦτα
1433 752 1480 836 ῶς

249 847 358 916 ἐκεῖνα
378 850 484 926 κακῶς
507 847 738 932 διανοούμενοι
758 847 901 932 τρεπτὸν
916 851 970 914 καὶ
985 847 1042 915 τὸν
1057 855 1188 935 πατέρα
1209 850 1479 922 Ι’ἐπινοείτωσακ

250 947 279 1014 εί
301 947 338 1014 δὲ
360 947 415 1013 καὶ
435 946 538 1031 μόνον
560 942 691 1014 ἀκούειν
713 951 810 1014 τοῦτο
834 947 994 1033 λεγόντων
1018 949 1138 1033 ἑτέρων
1161 945 1219 1016 οῦκ
1241 951 1331 1018 ἐστιν
1347 947 1481 1022 ἀκίνδυ-

249 1069 322 1128 νον,
346 1047 403 1116 διὰ
423 1051 523 1114 τοῦτο
544 1050 652 1128 καλῶς
674 1048 902 1131 διανοούμεθα
923 1048 962 1114 τὸ
984 1049 1222 1134 λέγεσθαιτὸν
1244 1051 1329 1120 θεὸν
1351 1054 1479 1122 δικαιο-

249 1147 350 1228 σύνας
372 1143 505 1236 ἀγαπᾷν
527 1151 581 1216 καί
601 1159 714 1232 μισεῖν
736 1145 939 1235 ἁρπάγματα
961 1149 998 1230 ἐξ
1019 1143 1157 1229 ἀδικίας,
1182 1147 1241 1234 οῦχ
1263 1148 1309 1232 ῶς
1331 1152 1390 1222 ἐπὶ
1411 1155 1479 1222 θά-

246 1274 326 1335 τερα
347 1249 455 1337 ῥοπήν
478 1250 608 1333 ἐχοντος
629 1246 730 1316 αῦτοῦ
752 1252 807 1316 καί
831 1250 977 1318 δεκτικοῦ
1000 1253 1075 1318 ·τοῦ
1098 1249 1258 1332 ἐναντίου,
1282 1249 1365 1332 ῶςτε
1379 1259 1478 1322 τοῦτο

245 1350 305 1434 μὲν
329 1349 538 1436 ἐκλέγεσθαι,
567 1350 670 1418 έκεῖνο
694 1349 731 1418 δὲ’
750 1350 796 1436 μή
820 1351 1011 1436 αἱρεῖσθαι,
1040 1353 1139 1418 τοῦτο
1160 1351 1222 1437 γάρ
1244 1356 1311 1420 τῶν
1333 1360 1476 1443 γενητῶν

244 1448 332 1518 ἰ’διόν
361 1449 466 1518 ἐστιν·
495 1445 564 1518 ἀλλ’
595 1446 650 1518 ῦτι
676 1445 722 1530 ῶς
749 1447 861 1536 κριτὴς
888 1450 965 1530 τοῦς
992 1453 1053 1535 μὲν
1081 1451 1229 1532 δικαίους
1250 1449 1386 1542 ιιἀγαπῶ
1412 1459 1467 1522 καὶ

244 1550 548 1638 προςλαμβόνεται,
579 1555 646 1620 τῶν
674 1551 710 1618 δὲ
732 1549 869 1639 φαύλων
889 1550 1018 1636 μιαρὰν
1038 1557 1173 1637 γίνεται.
1218 1547 1404 1622 ἀκόλουθον
1425 1549 1477 1638 ἀν,

246 1652 296 1739 εἴη
318 1655 372 1719 καί
394 1651 474 1739 περὶ
494 1655 553 1740 τῆς
575 1650 700 1730 εἰκόνος
721 1654 780 1716 τοῦ
797 1653 881 1718 θεοῦ
896 1654 1037 1718 τοιαῦτα
1051 1664 1150 1734 νοεῖν,
1171 1649 1224 1720 ότι
1238 1651 1342 1733 οῦτως
1357 1650 1472 1742 ἀγαπᾳ

160 1755 300 1820 καλιαί
328 1757 429 1838 μισεῖ.
474 1752 628 1846 τοιαύτην
655 1752 716 1839 γὰρ
747 1745 833 1818 εἶναι
853 1749 929 1838 οτήν
958 1750 1060 1839 φύσιν
1087 1757 1147 1842 τῆς
1168 1753 1292 1833 εἰκόνος
1312 1756 1379 1834 δεῖ,
1403 1751 1476 1834 οἷός

247 1853 337 1922 ἐστιν
366 1849 384 1919 ό
413 1853 534 1940 ταύτης
561 1852 687 1938 πατήρ,
715 1845 775 1938 κάν
799 1851 832 1917 οἱ
849 1846 1016 1939 Ἀρειανοὶ
1040 1849 1086 1931 ῶς
1107 1855 1231 1942 τυφλοὶ
1251 1854 1334 1942 μήτε
1353 1854 1474 1942 ταύτην

244 1954 327 2042 μήτε
349 1951 430 2020 ἀλλο
451 1978 486 2020 τι
506 1956 573 2020 τῶν
595 1949 701 2021 θείων
721 1952 842 2037 λογίων
863 1954 1043 2035 βλέπωσιν.
1089 1953 1300 2036 ’ἐκπεσόντες
1322 1956 1385 2042 γὰρ
1406 1959 1474 2022 τῶν

245 2049 315 2124 ἀπὸ
337 2053 475 2139 καρδίας
496 2047 604 2120 αὐτῶν
626 2052 761 2120 ἐννοιῶν
782 2053 909 2136 μᾶλλον
932 2054 969 2120 δὲ
990 2059 1185 2139 παρανοιῶν
1201 2055 1258 2122 ἐπὶ
1273 2054 1357 2143 ῥητὰ
1370 2057 1476 2122 πόλιν

244 2157 310 2220 τῶν
332 2159 437 2220 θείων
458 2157 595 2241 γραφῶν
616 2152 887 2240 καταφεύγουσιν,
911 2152 960 2232 είς
982 2151 1003 2219 ἀ
1024 2157 1079 2219 καὶ
1101 2149 1187 2221 αῦτά
1208 2155 1365 2241 συνήθως
1380 2153 1475 2224 ἀναι-
1504 2155 1509 2165 ’

245 2255 447 2340 σθητοῦντες
469 2249 527 2336 ούχ
549 2249 654 2338 όρῶσι
674 2252 731 2320 τὸν
754 2252 788 2322 ἐν
809 2251 940 2331 τούτοις
959 2256 1049 2333 νοῦν,
1072 2247 1162 2320 ’ἀλλ’
1187 2250 1233 2333 ῶς
1254 2255 1377 2324 κανόνα
1397 2256 1475 2326 τινὰ

245 2353 303 2439 τήν
326 2354 413 2421 ἰδίαν
436 2348 589 2440 ἀσέβειαν
610 2359 750 2438 θέμενοι
770 2352 857 2439 πρὸς
874 2356 992 2420 τοῦτον
1006 2351 1118 2420 πάντα
1134 2353 1177 2421 τὰ
1191 2361 1274 2422 θεῖα
1288 2357 1385 2444 λόγια
1400 2359 1474 2426 δια-

245 2461 455 2543 στρέφουσιν.
488 2455 537 2524 ιοῖ
566 2480 653 2534 τινες
680 2458 734 2522 καλ
761 2454 865 2539 μόνον
888 2448 973 2522 αῦτὰ
995 2455 1220 2540 φθεγγόμενοι
1241 2451 1338 2525 οῦδὲν
1361 2459 1472 2542 ἕτερον

244 2549 374 2624 ἀκούειν
398 2556 482 2624 εἰσὶν
504 2553 595 2636 ἀξιοι
614 2553 636 2644 ή
646 2575 652 2590 ·
675 2557 856 2624 πλανᾶσθε
876 2555 922 2642 μή
946 2553 1070 2634 εἰδότες
1091 2554 1151 2634 τὰς
1170 2555 1300 2644 γραφὰς
1313 2558 1398 2644 μηδὲ
1412 2555 1472 2644 τήν

244 2655 382 2743 δύναμιν
404 2660 462 2724 τοῦ
486 2660 570 2724 θεοῦ
577 2659 610 2738 ²),
633 2650 674 2724 ἀν
697 2655 733 2722 δέ
754 2653 812 2721 καὶ
832 2654 1047 2740 λέπιμένωσι,
1064 2656 1167 2724 πόλιν
1182 2657 1404 2744 ἐντρέπεσθαι
1417 2657 1473 2724 καί

244 2751 389 2826 ἀκούειν·
424 2752 572 2825 ἀπόδοτε
603 2756 646 2823 τὰ
676 2759 735 2822 τοῦ
769 2751 955 2839 ἀνθρώπου
983 2760 1031 2843 τῷ
1060 2751 1233 2846 ἀνθρώπῳ
1261 2761 1315 2826 καί
1345 2758 1387 2826 τὰ
1412 2761 1473 2825 τοῦ

242 2863 326 2928 θεοῦ
349 2862 396 2946 τῷ
418 2861 530 2945 θεῷλ).

328 2967 378 3028 53.
422 2966 454 3026 Γ
453 2957 623 3046 εγράφθαι
643 2962 771 3036 τοίνυν,
795 2961 916 3043 φασίν,
940 2955 974 3024 ἐν
995 2957 1057 3042 μὲν
1078 2967 1154 3037 ταῖς
1174 2965 1390 3044 παροιμίαις·
1418 2958 1475 3026 κό-

242 3084 315 3146 ριος
336 3061 443 3128 ἐ’κτισέ
463 3085 506 3144 με
527 3056 626 3148 ἀρχήν
649 3051 736 3124 όδῶν
759 3050 861 3124 αὐτοῦ
868 3139 871 3146 ¹
884 3055 932 3134 είς
954 3056 1032 3142 ἐργα
1053 3053 1194 3138 αὐτοῦ’),
1217 3057 1252 3126 ἐν
1274 3059 1311 3125 δὲ
1331 3063 1372 3146 τῇ
1388 3059 1475 3144 πρὸς

239 3155 409 3244 Ἑβραίους
431 3160 607 3248 ἐπιστολῇ,
637 3161 696 3226 τοῦ
720 3151 913 3226 ἀποστόλου
936 3158 1103 3241 λέγοντος·
1131 3157 1295 3245 ίτοσούτῳ
1317 3165 1473 3244 κρείττων

242 3257 416 3342 γενόμενος
436 3264 502 3328 τῶν
525 3255 685 3346 ἀγγέλων,
710 3254 780 3346 ὅσῳ
802 3258 1053 3346 διαφορώτερον
1074 3252 1153 3343 παρ’
1178 3253 1300 3338 αὐτοὺς
1320 3262 1474 3348 κεκληρο-

242 3355 380 3444 νόμηκεν
403 3356 556 3444 ἀνομαλγ,
579 3357 635 3426 καὶ
656 3353 725 3443 μετ’
750 3354 862 3443 ὀλίγα·
893 3354 991 3436 ὅθεν,
1023 3354 1164 3445 ἀδελφοὶ
1194 3355 1299 3444 ἅγιοι,
1328 3359 1473 3444 κλήσεως

243 3456 444 3544 ἐπουρανίου
464 3464 608 3543 μέτοχοι,
631 3457 855 3542 κατανοήσατε
877 3456 935 3525 τὸν
958 3452 1149 3526 ἀπόστολον
1171 3462 1225 3526 καὶ
1248 3457 1398 3545 ἀρχιερέα
1413 3462 1472 3548 τής

242 3553 421 3646 ὁμολογίας
442 3554 535 3647 ήμῶν
554 3556 693 3648 Ἰησοῦν,
717 3557 839 3624 πιστόν
863 3553 945 3624 όντα
965 3562 1013 3647 τῷ
1035 3561 1216 3646 ποιήσαντι
1237 3555 1385 3640 αῦτόνἺ,
1417 3562 1472 3626 καλ

242 3657 277 3726 ἐν
304 3670 379 3740 ταῖς
406 3659 550 3748 πράξεσι
578 3661 630 3728 δέ·
657 3657 804 3744 γνωστὸν
825 3647 905 3725 Ι·οῦν
934 3659 1018 3728 ἐστω
1040 3663 1146 3728 πᾶσιν
1168 3658 1260 3745 ῦμῖν,
1291 3663 1361 3740 πᾶς’
1383 3655 1474 3740 οἶκος

238 3753 379 3847 Ἰσραήλ,
412 3758 466 3830 ὅτι
486 3765 541 3830 καὶ
564 3759 689 3848 ικύριον
711 3760 766 3825 καὶ
780 3758 930 3845 Χριστὸν
952 3757 1108 3846 ἐποίησεν
1131 3757 1150 3825 ό
1170 3760 1254 3840 θεὸς
1275 3765 1392 3828 τοῦτον
1414 3759 1472 3828 τὸν

313 3931 337 3991 1)
355 3925 410 3983 Εεῦ.
430 3933 472 3996 61,
491 3933 515 3985 8.
601 3933 627 3994 2)
646 3931 727 3982 Mnuh.
746 3930 789 3993 22,
807 3930 848 3982 29.
935 3931 961 3993 3)
980 3933 1062 3984 Ιιῑιῦ.
1079 3931 1121 3994 22,
1140 3931 1180 3982 21.
1254 3931 1366 3994 ⁴)Prov.
1386 3931 1411 3994 8,
1429 3932 1472 3984 22.

241 3997 268 4060 ⁸)
287 3999 360 4049 δεδι.
381 4000 402 4050 1.
420 4001 445 4052 λ.
505 4001 531 4061 6)
549 4002 622 4052 ΗιΙνι.
641 3999 666 4061 3,
688 4001 709 4050 1.
727 3998 752 4050 2.

274 4129 296 4164 ι.
315 4115 415 4178 διςαετ.
434 4115 714 4178 Βερ.ῦαο1ετ.ἐ“ε1ελω.
728 4117 750 4165 1.
769 4117 828 4166 eth.
880 4113 1040 4167 νοείτωσαν.
1085 4117 1147 4166 Εδίιί
1166 4125 1189 4166 ει
1206 4116 1246 4166 alii
1272 4107 1472 4175 ἐπινοήσασαν.

241 4174 411 4250 ἁρπάγματα
435 4171 548 4235 ἀδικίας.
583 4185 611 4232 A!
634 4183 724 4238 Anulic.
743 4174 829 4245 ἆρπᾶ-
882 4186 956 4234 ΡιυΙο
981 4193 1037 4249 post
1054 4185 1153 4243 Seguer.
1173 4176 1264 4230 διόιοι
1282 4181 1371 4233 τοῦτο.

239 4261 334 4316 γματυι
351 4244 381 4306 ἐξ
397 4241 503 4301 ἀδικίας
520 4257 546 4298 σι
564 4256 587 4297 ει
605 4249 707 4296 habetur
723 4249 829 4308 Εεν.61,
915 4267 936 4300 ε.
955 4253 995 4299 Sic
1013 4253 1113 4311 Seguer,
1133 4252 1188 4312 Ιίες.
1207 4251 1305 4300 Gohler.
1324 4252 1341 4298 F
1344 4251 1431 4300 elckm.
1450 4253 1473 4300 1.

241 4317 265 4367 8.
298 4319 343 4368 ΑΙίἰ
360 4333 417 4369 vero
443 4325 466 4366 ει
490 4315 563 4365 editio
582 4313 725 4365 Commelin·
744 4305 831 4380 ἆρπά·
882 4327 906 4366 ει
923 4317 947 4366 5.
982 4317 1008 4365 λα
1027 4317 1081 4364 aliis
1100 4325 1178 4366 ιυιειο
1197 4326 1221 4366 εί
1238 4319 1308 4368 edilis
1326 4315 1376 4365 τοῦ
1394 4319 1472 4368 δεεστ.

238 4397 335 4450 γμττα
352 4379 369 4444 ἢ
386 4375 499 4437 ἀδικίας.
535 4383 594 4432 lbid.
613 4383 713 4441 δέεται.
732 4380 830 4432 Gohler.
915 4383 939 4433 d.
953 4383 994 4432 Sic
1011 4397 1070 4432 ωτι.
1088 4393 1184 4445 prater
1202 4385 1305 4434 Felckm.
1322 4383 1360 4444 2.,
1380 4386 1403 4433 in
1423 4400 1472 4448 ηοο

241 4459 265 4502 ιι
282 4451 387 4504 ῦεΙαλω.
400 4453 422 4502 1.
438 4445 477 4518 μή
496 4444 599 4498 τοίνυν.
882 4459 908 4500 τι
926 4460 950 4500 ει
967 4451 991 4500 in
1010 4451 1080 4498 editis
1098 4451 1133 4498 nic
1151 4451 1252 4512 legitur:
1269 4445 1391 4502 δικαίους
1403 4441 1472 4512 ἀγα-

275 4519 299 4570 b.
317 4523 427 4583 Seguer„
445 4519 542 4572 Gobler.
568 4525 591 4566 ει
616 4513 720 4565 felem,
736 4514 758 4564 1.
776 4505 831 4562 ἐπι-
881 4513 930 4580 πή,
949 4509 1013 4570 τοῦς
1030 4511 1059 4566 δὲ
1077 4507 1186 4572 ἀδίκους
1207 4518 1284 4584 μισεῖ
1298 4511 1344 4566 καὶ
1359 4512 1472 4584 μακρὰν

239 4579 380 4647 νοήσουσι.
415 4589 442 4638 A!
460 4588 517 4648 Βις.
543 4579 754 4637 εδῦεΙυΙιωοοῶ.
773 4573 830 4630 ἐπι-
882 4575 931 4632 λπ’
952 4575 1043 4633 αύτῶν
1059 4579 1173 4650 γίνεται.
