3234 5282
563 394 719 438 onsrronr.
736 393 854 438 nonnas
868 395 1004 438 munos.
1326 377 1389 444 885

161 545 272 610 auditis
292 542 397 606 rerba:
420 541 578 624 Sapientia
599 543 770 624 aedificavit
791 545 851 606 rili
868 548 931 624 ipsi
943 545 1063 608 domurn
1077 553 1106 608 er
1121 549 1221 610 arcer’t
1236 545 1479 608 solemnetenc

161 657 283 729 reptem,
305 645 428 707 domum
449 641 570 722 quidem
589 643 679 704 istam
702 642 858 722 allegorice
879 644 1045 723 explicatis,
1067 663 1167 707 rocem
1190 658 1287 710 autern
1305 665 1394 710 creo-

159 754 207 812 oit
234 747 277 809 uti
306 747 384 808 iacet
416 744 565 823 accipitis,
599 754 687 822 atquo
715 745 751 804 ad
781 744 1028 823 significationem
1057 755 1207 807 creaturae
1229 749 1393 810 transferre

159 848 234 912 nihil
256 845 409 910 dubitatis.
452 845 514 907 Neo
535 845 644 924 aliquid
668 863 739 907 vero
761 845 838 925 apud
862 863 917 906 ros
939 845 1025 917 valet,
1048 845 1127 925 quod
1149 845 1198 906 ille
1219 858 1332 910 creator
1354 847 1395 910 sit

160 960 190 1014 et
212 949 327 1029 opifex,
350 946 489 1026 {nihilque
511 945 679 1008 formidinis
701 946 786 1007 robis
807 945 917 1019 inlicit,
946 947 1025 1026 quod
1047 947 1127 1008 idem
1150 947 1233 1008 solus
1255 947 1395 1026 proprius

161 1051 201 1114 sit
221 1049 319 1112 Patris
340 1049 430 1120 fetus,
453 1045 506 1108 sed
529 1054 641 1109 temere
664 1045 752 1109 veluti
776 1048 897 1109 nomine
919 1055 1023 1109 eontra
1045 1047 1129 1109 illum
1150 1047 1221 1110 dato
1242 1047 1478 1128 pugnatis,r.ns

160 1151 310 1232 vilineque
332 1149 370 1209 de
391 1165 428 1210 eo
451 1165 539 1227 mam
562 1146 599 1208 de
621 1147 793 1210 bominibus
812 1147 940 1210 sentitis.
1018 1183 1022 1193 .

244 1255 298 1315 47.
341 1249 472 1328 Namque
495 1249 553 1309 boo
575 1267 610 1310 en
632 1248 698 1327 ipso
720 1249 787 1310 loco
810 1249 995 1311 convincitur
1015 1267 1131 1311 merum
1154 1255 1286 1310 restrum
1309 1266 1393 1310 corn·

160 1361 294 1416 mentum
317 1369 395 1424 esse,
418 1348 498 1430 qnod
522 1349 681 1411 Dominum
704 1359 835 1428 meatum
858 1369 926 1412 esse
948 1351 1111 1414 affirmatis.
1147 1349 1265 1430 Quippe
1286 1350 1391 1411 [lomi-

159 1473 218 1516 nus
241 1453 350 1525 sciens,
373 1470 457 1514 snam
481 1461 615 1514 naturam
639 1469 707 1514 esse
730 1451 912 1531 unigenitam
935 1451 1109 1530 sapientiam
1126 1451 1283 1531 Patrisque
1300 1453 1393 1515 fetum

160 1565 191 1618 et
211 1555 298 1618 aliam
321 1573 336 1614 a
358 1553 443 1616 factis
465 1563 496 1614 et
517 1571 553 1615 ex
575 1563 679 1616 natura
702 1555 810 1615 creatis
832 1553 940 1625 rebus,
962 1572 1041 1616 nunc
1062 1553 1284 1633 perhumaniter
1305 1552 1392 1616 dicit:

159 1657 310 1720 Dominus
340 1659 456 1717 creavit
484 1673 528 1715 me
558 1659 678 1716 initium
708 1661 831 1718 velerum
853 1675 997 1728 ancwin,
1024 1655 1108 1735 quasi
1132 1655 1244 1716 scilicet
1265 1655 1391 1718 diceret:

162 1755 278 1830 „Palen
300 1773 409 1834 corpus
432 1755 506 1816 mibi
534 1745 673 1833 perfecit,
704 1764 733 1816 et
754 1774 803 1817 me
824 1755 860 1818 ad
883 1755 1019 1819 homines
1042 1776 1099 1837 pro
1121 1757 1276 1818 hominnm
1297 1755 1393 1818 seluto

161 1844 331 1930 „ercarit.“
377 1853 633 1927 Quemadmodum
662 1855 757 1928 enim,
790 1875 857 1918 curn
886 1876 902 1918 a
930 1858 1041 1920 loanne
1074 1857 1229 1920 andimus:
1269 1855 1393 1918 Verbum

160 1973 235 2020 coro
262 1956 379 2034 [ectum
407 1966 468 2028 ast,
498 1974 558 2016 non
582 1963 676 2038 lotum
700 1957 827 2018 Verbum
849 1967 967 2020 carnem
990 1979 1075 2034 esse,
1104 1958 1158 2022 sed
1181 1975 1300 2020 carnem
1323 1963 1390 2019 tan-

158 2056 314 2120 tummodo
346 2057 480 2118 induisse
508 2059 674 2138 factumque
697 2077 765 2121 csse
796 2059 947 2121 bominem
981 2059 1187 2140 intelligimus,
1221 2077 1289 2120 cnm
1321 2057 1391 2121 item
1476 2055 1479 2064 ’

157 2159 313 2222 audimus:
352 2159 492 2222 Cdrirttrs
511 2179 574 2240 pro
597 2147 809 2241 nolr'r'soctue
831 2175 878 2225 cst
898 2161 1103 2233 meledictum,
1136 2169 1180 2224 et:
1218 2160 1309 2234 Eum,
1338 2163 1392 2244 qni

157 2280 222 2324 non
244 2270 374 2324 nonem
398 2271 568 2341 peccatum,
598 2262 669 2342 pro'
683 2263 770 2324 nolis
790 2274 946 2343 peccatone
972 2261 1061 2343 sicit,
1095 2281 1155 2324 non
1185 2263 1272 2326 etiam
1294 2272 1392 2326 torum

157 2361 266 2443 ipsum.
281 2361 470 2442 intelligimus
491 2362 679 2424 maledictum
703 2371 733 2423 et
754 2373 907 2440 peccatum
929 2365 1036 2426 factum
1066 2383 1148 2438 esse,
1181 2365 1234 2426 sed
1256 2373 1392 2426 nostram

154 2464 394 2528 maledictionem
426 2463 569 2526 duntaxat
601 2463 788 2542 suscepisse,
822 2472 854 2526 ul
886 2465 1046 2546 Apostolus
1075 2466 1123 2527 his
1152 2465 1253 2527 verbis
1287 2463 1389 2526 docel:

44 2599 52 2612 ·
156 2565 291 2629 Redemit
312 2584 368 2628 nos
392 2566 427 2626 dc
447 2565 667 2636 maledictione,
691 2573 852 2644 nostraque
874 2577 1012 2646 portasse
1031 2575 1161 2646 peccata,
1185 2572 1217 2627 ut
1232 2565 1272 2624 ait
1286 2563 1391 2636 lsaies,

158 2673 246 2742 atque
268 2683 319 2736 ea,
350 2672 384 2724 ul
406 2664 510 2724 scribit
535 2663 659 2732 Petrus,
693 2677 821 2746 corpore
851 2673 883 2730 in
905 2669 1020 2748 lipnnot
1042 2667 1222 2737 sustulisse,
1255 2663 1392 2726 similiter

159 2781 231 2842 ergo
261 2763 289 2822 si
317 2779 420 2823 rocem
449 2761 565 2825 creabit
585 2765 614 2824 in
637 2765 807 2830 Proverbiis
829 2769 1029 2840 audierimus,
1060 2786 1119 2828 non
1144 2773 1239 2826 totum
1261 2761 1391 2824 Verbum

157 2871 325 2926 creaturam
348 2879 428 2935 esse,
451 2864 503 2924 sed
526 2877 655 2928 creatum
678 2867 812 2931 induisse
835 2887 944 2947 corpus
960 2867 1185 2946 intelligendum
1201 2874 1257 2937 est,
1278 2862 1390 2924 lleunr·

157 2982 218 3044 que
239 2981 295 3042 pro
318 2960 407 3022 nobis
429 2962 528 3042 ipsum
552 2983 678 3040 creasse,
701 2977 731 3028 et
752 2969 796 3029 illi
818 2977 950 3030 meatum
973 2984 1084 3045 corpus
1107 2965 1203 3026 nostri
1225 2981 1324 3034 causa,
1343 2962 1390 3034 ,uti

159 3064 305 3142 scriptum
334 3073 396 3134 est,
425 3065 605 3143 perfecisse,
633 3075 665 3127 ut
693 3069 724 3128 in
747 3069 814 3146 ipso
837 3067 978 3128 renovari
993 3065 1096 3144 ⁴diiqn'e
1119 3064 1197 3126 effici
1217 3081 1389 3144 possemus.
1460 3115 1464 3126 .

160 3164 239 3237 Quid
262 3163 353 3243 igitur
373 3183 480 3237 ros,·o
501 3166 617 3239 insani,
640 3168 715 3230 adeo
738 3167 849 3240 fefellit,
873 3178 906 3229 ut
927 3167 1096 3230 Creatorem
1119 3173 1284 3230 creaturam
1306 3163 1388 3228 diee-

155 3264 255 3327 retis?
297 3267 355 3327 dut
381 3267 460 3328 unde
488 3285 597 3328 novum
626 3269 684 3330 boe
715 3276 915 3332 commentum
938 3269 1022 3330 robis
1045 3267 1118 3349 ipsis
1141 3263 1335 3347 comparastis
1355 3266 1389 3328 in

157 3383 253 3446 eoque
289 3365 503 3446 triumphatis?
538 3367 702 3432 Piorerbia
731 3371 851 3450 quidem
881 3370 1039 3432 dictionem
1069 3375 1184 3433 creavit
1204 3369 1329 3443 behem,
1358 3376 1389 3430 at

186 3585 205 3632 f.
230 3583 330 3646 Sequar.
356 3584 454 3636 Gobler.
478 3593 501 3635 et
525 3587 629 3638 relatu.
656 3589 677 3638 l.
697 3580 747 3638 ads
831 3589 847 3639 l.
866 3589 908 3640 ste
924 3590 1023 3652 Sequar.
1042 3589 1259 3640 conterinum.
1280 3589 1303 3638 f.
1321 3595 1345 3637 et
1362 3588 1387 3638 d.

155 3642 231 3699 ³5¹⁰·
797 3662 824 3706 tt
842 3659 919 3707 eliiet
937 3660 993 3707 editi
1012 3647 1181 3723 ἀκούσωμεν.
1206 3655 1344 3706 Goblarlsn.
1363 3664 1387 3706 et

189 3731 212 3779 ρ.
230 3717 331 3779 Sequor.
356 3709 499 3772 ἀκούοντες
516 3715 546 3770 di
564 3711 608 3770 irc
643 3717 744 3787 ριοιός.
796 3725 900 3774 nereum.
922 3724 943 3774 l.
962 3725 1019 3774 ibid.
1038 3715 1063 3772 el
1081 3717 1224 3787 ἀκούομεν.
1250 3721 1385 3784 llonsrpn.

152 3783 305 3834 Editietalii
325 3777 468 3840 ἀκούοντές
485 3801 522 3842 τε.
539 3735 660 3853 χρισοῦς.
692 3791 744 3842 tter
794 3791 850 3848 lire
877 3791 975 3842 Golrler.
1001 3792 1105 3839 isle-tm.
1126 3791 1148 3837 t.
1168 3788 1192 3839 t.
1212 3796 1235 3837 et
1252 3788 1276 3837 b.
1295 3779 1328 3836 oi
1343 3785 1389 3850 del

153 3851 245 3914 Anglic.
264 3846 313 3899 riv
328 3848 366 3916 μὴ
386 3846 452 3901 ὄντα
472 3847 617 3920 ἅμαριίον.
794 3853 897 3922 κτίσμα
921 3856 954 3922 τῇ
977 3851 1061 3920 qdnst
1085 3847 1150 3902 ὅλον
1172 3854 1250 3904 νοεῖν.
1293 3857 1337 3914 llil
1362 3864 1386 3906 et

146 3939 157 3950 ·
189 3920 389 3982 hostesque.
408 3924 462 3982 fleg,
484 3925 581 3970 noller.
602 3923 744 3973 erretur.
796 3926 869 3972 edituo
889 3922 1006 3971 commel.
1027 3913 1115 3973 etrele
1130 3917 1233 3987 κτίσμα
1251 3919 1283 3988 τῇ
1301 3918 1386 3988 φύσει

150 3989 181 4036 tr
207 3986 246 4035 elii
271 3981 451 4046 erenstein
473 3979 535 4034 καθ’
562 3981 648 4052 ἡμῶν.
693 3990 744 4039 llos
799 3979 863 4036 ὅλον
879 3987 944 4038 νοεῖ.

152 4049 253 4104 Goblcr.
278 4063 302 4104 et
320 4055 426 4106 l'elclrn.
446 4053 467 4105 l.
487 4047 524 4108 alr
541 4049 629 4120 φησὶν
646 4047 661 4102 ὁ
680 4046 746 4102 ἀπό-
833 4072 865 4106 m.
885 4059 925 4104 sle
943 4057 1043 4116 sepner.
1063 4063 1088 4104 nt
1106 4065 1127 4104 et
1139 4057 1247 4107 Nunnius
1266 4057 1331 4118 lenit.
1357 4059 1387 4109 tt

153 4115 258 4173 motae
799 4123 839 4172 alii
864 4131 887 4172 cl
906 4123 962 4170 editi
982 4113 996 4168 d
1014 4115 1079 4176 θεὸς
1103 4115 1141 4177 tir
1164 4116 1249 4206 ipris,
1275 4119 1307 4172 τὸ
1329 4137 1384 4174 κτο-

186 4187 202 4236 i.
221 4188 322 4249 Sequor.
341 4195 365 4238 et
383 4188 439 4250 llrp.
458 4179 635 4256 ἓξογορᾶσος.
797 4183 865 4240 σιὸν
882 4181 966 4255 αὐτῷ,
986 4191 1075 4253 rirpala
1094 4201 1150 4256 port
1168 4191 1246 4259 ημᾶς.

186 4253 210 4304 l.
228 4255 369 4316 Sequerirn.
394 4256 491 4306 Gobler.
512 4257 617 4306 Felrlrm.
639 4257 660 4307 1.
680 4265 703 4307 et
720 4257 745 4307 4.
830 4273 853 4309 n.
872 4260 903 4308 Se
921 4274 970 4308 ner.
990 4250 1006 4318 ἢ
1024 4251 1099 4307 πότε.
1129 4262 1226 4311 llolrler.
1245 4259 1384 4312 etielcltn.

153 4311 308 4384 ἔρᾰοιοξεν.
336 4323 397 4372 fidili
413 4331 435 4374 rt
445 4325 485 4372 alli
497 4316 656 4388 ἐβάστασεν.
683 4325 744 4376 ibid.
791 4273 953 4376 .1.rinire.
981 4327 1039 4388 llap.
1056 4320 1102 4376 sol
1119 4319 1214 4378 πόθεν.
1242 4326 1292 4376 llos
1311 4332 1384 4388 sero.

153 4381 284 4452 Sopatri
308 4385 412 4456 Πέτρος
428 4384 558 4459 ἔγραψεν.
596 4393 700 4442 Felrlrm.
718 4393 743 4443 d
794 4387 900 4450 καινὸν,
920 4403 945 4444 ot
963 4395 1019 4456 lagu
1037 4409 1134 4459 qnoque
1152 4397 1267 4445 Nunnius.
1302 4395 1384 4444 ttttat

152 4445 241 4506 intr
260 4471 290 4510 ος
306 4449 431 4526 ἔγραφεν
475 4461 574 4511 Gobler.
594 4461 699 4511 ielclm.
720 4461 741 4510 Ι.
795 4463 869 4512 editio
887 4457 1106 4512 commonuerim

150 4532 175 4573 el
193 4525 217 4574 b.
236 4469 258 4572 de
270 4520 374 4590 Πέτρος
397 4521 493 4593 φησίν.
534 4528 594 4578 Editi
620 4537 644 4578 at
668 4519 743 4578 alili
830 4545 852 4578 o.
871 4527 969 4588 sepner.
987 4525 1097 4592 λέγουσι
1113 4523 1166 4593 μὲν
1182 4521 1295 4578 ἔκνισεν.
1321 4525 1384 4577 notu

146 4587 256 4659 Πέτρος
273 4581 354 4642 einer.
796 4595 878 4648 stello
895 4592 1004 4662 uranu
1024 4590 1055 4644 τὸ
1073 4588 1185 4644 ἔκτισιν.

185 4679 316 4724 transitu
329 4690 379 4724 ore.
393 4691 465 4724 noan.
479 4692 529 4724 sen.
860 4679 867 4694 ‘
1147 4676 1179 4726 25
