3226 5280
443 415 589 462 nrrsrom
603 417 641 460 os
656 415 799 462 oscum
813 416 958 462 uumerus
974 417 1092 464 sruonr.
1341 405 1383 470 85

150 577 225 632 ιτοιιι
252 583 324 628 sore
352 565 471 628 Patrem
498 575 528 628 et
548 565 653 630 Filium
685 585 755 630 rere
780 567 886 630 Filium
912 577 943 631 et
969 569 1112 648 Spiritum
1143 580 1278 633 sanetum
1311 587 1468 634 reremaas.

149 668 295 750 Spiritum
319 677 464 742 sanctum,
487 676 520 728 ιιι
541 675 571 730 ct
585 667 727 730 Dominus
743 679 858 742 noster,
881 687 949 732 oum
971 688 1045 732 suos
1059 670 1221 750 discipulos
1237 674 1274 735 ad
1288 691 1378 753 prae-

150 768 310 832 dicendum
334 769 480 844 mitteret,
502 769 559 830 ait:
587 768 701 834 Bootes
724 772 825 832 docete
848 788 950 832 οιιιιιιιι
971 781 1090 848 peotes,
1119 772 1305 850 baptizantes
1328 794 1379 840 ees

147 874 182 934 ia
203 873 328 932 ιιοιιιιιιι
348 870 452 932 Pottr'a
475 880 503 932 et
526 869 599 934 Filii
618 881 647 932 ct
669 869 807 952 Spiritus
830 874 940 934 abacti.
985 869 1027 932 lle
1055 871 1163 950 quibus
1186 872 1274 934 etiam
1295 891 1380 936 asse-

150 989 290 1034 reremus
323 989 381 1032 uos
402 969 442 1032 ita
463 970 576 1033 sentire
598 989 631 1032 ac
653 979 738 1032 autea
761 969 896 1030 sensisse
919 977 950 1030 et
971 987 1067 1049 usque
1088 971 1125 1032 ad
1146 979 1275 1034 mortem
1297 973 1383 1036 lidem

151 1073 239 1136 istam
269 1090 339 1134 esse
372 1080 622 1152 propugnaturos.
667 1071 860 1131 anathemate
893 1069 1017 1150 iusuper
1048 1071 1232 1152 percutimus
1265 1091 1384 1136 omnem

151 1173 275 1254 impiam
297 1173 455 1235 baeresim.
499 1171 579 1234 llaec
602 1192 635 1234 es
660 1171 750 1234 corde
772 1181 803 1232 et
824 1171 922 1232 animo
944 1189 1063 1252 semper
1085 1173 1235 1246 sensisse,
1267 1193 1302 1236 ex
1324 1193 1383 1255 quo

151 1273 360 1353 nosmetipsos
382 1273 609 1352 cognoscimus,
641 1283 729 1350 atquc
757 1289 836 1333 nunc
863 1291 898 1334 ex
928 1271 1048 1334 veritate
1074 1275 1187 1336 sondro
1216 1283 1246 1336 et
1274 1275 1384 1350 dicere,

150 1392 256 1436 coram
278 1373 341 1434 Deo
363 1374 569 1454 omnipotente
592 1381 622 1434 et
636 1372 762 1434 llonrino
784 1382 890 1434 nostro
906 1372 973 1434 lesu
989 1373 1109 1436 Christo
1131 1383 1286 1452 testamur,
1307 1395 1382 1458 pns-

151 1493 320 1554 snmusque
341 1475 523 1554 argumentis
545 1474 631 1536 vobis
654 1474 812 1536 ostendere
835 1484 865 1536 οι
885 1475 1081 1554 persuadere,
1104 1495 1160 1542 noo
1184 1479 1271 1540 etiam
1293 1496 1382 1560 prae-

152 1575 250 1636 teritis
274 1576 459 1656 temporibus
482 1577 522 1637 ita
545 1575 708 1636 credidisse
735 1583 765 1636 et
785 1573 934 1636 docuisse.

232 1985 275 2054 .4·
320 1979 382 2042 llac
404 1999 420 2042 a
443 1978 532 2040 nobis
555 1979 689 2058 exposita
711 1979 768 2040 lide
790 1979 862 2041 nulli
884 1988 947 2041 erat
969 1979 1187 2042 contradicendi
1211 1980 1305 2051 lucus,
1333 1979 1387 2042 sed

153 2081 271 2162 primus
295 2081 360 2160 ipse
382 2080 538 2161 piissimus
561 2089 665 2144 noster
679 2080 844 2161 Imperator
866 2078 1033 2142 rectissima
1056 2099 1135 2152 esse,
1158 2101 1232 2160 quae
1246 2081 1295 2143 illa
1310 2099 1385 2142 con-

152 2182 285 2254 tinebat,
314 2191 361 2244 ost
381 2191 526 2256 testatus,
555 2183 657 2264 sicque
684 2203 718 2246 se
750 2202 869 2264 quoque
892 2181 1004 2244 sentire
1027 2181 1183 2244 molossus
1207 2191 1268 2256 est,
1296 2193 1385 2263 atque

152 2301 263 2346 omues
287 2291 333 2344 est
354 2285 538 2360 cohortatus,
571 2295 603 2347 ut
629 2285 706 2348 banc
734 2285 982 2366 amplecterentur
1008 2283 1097 2344 fidem
1124 2283 1230 2362 hisqrte
1251 2283 1384 2348 subscri·

154 2387 263 2448 herent
285 2393 314 2446 et
335 2386 516 2447 assentirent
537 2386 699 2466 dogmatis,
732 2405 789 2450 una
818 2394 931 2448 mutum
954 2384 1067 2446 adiecta
1089 2403 1161 2446 voce
1185 2387 1386 2448 cousubstan-

153 2487 260 2558 tt‘olis,
283 2505 368 2564 quam
390 2488 514 2550 eaodem
538 2487 604 2565 ipse
625 2488 664 2549 ita
687 2497 735 2550 est
755 2487 984 2568 interpretatum
1011 2505 1118 2566 nempe
1140 2505 1199 2548 uon
1222 2486 1386 2550 secundom

155 2605 319 2666 corporum
351 2588 524 2648 affectiones
553 2586 630 2648 banc
651 2605 750 2648 rocem
774 2587 1045 2652 consubstantialis
1067 2605 1134 2650 esse
1156 2587 1387 2666 intelligendam,

157 2705 259 2763 neque
285 2685 373 2762 igitur
399 2685 547 2746 divisione
574 2685 668 2764 aliqua
697 2705 791 2766 neque
821 2688 1006 2750 abscissione
1034 2687 1148 2752 lilium·
1166 2707 1202 2749 ex
1224 2687 1312 2748 l’atre
1335 2703 1388 2746 ex-

163 2785 293 2854 sistere,
315 2802 369 2844 uec
390 2784 469 2846 enlm
492 2783 554 2844 lieri
577 2802 678 2862 posse,
704 2797 738 2848 ιιι
758 2797 860 2850 natura
882 2789 1051 2868 intelligens
1073 2797 1103 2848 et
1124 2787 1302 2864 incorporea
1324 2801 1391 2845 ma·

165 2881 319 2960 teriaeque
341 2901 445 2962 expers
467 2901 628 2962 corporeae
649 2885 735 2946 alicui
756 2887 902 2950 allectioui
924 2887 1108 2960 subiiciatur,
1135 2885 1189 2946 sed
1212 2903 1262 2944 res
1285 2883 1391 2944 huius·

159 2982 248 3046 modi
269 2983 389 3046 nonnisi
412 2980 519 3044 divinis
540 2991 629 3062 atque
643 2984 891 3064 inexplicabilibus
905 2985 1072 3050 rationibus
1088 3003 1155 3046 esse
1171 2982 1391 3061 concipiendas.

157 3085 204 3146 lta
228 3083 348 3164 quidem
372 3083 541 3146 disserebat
561 3084 802 3164 sapientissimus
824 3093 854 3148 et
875 3083 1119 3164 religiosissimos
1141 3083 1321 3164 lmperator;
1349 3083 1391 3146 illi

156 3193 258 3248 autem
288 3183 327 3246 ob
355 3185 480 3248 bruusoe
510 3185 608 3258 uocis,
642 3186 926 3258 consubstantialis,
960 3183 1189 3248 additamentum
1218 3193 1389 3264 sequentem

157 3286 315 3348 formulam
337 3305 553 3366 composuere:

577 3471 665 3522 FlDES
686 3472 714 3520 tu
734 3467 855 3520 st'n'ouo
874 3469 972 3519 entre.

288 3587 444 3650 Credimus
467 3587 497 3648 iu
520 3605 613 3648 unum
633 3587 737 3658 Deum,
760 3587 875 3648 Patrem
899 3587 1142 3666 omnipotentem,
1165 3588 1296 3648 omnium
1313 3586 1389 3646 risi·

224 3687 328 3748 bilium
359 3695 389 3748 et
415 3686 606 3749 invisibilium
640 3688 828 3761 ellectorem,
862 3697 892 3748 ct
923 3687 954 3748 in
983 3706 1073 3748 unum
1103 3686 1261 3749 Dominum
1291 3687 1389 3748 lesum

226 3787 394 3860 Christum,
422 3787 528 3848 Filium
550 3787 618 3861 llei,
648 3789 779 3868 genitum
809 3805 842 3848 ex
865 3787 952 3848 Patre
974 3785 1178 3863 unigenitum,
1206 3787 1264 3846 hoc
1286 3795 1331 3848 est
1354 3805 1391 3846 ex

226 3886 393 3948 substantio
413 3885 528 3960 Patris,
555 3887 647 3949 Deum
670 3907 703 3950 ex
727 3887 805 3960 lleo,
834 3887 933 3948 lumen
956 3904 992 3946 ex
1013 3885 1141 3957 lumine,
1175 3885 1266 3946 Deum
1289 3903 1391 3946 rerum

165 4063 347 4136 ἰμαρτῦρττο,
395 4069 447 4118 blox
474 4068 597 4117 Tlrrodor.
625 4077 648 4116 et
674 4070 755 4117 Gelas.
806 4062 911 4129 λέγοιτο
936 4059 1090 4144 ὅμοοιῖσιος.
1126 4067 1237 4118 Socrates
1259 4061 1391 4132 λέγοιτό.

166 4131 427 4200 συγκατατίθεσθαι.
448 4125 756 4199 Ιιιιι1.οιιιοι“ιτογράφειν
808 4135 866 4182 llud.
886 4143 930 4196 pro
950 4125 1003 4180 οὔτ’
1024 4149 1073 4182 ουν
1090 4135 1170 4186 Gelos.
1189 4129 1259 4186 orire.

164 4205 280 4254 Socrates
296 4197 344 4250 κατ’
360 4203 427 4254 aldit
443 4204 537 4252 omisso
547 4213 576 4260 ,τε
587 4203 706 4265 sequenti.
725 4201 754 4252 lt.
840 4201 870 4249 be
881 4203 992 4250 Socrates
1005 4195 1138 4268 προςήκει.
1175 4203 1226 4252 Μοι
1245 4204 1306 4252 idern
1320 4191 1391 4250 εὖτε-

167 4270 223 4318 ibid.
242 4269 364 4320 Tlreodor.
376 4285 420 4333 pro
431 4268 595 4335 συμφωνεῖν
605 4269 676 4320 babet
686 4279 755 4334 cope-
803 4259 853 4330 ptis
871 4283 914 4331 pro
932 4259 1131 4331 εὐσεβέστατος.
1167 4269 1225 4318 ltero
1245 4270 1332 4318 itorleru
1345 4271 1391 4318 llo-

167 4335 292 4400 φρονεῖν.
806 4337 879 4386 lanios
899 4337 974 4399 Cyris.
994 4329 1028 4382 rei
1047 4337 1177 4386 odditnote
1192 4328 1291 4384 roseida.
1311 4335 1391 4384 Tlrro·

199 4403 216 4451 l.
235 4403 364 4458 Socrates,
386 4403 507 4454 ‘lbeodou
527 4411 550 4452 et
569 4401 648 4453 Gelas.
666 4394 752 4468 ἦρμιί-
804 4403 903 4452 doretns
922 4419 976 4454 sero
997 4403 1068 4452 babet
1086 4397 1120 4450 rb
1138 4401 1252 4448 τοιαῦτα
1272 4395 1393 4462 διεφιλο-

166 4479 253 4522 νεοτε,
274 4479 299 4518 nt
317 4478 341 4518 rt
353 4470 527 4522 editiocorom.
546 4471 601 4531 lleg.
613 4463 751 4548 ἕρμῆνευε.
803 4463 896 4534 σόφει.
932 4471 983 4520 blos
1003 4471 1116 4520 Socrates
1141 4469 1229 4516 omittet
1249 4466 1295 4524 ris
1312 4478 1392 4527 προι-

200 4551 223 4598 g.
243 4536 355 4586 Gelasina
378 4535 454 4599 szic.
479 4532 585 4599 directo
610 4549 648 4600 τῳ
666 4530 752 4602 πατρὶ
802 4531 895 4595 θήκης,
917 4537 1040 4600 quotidem
1061 4551 1104 4598 pro
1116 4535 1228 4597 sequenti
1239 4535 1309 4582 titolo
1322 4529 1395 4580 babet

167 4593 322 4666 bpoco'otor.
358 4603 478 4653 Theodor.
499 4611 523 4653 et
541 4603 613 4654 editio
633 4603 751 4658 Commel.
803 4611 896 4654 tautum
914 4596 947 4654 τὸ
966 4595 1094 4666 μάθημα.
