3094 5318
521 359 668 404 antenore
683 362 721 406 ιι.
738 363 775 404 ιιι
791 362 989 408 εειιιειοιιειι.
1295 359 1356 421 777

74 503 114 564 in
143 505 310 587 ipsoque
332 519 387 572 est
432 509 505 572 Nam
529 521 592 572 erat
614 529 680 574 cum
703 521 856 574 creaturae
877 531 938 574 non
955 524 1067 577 esseut.
1112 515 1249 588 Quodsi
1271 538 1440 585 crea-tteeu

74 615 161 668 tura
192 617 269 682 est,
297 629 364 672 num
387 619 539 674 menturae
560 613 678 674 sieten
699 631 761 674 non
784 614 962 687 extantibus,
989 615 1085 693 palem
1108 627 1155 678 est
1175 617 1268 680 luisse
1289 639 1356 684 otum

75 727 156 769 non
185 719 293 772 esset
314 711 454 787 Trinitas,
477 713 530 774 sed
553 713 696 787 dualites;
717 733 777 792 quo
800 715 870 794 quid
894 715 987 793 magis
1005 716 1127 794 impium
1142 719 1209 797 quis
1224 719 1356 784 dixerit?

1 823 2 830 ¹
73 809 130 870 Ex
158 813 355 876 mutatione
378 822 408 876 et
435 815 570 892 prolecto
599 815 699 876 dictent
727 823 865 876 constare
894 815 1087 889 Trinitatem,
1121 837 1160 880 ao
1184 819 1439 886 dualitatemncee.

3 946 5 954 ι
74 912 231 992 quidem
260 934 345 989 ease,
368 915 421 978 sed
445 923 618 996 exspectare
640 925 793 978 creaturae
814 915 1051 995 productionem,
1074 925 1108 980 ut
1129 937 1194 980 cum
1216 921 1303 982 Patre
1325 931 1355 984 et

76 1014 173 1076 Filio
203 1017 379 1096 copuletur
400 1028 430 1081 et
450 1019 501 1079 liet
522 1018 664 1080 Trinitas.
707 1017 793 1080 absit
814 1025 847 1078 ut
868 1017 938 1096 quid
954 1018 1126 1090 huiusmodi
1148 1021 1193 1083 vel
1214 1022 1244 1084 in
1266 1043 1353 1087 meu-

79 1127 155 1178 tem
191 1137 341 1199 unquam
365 1119 601 1184 Christianorum
631 1119 724 1182 cedat.
770 1119 1026 1192 Quemadmodum
1048 1122 1127 1184 euim
1148 1121 1257 1196 Filius,
1286 1144 1352 1188 cum

4 1233 9 1267 t
80 1238 235 1300 semper
263 1221 315 1293 sit,
338 1239 399 1284 non
420 1230 468 1284 est
489 1232 640 1294 creaturat
663 1222 708 1282 sic
729 1220 869 1300 quoniam
894 1239 1014 1300 semper
1036 1231 1082 1284 εει
1103 1222 1244 1297 Trinitas,
1267 1226 1297 1286 in
1318 1245 1352 1288 ea

83 1321 184 1384 nulla
212 1331 274 1382 εει
294 1331 439 1400 creature,
462 1333 550 1403 etque
571 1323 645 1384 adeo
669 1341 729 1383 uon
753 1331 800 1384 est
820 1331 954 1404 creature
977 1322 1117 1402 Spiritus.
1161 1325 1245 1388 Sicut
1273 1328 1351 1393 enim

82 1439 236 1502 semper
262 1423 327 1497 luit,
350 1423 390 1486 ita
413 1432 442 1486 et
463 1443 543 1486 nunc
564 1435 622 1497 est,
644 1433 674 1486 et
696 1423 773 1486 siout
795 1443 873 1486 nune
895 1432 951 1497 est,
975 1424 1014 1486 ite
1037 1425 1158 1504 semper
1172 1428 1229 1488 luit
1249 1438 1351 1510 estque

10 1545 16 1579 2
86 1523 250 1588 Trinitas
281 1537 312 1587 et
339 1527 370 1588 in
393 1526 458 1605 ipsa
480 1527 582 1598 Peter,
616 1525 711 1587 Filius
739 1534 769 1586 et
800 1525 930 1604 Spiritus
958 1533 1090 1589 ειιιειιιε.
1132 1527 1170 1590 Ει
1198 1547 1275 1592 unus
1304 1541 1351 1593 est

84 1625 187 1688 {leus
214 1628 321 1702 Pater,
344 1628 395 1707 qui
416 1637 462 1690 est
483 1646 576 1707 super
597 1627 695 1688 omnia
719 1635 750 1690 et
769 1646 824 1706 per
845 1626 944 1689 omnia
967 1633 997 1687 ει
1017 1627 1048 1690 in
1065 1629 1214 1704 omnibus,
1237 1632 1288 1711 qui
1303 1643 1351 1694 est

11 1764 18 1784 ε
88 1727 294 1790 benedictus
317 1728 346 1790 in
370 1729 496 1794 saecule.
540 1731 643 1790 Amen.
688 1729 750 1808 Ego
773 1729 902 1807 quidem.
925 1736 958 1789 ut
973 1728 1156 1806 significasti,
1178 1731 1251 1794 haec
1271 1753 1348 1813 pau-

10 1853 17 1882 s
89 1829 142 1890 cis
170 1828 354 1910 conscripta
376 1831 412 1892 ad
436 1841 464 1893 te
486 1830 565 1894 misi.
609 1831 655 1905 Tu
678 1849 749 1892 nero
772 1831 905 1909 prudens
928 1849 994 1892 uum
1017 1829 1078 1903 sis,
1105 1831 1133 1893 si
1155 1832 1226 1910 quid
1248 1833 1278 1895 in
1299 1835 1347 1896 his

12 1983 14 1992 ,
93 1930 228 2002 decrit,
261 1931 291 1992 id
318 1951 431 2011 quaeso
454 1933 591 2012 suppleas
614 1943 645 1994 et
665 1931 837 1995 domesticis
861 1931 928 1994 lidei
950 1931 1048 2009 legas,
1077 1950 1130 1992 eos
1153 1941 1267 2006 autem,
1297 1938 1346 2014 qui

11 2049 16 2094 ῑ,
91 2049 158 2111 per
183 2033 415 2095 contentionem
435 2034 652 2114 blasphement,
678 2034 860 2113 redarguite.
905 2033 1047 2094 Fortasse
1070 2033 1114 2094 rel
1136 2051 1205 2096 aero
1228 2037 1345 2098 taudem

94 2132 332 2212 resipiscentes
360 2145 428 2198 ante
456 2137 578 2198 insitum
607 2155 739 2198 errorem
768 2136 939 2214 abstergent
965 2133 1002 2196 ab
1031 2133 1126 2196 anima
1156 2153 1221 2197 sua.
1264 2137 1346 2200 Ere

14 2286 17 2303 ,
95 2233 189 2294 enim
216 2235 308 2296 luerit
329 2254 449 2310 eorum,
484 2245 517 2299 ut
537 2237 681 2317 scriptum
703 2247 765 2309 est,
788 2236 906 2298 resilire
928 2253 984 2297 nec
1005 2237 1285 2315 comperendinare,
1309 2259 1345 2302 ue

14 2394 16 2403 .
98 2335 128 2396 si
154 2347 367 2415 permaneant,
390 2339 509 2401 audient
531 2341 610 2420 qnod
633 2339 743 2401 dictum
766 2348 812 2400 est
829 2357 846 2400 a
862 2337 1004 2402 Domino:
1031 2339 1217 2416 Quicumque
1232 2339 1345 2402 decern

98 2438 239 2500 uertunt
261 2451 371 2503 contre
393 2439 542 2520 Spiritum
565 2452 712 2514 coactata,
735 2458 798 2503 aon
820 2443 1037 2504 remitteturei
1048 2455 1144 2519 nepus
1157 2441 1190 2498 ia
1205 2437 1260 2500 doc
1274 2457 1343 2502 aoc-

14 2579 16 2601 ,
104 2537 182 2598 cudo
206 2557 301 2620 aeque
322 2546 356 2602 tn
376 2543 496 2620 [utero.

425 2893 571 2954 EIUSEEil
595 2897 637 2954 dl)
659 2895 798 2956 EUNDEM
820 2889 1035 2950 sentement!

632 3010 820 3063 aristote

561 3115 617 3162 item
636 3113 666 3163 de
687 3119 772 3160 sancto
790 3109 890 3174 Spiritu.

195 3249 223 3309 1.
268 3241 341 3325 Legi
362 3244 526 3325 Epistulam
548 3264 566 3306 a
587 3253 637 3306 tua
658 3243 769 3324 pietate
791 3242 880 3304 nodo
902 3241 1059 3320 scriptam,
1090 3241 1337 3323 vehementerque

15 3399 17 3424 ,
103 3347 269 3410 admiratus
291 3346 509 3410 haereticorum
531 3345 745 3424 impudentiam
768 3342 958 3408 animadverti
979 3342 1053 3404 nihil
1068 3360 1162 3422 ecque
1181 3341 1238 3405 illis
1261 3362 1335 3406 oon-

17 3523 18 3531 *
101 3449 205 3512 venire
228 3466 263 3509 ec
283 3447 418 3528 Apostoli
439 3455 646 3526 praeceptum:
668 3445 862 3510 decreticum
884 3445 1030 3508 domineco
1047 3455 1121 3525 post
1135 3463 1227 3506 unum
1243 3455 1273 3508 et
1287 3465 1335 3509 ae-

14 3599 19 3632 ,
103 3552 233 3614 modom
255 3553 477 3632 eorreptionem
498 3551 618 3620 deuito,
640 3551 738 3610 solcas
760 3552 831 3629 quio
852 3546 1018 3610 subuersas
1041 3559 1095 3618 cst,
1117 3549 1171 3628 qui
1191 3548 1338 3610 e'aemodt

18 3718 21 3729 ,
103 3660 160 3722 eet,
190 3663 221 3714 at
250 3639 409 3733 delinquit,
445 3668 511 3712 cum
539 3653 580 3712 att
604 3653 736 3731 proprio
759 3650 868 3712 audicio
892 3648 1116 3712 condemnatus.
1158 3647 1333 3709 Perversem
1403 3683 1409 3692 -

12 3799 18 3836 ς
99 3752 179 3813 enim
205 3759 336 3814 mentem
356 3769 424 3813 orm
446 3750 568 3822 hebeat,
597 3769 659 3812 non
681 3750 749 3812 ideo
772 3749 954 3823 sciscitetur,
982 3755 1015 3810 ut
1036 3765 1102 3809 cum
1125 3747 1252 3810 audierit
1274 3747 1331 3810 oh-

14 3930 15 3936 *
101 3861 263 3932 temperet,
292 3869 390 3930 neque
412 3861 445 3911 ut
465 3869 531 3912 eum
555 3849 692 3912 didicerit
713 3849 886 3929 resipiscat,
916 3844 970 3912 se'd
993 3865 1095 3908 eorum
1118 3866 1224 3921 causa,
1256 3867 1331 3926 quos

101 3953 164 4032 ipse
190 3951 315 4030 decepit,
338 3967 376 4012 ue
398 3950 531 4022 scilicet,
555 3950 582 4011 ei
605 3959 708 4022 taoeet,
732 3951 768 4012 ab
791 3950 866 4031 ipsis
890 3967 1009 4029 quoque
1031 3948 1196 4010 damnetur.
1239 3947 1333 4012 Erant

103 4071 172 4122 sane
195 4070 271 4132 quae
293 4052 374 4133 prius
398 4051 474 4112 dicta
496 4059 566 4112 sunt
588 4053 678 4125 setis,
707 4053 893 4114 sufficiebant
922 4051 969 4113 ille
997 4058 1042 4113 tot
1069 4056 1206 4127 tantaque
1239 4067 1329 4128 argu-

103 4162 199 4216 mente
222 4145 278 4215 sibi
300 4151 446 4233 opposita,
471 4158 503 4214 ut
524 4151 614 4234 linem
637 4153 766 4215 lacerent
791 4153 1016 4232 blasphemandi
1039 4150 1069 4212 in
1092 4149 1234 4230 Spiritum
1257 4169 1328 4214 san-

136 4391 154 4425 c.
172 4374 270 4426 Gobler.
289 4383 314 4424 ει
332 4373 438 4423 netum.
455 4374 476 4423 l.
493 4365 614 4442 γράψας.
772 4373 787 4421 l.
809 4373 834 4421 ln
850 4374 920 4422 titulo
938 4373 994 4435 Reg.
1015 4379 1039 4420 et
1056 4373 1127 4434 Sego.
1147 4365 1328 4437 Σαραπίωνα.

135 4442 156 4492 d.
174 4443 214 4492 Sic
232 4443 287 4500 llas.
304 4443 404 4504 Segoer.
423 4442 494 4492 Gobl.
508 4451 531 4493 et
545 4442 648 4492 l'eleltm.
664 4440 685 4488 l.
739 4438 830 4490 ibidem
850 4431 953 4506 ὁμοίως
970 4441 1039 4490 abest
1057 4457 1070 4490 ι
1088 4440 1161 4490 ussit.
1302 4494 1309 4513 Ι

106 4507 161 4559 Edltt
178 4525 233 4559 vero
251 4501 351 4560 adadu.
771 4523 794 4567 ιι.
813 4509 854 4560 Sic
872 4511 928 4570 lleg.
947 4517 970 4560 et
983 4507 1064 4570 Eesil,
1082 4508 1124 4558 aed
1144 4507 1168 4556 in
1187 4505 1255 4555 editis
1272 4516 1327 4568 γαρ

137 4589 156 4626 ι.
173 4571 261 4643 τούτῳ
280 4580 348 4629 deest
365 4580 389 4630 in
407 4578 480 4629 llasil.
738 4575 812 4627 deest
