3094 5318
484 368 627 415 assereus
645 371 664 412 r.
680 372 717 414 so
732 370 931 414 sestaronus.
1253 360 1313 422 735

1 538 3 571 t
171 525 225 585 27.
270 519 429 582 Enimvero
456 537 564 582 rursus
592 539 629 582 ex
656 519 703 582 his
735 539 810 600 quae
833 519 1005 584 subiioimus
1028 521 1195 600 Scripturas
1217 524 1391 590 verbiseou

45 624 210 687 evidens
232 621 331 695 luerit,
354 603 498 700 Spiritum
520 629 655 684 sanctum
678 621 751 684 aVos
773 622 820 684 sui
842 622 1001 701 participes
1023 624 1138 694 iacere,
1162 637 1327 708 non-vero·

1 744 5 757 ’
28 724 261 807 participem
284 722 408 784 aliorum
431 721 496 783 lieri
519 723 598 795 (uam
614 722 716 784 eadem
731 730 920 801 repeterelne
935 723 976 783 eit
989 723 1170 798 molestum).
1203 723 1316 802 Nempe

1 855 2 880 1
47 823 278 908 Impossibile
300 836 345 886 est
367 827 445 885 coins
466 841 527 892 eos,
550 827 603 902 pul
621 822 712 888 sumt
725 833 801 886 sunt
814 823 987 894 illuminati,
1009 835 1213 902 marcuerunt
1227 829 1317 887 etaiam

1 955 2 958 ¹
47 930 200 990 donum
222 923 358 995 coeleste,
382 935 412 986 et
430 927 598 1004 participes
620 924 699 1003 [acti
719 935 791 988 suat
808 921 946 1003 Spiritus
968 927 1075 996 saneti,
1097 933 1316 1002 partaverunt·
1420 997 1423 1008 .

49 1048 123 1109 que
154 1027 276 1088 bortum
298 1024 357 1086 Dei
376 1025 511 1086 uerbum.
554 1026 592 1086 At
611 1023 711 1102 Angeli
736 1033 765 1084 et
786 1013 975 1086 deterae'res
998 1031 1114 1088 orestae
1131 1025 1228 1103 ipsius
1243 1024 1314 1103 Spi-

1 1177 2 1184 .
49 1129 153 1192 ritus
182 1127 263 1188 fiunt
283 1125 453 1205 participes.
497 1124 578 1186 Haec
605 1125 682 1186 enirn
710 1125 776 1204 ipsa
802 1135 851 1186 ast
871 1124 966 1198 ratio,
999 1141 1052 1188 our
1080 1125 1115 1186 ab
1145 1145 1198 1196 eo,
1230 1127 1399 1194 cuiusnam.

4 1288 8 1298 ,
52 1238 147 1292 sunt
174 1226 356 1307 participes,
385 1226 505 1305 possint
526 1227 672 1290 excidere.
717 1225 845 1304 Spiritus
876 1244 946 1288 vero
975 1225 1053 1288 idem
1076 1227 1210 1305 proiecto
1232 1245 1315 1288 sem-

51 1351 123 1412 per
153 1336 226 1401 est,
256 1329 364 1408 quippe
387 1327 436 1406 qui
459 1345 519 1390 non
542 1347 576 1390 eu
599 1327 657 1388 iilis
680 1325 770 1388 rebus
792 1325 840 1398 eit,
863 1344 939 1405 quae
959 1326 1119 1406 'participes
1140 1328 1315 1398 redduntur,

1 1471 7 1503 ,-
55 1433 123 1494 sed
160 1429 272 1511 potius
299 1416 383 1490 euius
411 1447 461 1490 res
489 1425 592 1490 ornnes
620 1429 693 1490 liant
720 1426 889 1506 participes.
943 1427 1004 1488 lam
1033 1445 1104 1490 vero
1132 1429 1158 1490 si
1186 1429 1315 1508 Spiritus

56 1535 157 1596 idem
185 1549 308 1610 semper
336 1538 382 1590 est
408 1528 541 1606 aliosque
571 1529 618 1590 sui
645 1528 806 1608 participes
835 1529 919 1602 iacit,
949 1527 974 1590 si
1003 1537 1178 1592 coenares
1195 1539 1316 1592 creatae

1 1692 4 1711 ‚
59 1636 140 1698 eius
168 1633 251 1696 fiunt
272 1628 446 1710 participes,
474 1647 546 1690 sane
569 1629 697 1708 Spiritus
731 1637 852 1690 sanctus
873 1645 970 1708 neque
991 1629 1119 1710 Angelus
1142 1647 1239 1710 neque
1260 1629 1318 1692 alia

59 1755 120 1798 res
148 1717 274 1802 creata,
304 1731 357 1791 sed
379 1727 520 1808 proprius
543 1729 629 1792 Verbi
652 1748 720 1792 esse
743 1729 957 1792 existimandus
980 1737 1044 1804 est,
1074 1731 1159 1792 cuius
1188 1730 1316 1810 abipso

1 1906 5 1921 ι
61 1835 183 1898 Verbo
209 1830 269 1892 dati
291 1838 478 1892 rescreatae
500 1831 574 1892 fiunt
591 1831 760 1910 participes.
806 1831 983 1911 Ceteroquin
998 1831 1104 1894 Vibium
1120 1850 1237 1911 quoquc
1251 1849 1317 1894 rem

1 1990 7 2025 ,
67 1943 220 1999 creatam
241 1931 340 1992 dicere
362 1931 470 1994 iisdem
493 1950 618 1994 necesse
641 1940 738 2006 esset,
766 1933 850 1995 cuius
878 1951 986 2014 nempe
1013 1951 1118 1996 omues
1149 1931 1180 1995 iu
1203 1931 1318 2010 Spiritu

1 2091 6 2109 ,
64 2033 248 2118 participes
271 2031 340 2094 laeti
361 2050 475 2094 sumus.
519 2033 645 2112 iusuper
667 2051 745 2094 unus
768 2042 816 2095 est
831 2033 959 2113 Spiritus
982 2043 1114 2116 sanctus,
1136 2034 1245 2097 multae
1260 2051 1316 2096 au·

1 2114 4 2231 L
69 2149 140 2200 tem
162 2144 244 2228 'sunt
266 2147 323 2194 res*
337 2142 464 2196 orestae.
515 2133 587 2197 Nam
610 2133 700 2196 millia
721 2135 845 2196 millium
868 2143 898 2195 et
918 2134 1016 2196 decies
1039 2132 1113 2196 dena
1136 2133 1227 2218 millia
1247 2141 1317 2196 suut

1 2297 2 2300 ,
65 2237 277 2317 Angelorum,
299 2233 391 2296 multa
413 2233 523 2314 pariter
545 2243 617 2296 sunt
637 2234 802 2308 luminaria,
825 2235 908 2296 multi
931 2235 1059 2310 Throoi,
1082 2236 1190 2298 multas
1211 2236 1316 2298 Domi-

68 2341 236 2410 nationes,
259 2335 343 2398 multi
366 2335 448 2407 caeli,
470 2334 554 2397 multi
577 2334 746 2410 Cherubim,
769 2335 923 2414 Seraphim
947 2344 976 2400 ει
996 2336 1181 2416 Archangeli,
1205 2354 1240 2398 ao
1260 2336 1315 2397 de-

70 2442 172 2519 nique
196 2455 248 2498 res
271 2445 388 2498 creatae
409 2455 470 2498 non
494 2447 564 2498 sunt
585 2434 656 2514 quid
679 2454 779 2510 unum,
803 2437 856 2499 sed
879 2455 984 2502 omues
999 2437 1108 2500 multae
1131 2445 1161 2497 et
1181 2435 1317 2498 diversae
1349 2473 1352 2487 ι

76 2547 165 2600 sunt.
215 2537 302 2608 Quod
325 2539 352 2600 si
374 2537 464 2616 igitur
485 2536 614 2615 Spiritus
636 2547 757 2600 sanctus
778 2555 856 2600 unus
879 2545 942 2611 est,
971 2539 997 2600 si
1025 2545 1126 2600 eontm
1153 2555 1203 2599 res
1230 2555 1315 2600 crea-

75 2649 128 2700 tae
153 2636 268 2698 multae
290 2639 425 2700 etmulti
448 2648 519 2700 sunt
540 2637 658 2716 Angeli3
680 2657 824 2718 quaenam
845 2637 1008 2702 similitudo
1026 2637 1155 2717 Spiritus
1177 2657 1243 2700 oum
1264 2657 1316 2700 re-

76 2740 139 2802 bus
164 2736 280 2798 taedet
324 2738 445 2802 Constat
465 2738 592 2818 proinde
607 2739 750 2819 Spiritum
765 2757 826 2800 non
845 2757 914 2802 esse
936 2757 971 2800 ex
993 2738 1094 2800 multis
1116 2735 1212 2818 neque
1228 2737 1317 2802 etiam

75 2836 249 2918 Angelum,
278 2837 331 2899 sed
353 2857 445 2900 unum
467 2859 551 2912 esse,
579 2841 624 2902 vel
644 2842 746 2920 potius
770 2841 874 2912 Verbi,
897 2838 975 2918 quod
1000 2856 1090 2902 unum
1113 2850 1177 2912 est,
1200 2837 1316 2914 etitei,

78 2942 133 3024 qui
164 2939 241 3000 item
271 2955 348 3002 unus
378 2947 441 3011 est,
473 2941 627 3020 proprium
656 2953 685 3004 ει
712 2939 993 3002 consubstantialem
1015 2957 1092 3002 esse.
1137 2940 1217 3002 liaeo
1237 2947 1316 3000 certe

77 3043 127 3104 vei
151 3039 238 3112 sola,
268 3057 343 3118 quae
364 3039 408 3111 de„
423 3038 537 3118 Spiritu
559 3050 662 3104 sancto
685 3039 826 3112 dicimuS,
855 3040 881 3110 si
910 3040 1038 3104 seorsim
1066 3041 1152 3105 edam
1175 3040 1316 3102 conside·

80 3151 207 3214 rentur,
237 3140 333 3219 palam
355 3140 481 3214 indunt,
509 3142 584 3204 nilui
610 3141 692 3202 ilium
721 3141 878 3202 commuue
905 3150 957 3202 aut
980 3143 1138 3222 proprium
1160 3145 1265 3204 natura
1287 3149 1317 3202 et

81 3241 346 3308 substantiarum
374 3240 464 3304 rebus
485 3241 593 3304 moade
614 3241 741 3326 habere,
764 3241 817 3303 scd
841 3259 910 3304 rere
933 3243 1023 3306 alium
1045 3261 1112 3307 eum
1136 3255 1243 3306 ossea
1264 3261 1316 3304 re·
1420 3229 1426 3240 ’

81 3346 142 3408 bus
173 3343 277 3416 iactis,
310 3342 524 3422 propriumque
556 3341 765 3422 uec,alienum
792 3327 859 3403 Filii
887 3343 1069 3406 substantiae
1098 3353 1127 3406 et
1154 3342 1316 3406 diuinitatis
1414 3409 1418 3416 ¹

82 3463 162 3519 esse,
187 3452 421 3524 propterquam
444 3461 510 3504 eum
533 3442 573 3504 sit
593 3452 713 3504 sunone
735 3443 898 3519 Trinitatis,
920 3444 988 3508 ilios
1005 3445 1049 3506 tel
1070 3445 1180 3508 inritos
1202 3444 1318 3524 pudore

84 3545 240 3610 suffundit.

169 3651 222 3714 28.
270 3626 476 3708 Verumtamen
508 3645 586 3708 haud
609 3644 646 3706 ab
668 3663 700 3706 re
722 3643 811 3706 luerit
831 3653 962 3708 veterem
982 3647 1106 3728 insuper
1127 3645 1317 3708 traditionem

86 3749 310 3824 doctrinamque
338 3765 372 3806 ac
392 3745 480 3808 iidem
504 3745 671 3808 Catholicae
692 3745 843 3808 Ecclesiae
865 3747 1058 3826 investigare,
1085 3765 1173 3828 quam
1204 3747 1318 3808 scilicet

86 3850 232 3911 [lominus
263 3829 398 3917 tradidit,
426 3845 560 3923 Apostoli
589 3845 796 3925 praedicavere
824 3855 854 3906 et
880 3847 984 3908 Patres
1013 3865 1177 3910 servavere.
1221 3848 1255 3908 ln
1283 3865 1318 3910 ea

90 3949 168 4012 enim
190 3944 322 4008 Ecclesia
344 3945 464 4005 lundata
487 3951 549 4014 est,
577 3961 593 4006 a
623 3961 679 4021 qua
702 3943 818 4022 siquis
841 3947 996 4019 exciderit,
1028 3947 1054 4006 is
1083 3965 1139 4018 nco
1166 3965 1235 4008 csse
1263 3966 1318 4010 nec

92 4089 250 4162 subreptio
274 4086 412 4142 ἐκπίπτειν
427 4089 578 4158 μετέχοντα
597 4083 677 4140 δύνα-
729 4093 826 4146 Gobier.
845 4103 868 4144 et
886 4096 990 4146 Felcltm.
1005 4057 1024 4146 i.
1043 4113 1114 4149 anon.
1151 4091 1242 4153 miste
1258 4100 1315 4151 ibid.
1375 4163 1381 4170 ·

92 4179 144 4214 aas.
182 4159 237 4226 [teg.
250 4177 347 4226 quoque
365 4161 389 4210 2.
406 4156 556 4225 μετέχοντα
574 4161 654 4211 babet.
730 4164 800 4212 abest
817 4178 830 4212 a
848 4163 905 4226 lieg.
922 4163 945 4214 2.
965 4173 989 4214 st
1007 4166 1111 4216 isicium.
1122 4165 1146 4216 2.
1164 4183 1236 4219 anon.

765 4231 781 4278 l.
799 4229 840 4280 Sic
857 4233 914 4294 lieu.
932 4234 1032 4295 Sogoer.
1050 4235 1121 4285 Basil.
1141 4237 1278 4287 Gobierisn.
1294 4241 1319 4286 et
1429 4267 1433 4282 ι

729 4297 835 4348 Febrim.
856 4299 878 4348 i.
913 4299 989 4350 iidem
1007 4315 1060 4352 mox
1079 4313 1103 4353 st
1120 4305 1210 4368 Angiic.
1229 4305 1318 4354 babent

731 4374 755 4415 ut
773 4365 812 4416 hic
831 4375 913 4416 exstat.
949 4369 993 4418 Alii
1013 4378 1036 4423 et
1054 4371 1110 4421 editi
1129 4365 1317 4422 dromittuntet

728 4431 778 4482 aori
795 4433 862 4483 θεοῦ
879 4428 939 4490 ἑνὸς
957 4427 1036 4490 ὄντος
1054 4431 1126 4488 ἴδιον
1142 4433 1196 4488 καί.

762 4517 783 4563 g.
801 4497 847 4552 καὶ
864 4497 934 4570 πρὸς
951 4499 1059 4559 τούτοις
1076 4509 1163 4558 desunt
1180 4509 1204 4557 in
1219 4493 1316 4568 niet,

131 4579 151 4616 ο.
168 4568 227 4618 Part
243 4563 290 4617 κατ’
307 4569 345 4620 bic
363 4576 386 4620 et
404 4570 428 4619 in
445 4576 554 4634 sequent.
574 4568 643 4620 deest
651 4570 675 4619 iu
726 4571 774 4616 καί
789 4572 812 4620 ιιι
832 4571 887 4633 fleg.
903 4572 924 4621 l.
944 4581 967 4623 οι
984 4574 1083 4636 Seguer.

125 4265 148 4316 d.
166 4267 206 4316 Sic
222 4265 279 4326 lieg.
297 4262 319 4311 1.
344 4263 443 4324 Seguer.
465 4263 555 4325 Anglic.
581 4261 679 4312 Gobler.

55 4348 60 4356 ·
95 4343 117 4384 et
128 4334 230 4383 aereum.
252 4332 273 4380 1.
300 4345 361 4394 quae
386 4331 543 4388 etiam,rertit
560 4331 676 4380 Naeuius.

95 4401 137 4450 Alii
155 4409 177 4450 et
194 4401 265 4450 editio
291 4397 407 4448 Commel.
432 4399 543 4448 omittunt
567 4388 599 4446 od
621 4391 677 4466 γάρ

55 4471 61 4480 “
98 4477 229 4533 stansque
247 4467 277 4517 ad
296 4458 327 4513 ad
347 4457 413 4513 αὐτό
431 4459 496 4515 ἔστι.
