<?xml version="1.0" encoding="UTF-8"?>
<!DOCTYPE html PUBLIC "-//W3C//DTD XHTML 1.0 Transitional//EN"
    "http://www.w3.org/TR/xhtml1/DTD/xhtml1-transitional.dtd">
<html xmlns="http://www.w3.org/1999/xhtml" xml:lang="en" lang="en">
 <head>
  <title>
</title>
<meta http-equiv="Content-Type" content="text/html;charset=utf-8" />
  <meta name='ocr-system' content='tesseract 3.04.00' />
  <meta name='ocr-capabilities' content='ocr_page ocr_carea ocr_par ocr_line ocrx_word'/>
</head>
<body>
  <div class='ocr_page' id='page_1' title='image "./sanctiathanasii00athagoog_0118.png"; bbox 0 0 3226 5280; ppageno 0'>
   <div class='ocr_carea' id='block_1_1' title="bbox 519 321 1459 386">
    <p class='ocr_par' dir='ltr' id='par_1_1' title="bbox 519 321 1459 386">
     <span class='ocr_line' id='line_1_1' title="bbox 519 321 1459 386; baseline 0.004 -4"><span class='ocrx_word' id='word_1_1' title='bbox 519 337 663 382; x_wconf 71' lang='lat' dir='ltr'><strong>BPlS&#39;l&#39;ObA</strong></span> <span class='ocrx_word' id='word_1_2' title='bbox 679 337 717 380; x_wconf 75' lang='lat' dir='ltr'><strong>bs</strong></span> <span class='ocrx_word' id='word_1_3' title='bbox 732 337 877 382; x_wconf 69' lang='lat' dir='ltr'><strong>nannum</strong></span> <span class='ocrx_word' id='word_1_4' title='bbox 892 339 1036 382; x_wconf 67' lang='lat' dir='ltr'><strong>arcanuia</strong></span> <span class='ocrx_word' id='word_1_5' title='bbox 1052 339 1173 382; x_wconf 71' lang='lat' dir='ltr'><strong>atuoot.</strong></span> <span class='ocrx_word' id='word_1_6' title='bbox 1421 321 1459 386; x_wconf 67' lang='lat'><strong>7¹</strong></span> 
     </span>
    </p>
   </div>
   <div class='ocr_carea' id='block_1_2' title="bbox 223 483 1549 1064">
    <p class='ocr_par' dir='ltr' id='par_1_2' title="bbox 223 483 1549 668">
     <span class='ocr_line' id='line_1_2' title="bbox 225 483 1549 568; baseline 0.003 -20"><span class='ocrx_word' id='word_1_7' title='bbox 225 483 382 566; x_wconf 70' lang='lat' dir='ltr'><strong>„dignitas</strong></span> <span class='ocrx_word' id='word_1_8' title='bbox 412 503 589 566; x_wconf 89' lang='lat' dir='ltr'><strong>summaque</strong></span> <span class='ocrx_word' id='word_1_9' title='bbox 616 485 735 550; x_wconf 84' lang='lat' dir='ltr'><strong>Domini</strong></span> <span class='ocrx_word' id='word_1_10' title='bbox 763 488 934 568; x_wconf 73' lang='lat' dir='ltr'><strong>magnitudo</strong></span> <span class='ocrx_word' id='word_1_11' title='bbox 963 497 1010 550; x_wconf 88' lang='lat' dir='ltr'><strong>est</strong></span> <span class='ocrx_word' id='word_1_12' title='bbox 1037 488 1068 550; x_wconf 92' lang='lat' dir='ltr'><strong>in</strong></span> <span class='ocrx_word' id='word_1_13' title='bbox 1094 487 1189 550; x_wconf 81' lang='lat' dir='ltr'><strong>[leuna</strong></span> <span class='ocrx_word' id='word_1_14' title='bbox 1210 488 1329 550; x_wconf 87' lang='lat' dir='ltr'><strong>Patrem</strong></span> <span class='ocrx_word' id='word_1_15' title='bbox 1359 489 1549 552; x_wconf 70' lang='lat' dir='ltr'><strong>omni-ema.</strong></span> 
     </span>
     <span class='ocr_line' id='line_1_3' title="bbox 223 587 1458 668; baseline 0.003 -20"><span class='ocrx_word' id='word_1_16' title='bbox 223 594 416 666; x_wconf 69' lang='lat' dir='ltr'><strong>„potentem</strong></span> <span class='ocrx_word' id='word_1_17' title='bbox 439 596 470 648; x_wconf 92' lang='lat' dir='ltr'><strong>et</strong></span> <span class='ocrx_word' id='word_1_18' title='bbox 490 587 522 649; x_wconf 90' lang='lat' dir='ltr'><strong>in</strong></span> <span class='ocrx_word' id='word_1_19' title='bbox 544 587 692 649; x_wconf 78' lang='lat' dir='ltr'><strong>Christum</strong></span> <span class='ocrx_word' id='word_1_20' title='bbox 715 589 813 652; x_wconf 88' lang='lat' dir='ltr'><strong>lesum</strong></span> <span class='ocrx_word' id='word_1_21' title='bbox 835 590 900 650; x_wconf 91' lang='lat' dir='ltr'><strong>eius</strong></span> <span class='ocrx_word' id='word_1_22' title='bbox 922 589 1038 664; x_wconf 87' lang='lat' dir='ltr'><strong>Filium,</strong></span> <span class='ocrx_word' id='word_1_23' title='bbox 1062 599 1091 652; x_wconf 91' lang='lat' dir='ltr'><strong>et</strong></span> <span class='ocrx_word' id='word_1_24' title='bbox 1108 589 1139 650; x_wconf 91' lang='lat' dir='ltr'><strong>iu</strong></span> <span class='ocrx_word' id='word_1_25' title='bbox 1155 589 1297 668; x_wconf 82' lang='lat' dir='ltr'><strong>Spirimm</strong></span> <span class='ocrx_word' id='word_1_26' title='bbox 1312 598 1458 667; x_wconf 86' lang='lat' dir='ltr'><strong>sanetum,</strong></span> 
     </span>
    </p>

    <p class='ocr_par' dir='ltr' id='par_1_3' title="bbox 223 687 1459 1064">
     <span class='ocr_line' id='line_1_4' title="bbox 224 687 1459 771; baseline 0.003 -21"><span class='ocrx_word' id='word_1_27' title='bbox 224 706 288 762; x_wconf 87' lang='lat' dir='ltr'><strong>„ae</strong></span> <span class='ocrx_word' id='word_1_28' title='bbox 314 687 445 750; x_wconf 80' lang='lat' dir='ltr'><strong>Verbum</strong></span> <span class='ocrx_word' id='word_1_29' title='bbox 474 687 535 750; x_wconf 89' lang='lat' dir='ltr'><strong>lleo</strong></span> <span class='ocrx_word' id='word_1_30' title='bbox 564 688 771 750; x_wconf 80' lang='lat' dir='ltr'><strong>universorum</strong></span> <span class='ocrx_word' id='word_1_31' title='bbox 800 708 868 751; x_wconf 88' lang='lat' dir='ltr'><strong>esse</strong></span> <span class='ocrx_word' id='word_1_32' title='bbox 897 689 1024 752; x_wconf 89' lang='lat' dir='ltr'><strong>unitum.</strong></span> <span class='ocrx_word' id='word_1_33' title='bbox 1068 689 1132 770; x_wconf 80' lang='lat' dir='ltr'><strong>liqo</strong></span> <span class='ocrx_word' id='word_1_34' title='bbox 1161 690 1255 760; x_wconf 80' lang='lat' dir='ltr'><strong>euim,</strong></span> <span class='ocrx_word' id='word_1_35' title='bbox 1284 691 1395 771; x_wconf 86' lang='lat' dir='ltr'><strong>iuquit,</strong></span> <span class='ocrx_word' id='word_1_36' title='bbox 1430 700 1459 754; x_wconf 79' lang='lat' dir='ltr'><strong>st</strong></span> 
     </span>
     <span class='ocr_line' id='line_1_5' title="bbox 223 789 1459 870; baseline 0.002 -20"><span class='ocrx_word' id='word_1_37' title='bbox 223 789 348 863; x_wconf 77' lang='lat' dir='ltr'><strong>‚,l’ater</strong></span> <span class='ocrx_word' id='word_1_38' title='bbox 369 807 465 852; x_wconf 77' lang='lat' dir='ltr'><strong>auum</strong></span> <span class='ocrx_word' id='word_1_39' title='bbox 492 807 608 852; x_wconf 79' lang='lat' dir='ltr'><strong>sumus.</strong></span> <span class='ocrx_word' id='word_1_40' title='bbox 653 789 704 862; x_wconf 85' lang='lat' dir='ltr'><strong>Et,</strong></span> <span class='ocrx_word' id='word_1_41' title='bbox 733 789 795 870; x_wconf 78' lang='lat' dir='ltr'><strong>liqo</strong></span> <span class='ocrx_word' id='word_1_42' title='bbox 817 795 851 854; x_wconf 81' lang='lat' dir='ltr'><strong>to</strong></span> <span class='ocrx_word' id='word_1_43' title='bbox 873 789 984 864; x_wconf 83' lang='lat' dir='ltr'><strong>Patre,</strong></span> <span class='ocrx_word' id='word_1_44' title='bbox 1014 803 1042 854; x_wconf 83' lang='lat' dir='ltr'><strong>et</strong></span> <span class='ocrx_word' id='word_1_45' title='bbox 1064 789 1158 850; x_wconf 78' lang='lat' dir='ltr'><strong>Potor</strong></span> <span class='ocrx_word' id='word_1_46' title='bbox 1185 795 1217 850; x_wconf 85' lang='grc' dir='ltr'><strong>ιἰι</strong></span> <span class='ocrx_word' id='word_1_47' title='bbox 1243 809 1289 852; x_wconf 86' lang='lat' dir='ltr'><strong>ure</strong></span> <span class='ocrx_word' id='word_1_48' title='bbox 1316 803 1371 852; x_wconf 83' lang='lat' dir='ltr'><strong>est.</strong></span> <span class='ocrx_word' id='word_1_49' title='bbox 1414 791 1459 854; x_wconf 90' lang='lat' dir='ltr'><strong>lta</strong></span> 
     </span>
     <span class='ocr_line' id='line_1_6' title="bbox 223 887 1458 970; baseline 0 -18"><span class='ocrx_word' id='word_1_50' title='bbox 223 889 367 963; x_wconf 78' lang='lat' dir='ltr'><strong>„scilieet</strong></span> <span class='ocrx_word' id='word_1_51' title='bbox 387 889 485 952; x_wconf 84' lang='lat' dir='ltr'><strong>divina</strong></span> <span class='ocrx_word' id='word_1_52' title='bbox 507 889 638 952; x_wconf 76' lang='lat' dir='ltr'><strong>Trinitas</strong></span> <span class='ocrx_word' id='word_1_53' title='bbox 669 897 699 951; x_wconf 91' lang='lat' dir='ltr'><strong>et</strong></span> <span class='ocrx_word' id='word_1_54' title='bbox 722 898 823 952; x_wconf 88' lang='lat' dir='ltr'><strong>saneta</strong></span> <span class='ocrx_word' id='word_1_55' title='bbox 844 889 1032 952; x_wconf 87' lang='lat' dir='ltr'><strong>blonarebiae</strong></span> <span class='ocrx_word' id='word_1_56' title='bbox 1053 887 1233 968; x_wconf 84' lang='lat' dir='ltr'><strong>praedicatio</strong></span> <span class='ocrx_word' id='word_1_57' title='bbox 1256 891 1369 970; x_wconf 75' lang='lat' dir='ltr'><strong>integra</strong></span> <span class='ocrx_word' id='word_1_58' title='bbox 1391 909 1458 952; x_wconf 89' lang='lat' dir='ltr'><strong>ser-</strong></span> 
     </span>
     <span class='ocr_line' id='line_1_7' title="bbox 224 990 403 1064; baseline -0.006 -13"><span class='ocrx_word' id='word_1_59' title='bbox 224 990 403 1064; x_wconf 84' lang='lat' dir='ltr'><strong>‚‚vabitur.“</strong></span> 
     </span>
    </p>
   </div>
   <div class='ocr_carea' id='block_1_3' title="bbox 182 1391 1539 3383">
    <p class='ocr_par' dir='ltr' id='par_1_4' title="bbox 182 1391 1539 3383">
     <span class='ocr_line' id='line_1_8' title="bbox 309 1391 1456 1468; baseline -0.001 -11"><span class='ocrx_word' id='word_1_60' title='bbox 309 1397 360 1459; x_wconf 82' lang='lat'><strong>27.</strong></span> <span class='ocrx_word' id='word_1_61' title='bbox 407 1393 494 1468; x_wconf 84' lang='lat' dir='ltr'><strong>Quod</strong></span> <span class='ocrx_word' id='word_1_62' title='bbox 517 1401 617 1455; x_wconf 88' lang='lat' dir='ltr'><strong>autem</strong></span> <span class='ocrx_word' id='word_1_63' title='bbox 640 1393 767 1455; x_wconf 82' lang='lat' dir='ltr'><strong>Verbum</strong></span> <span class='ocrx_word' id='word_1_64' title='bbox 790 1393 827 1454; x_wconf 88' lang='lat' dir='ltr'><strong>ab</strong></span> <span class='ocrx_word' id='word_1_65' title='bbox 849 1393 1024 1456; x_wconf 71' lang='lat' dir='ltr'><strong>aeternitate</strong></span> <span class='ocrx_word' id='word_1_66' title='bbox 1040 1393 1080 1454; x_wconf 90' lang='lat' dir='ltr'><strong>sit</strong></span> <span class='ocrx_word' id='word_1_67' title='bbox 1102 1411 1167 1454; x_wconf 83' lang='lat' dir='ltr'><strong>mm</strong></span> <span class='ocrx_word' id='word_1_68' title='bbox 1182 1391 1279 1468; x_wconf 86' lang='lat' dir='ltr'><strong>Patre,</strong></span> <span class='ocrx_word' id='word_1_69' title='bbox 1302 1411 1360 1456; x_wconf 88' lang='lat' dir='ltr'><strong>neo</strong></span> <span class='ocrx_word' id='word_1_70' title='bbox 1381 1391 1456 1456; x_wconf 85' lang='lat' dir='ltr'><strong>alte·</strong></span> 
     </span>
     <span class='ocr_line' id='line_1_9' title="bbox 221 1493 1458 1574; baseline 0 -18"><span class='ocrx_word' id='word_1_71' title='bbox 221 1495 286 1556; x_wconf 82' lang='lat' dir='ltr'><strong>rius</strong></span> <span class='ocrx_word' id='word_1_72' title='bbox 309 1513 396 1574; x_wconf 88' lang='lat' dir='ltr'><strong>quam</strong></span> <span class='ocrx_word' id='word_1_73' title='bbox 419 1493 515 1556; x_wconf 87' lang='lat' dir='ltr'><strong>Patris</strong></span> <span class='ocrx_word' id='word_1_74' title='bbox 539 1493 723 1557; x_wconf 85' lang='lat' dir='ltr'><strong>substantiae</strong></span> <span class='ocrx_word' id='word_1_75' title='bbox 744 1494 790 1555; x_wconf 88' lang='lat' dir='ltr'><strong>rel</strong></span> <span class='ocrx_word' id='word_1_76' title='bbox 812 1493 984 1574; x_wconf 80' lang='lat' dir='ltr'><strong>hypostasis</strong></span> <span class='ocrx_word' id='word_1_77' title='bbox 1005 1494 1146 1574; x_wconf 88' lang='lat' dir='ltr'><strong>proprius</strong></span> <span class='ocrx_word' id='word_1_78' title='bbox 1169 1493 1217 1568; x_wconf 87' lang='lat' dir='ltr'><strong>sit,</strong></span> <span class='ocrx_word' id='word_1_79' title='bbox 1246 1499 1278 1555; x_wconf 95' lang='lat' dir='ltr'><strong>ut</strong></span> <span class='ocrx_word' id='word_1_80' title='bbox 1299 1493 1458 1556; x_wconf 79' lang='lat' dir='ltr'><strong>deelararit</strong></span> 
     </span>
     <span class='ocr_line' id='line_1_10' title="bbox 222 1593 1455 1686; baseline -0.002 -27"><span class='ocrx_word' id='word_1_81' title='bbox 222 1595 376 1676; x_wconf 80' lang='lat' dir='ltr'><strong>Spuodus,</strong></span> <span class='ocrx_word' id='word_1_82' title='bbox 404 1593 492 1657; x_wconf 83' lang='lat' dir='ltr'><strong>liceat</strong></span> <span class='ocrx_word' id='word_1_83' title='bbox 517 1613 573 1656; x_wconf 84' lang='lat' dir='ltr'><strong>ros</strong></span> <span class='ocrx_word' id='word_1_84' title='bbox 602 1595 710 1686; x_wconf 84' lang='lat' dir='ltr'><strong>iterum</strong></span> <span class='ocrx_word' id='word_1_85' title='bbox 739 1615 755 1658; x_wconf 86' lang='lat' dir='ltr'><strong>e</strong></span> <span class='ocrx_word' id='word_1_86' title='bbox 784 1595 936 1657; x_wconf 86' lang='lat' dir='ltr'><strong>laborioso</strong></span> <span class='ocrx_word' id='word_1_87' title='bbox 966 1595 1095 1676; x_wconf 75' lang='lat' dir='ltr'><strong>Origene</strong></span> <span class='ocrx_word' id='word_1_88' title='bbox 1127 1595 1240 1657; x_wconf 86' lang='lat' dir='ltr'><strong>audire.</strong></span> <span class='ocrx_word' id='word_1_89' title='bbox 1282 1593 1357 1658; x_wconf 85' lang='lat' dir='ltr'><strong>Nem</strong></span> <span class='ocrx_word' id='word_1_90' title='bbox 1379 1611 1455 1674; x_wconf 83' lang='lat' dir='ltr'><strong>quae</strong></span> 
     </span>
     <span class='ocr_line' id='line_1_11' title="bbox 221 1695 1539 1777; baseline 0.004 -19"><span class='ocrx_word' id='word_1_91' title='bbox 221 1697 272 1758; x_wconf 89' lang='lat' dir='ltr'><strong>ille</strong></span> <span class='ocrx_word' id='word_1_92' title='bbox 305 1697 384 1758; x_wconf 79' lang='lat' dir='ltr'><strong>velut</strong></span> <span class='ocrx_word' id='word_1_93' title='bbox 415 1696 568 1775; x_wconf 88' lang='lat' dir='ltr'><strong>inquirens</strong></span> <span class='ocrx_word' id='word_1_94' title='bbox 600 1703 630 1758; x_wconf 88' lang='lat' dir='ltr'><strong>et</strong></span> <span class='ocrx_word' id='word_1_95' title='bbox 657 1697 815 1777; x_wconf 86' lang='lat' dir='ltr'><strong>disputans</strong></span> <span class='ocrx_word' id='word_1_96' title='bbox 844 1697 980 1776; x_wconf 80' lang='lat' dir='ltr'><strong>scripsit,</strong></span> <span class='ocrx_word' id='word_1_97' title='bbox 1015 1714 1076 1758; x_wconf 92' lang='lat' dir='ltr'><strong>non</strong></span> <span class='ocrx_word' id='word_1_98' title='bbox 1109 1695 1148 1758; x_wconf 91' lang='lat' dir='ltr'><strong>ita</strong></span> <span class='ocrx_word' id='word_1_99' title='bbox 1176 1695 1346 1775; x_wconf 63' lang='lat' dir='ltr'><strong>accipienda</strong></span> <span class='ocrx_word' id='word_1_100' title='bbox 1373 1703 1539 1772; x_wconf 65' lang='lat' dir='ltr'><strong>suntuna.</strong></span> 
     </span>
     <span class='ocr_line' id='line_1_12' title="bbox 222 1794 1455 1878; baseline 0.001 -20"><span class='ocrx_word' id='word_1_101' title='bbox 222 1799 306 1878; x_wconf 85' lang='lat' dir='ltr'><strong>quasi</strong></span> <span class='ocrx_word' id='word_1_102' title='bbox 329 1799 373 1860; x_wconf 88' lang='lat' dir='ltr'><strong>sie</strong></span> <span class='ocrx_word' id='word_1_103' title='bbox 393 1796 459 1878; x_wconf 88' lang='lat' dir='ltr'><strong>ipse</strong></span> <span class='ocrx_word' id='word_1_104' title='bbox 482 1798 624 1870; x_wconf 82' lang='lat' dir='ltr'><strong>sentiret,</strong></span> <span class='ocrx_word' id='word_1_105' title='bbox 653 1797 707 1858; x_wconf 89' lang='lat' dir='ltr'><strong>sed</strong></span> <span class='ocrx_word' id='word_1_106' title='bbox 736 1817 773 1858; x_wconf 88' lang='lat' dir='ltr'><strong>ex</strong></span> <span class='ocrx_word' id='word_1_107' title='bbox 801 1815 905 1860; x_wconf 88' lang='lat' dir='ltr'><strong>eorum</strong></span> <span class='ocrx_word' id='word_1_108' title='bbox 927 1807 1026 1860; x_wconf 88' lang='lat' dir='ltr'><strong>mente</strong></span> <span class='ocrx_word' id='word_1_109' title='bbox 1049 1795 1226 1876; x_wconf 83' lang='lat' dir='ltr'><strong>quibuscum</strong></span> <span class='ocrx_word' id='word_1_110' title='bbox 1248 1794 1396 1875; x_wconf 87' lang='lat' dir='ltr'><strong>disputat;</strong></span> <span class='ocrx_word' id='word_1_111' title='bbox 1424 1805 1455 1859; x_wconf 87' lang='lat' dir='ltr'><strong>at</strong></span> 
     </span>
     <span class='ocr_line' id='line_1_13' title="bbox 223 1897 1454 1979; baseline -0.004 -18"><span class='ocrx_word' id='word_1_112' title='bbox 223 1917 298 1979; x_wconf 88' lang='lat' dir='ltr'><strong>quae</strong></span> <span class='ocrx_word' id='word_1_113' title='bbox 319 1897 445 1960; x_wconf 88' lang='lat' dir='ltr'><strong>tidenter</strong></span> <span class='ocrx_word' id='word_1_114' title='bbox 467 1897 570 1960; x_wconf 87' lang='lat' dir='ltr'><strong>delinit</strong></span> <span class='ocrx_word' id='word_1_115' title='bbox 592 1906 622 1959; x_wconf 89' lang='lat' dir='ltr'><strong>et</strong></span> <span class='ocrx_word' id='word_1_116' title='bbox 643 1899 778 1972; x_wconf 82' lang='lat' dir='ltr'><strong>affirmat,</strong></span> <span class='ocrx_word' id='word_1_117' title='bbox 801 1897 875 1960; x_wconf 83' lang='lat' dir='ltr'><strong>baec</strong></span> <span class='ocrx_word' id='word_1_118' title='bbox 896 1917 965 1960; x_wconf 81' lang='lat' dir='ltr'><strong>vera</strong></span> <span class='ocrx_word' id='word_1_119' title='bbox 988 1907 1034 1960; x_wconf 92' lang='lat' dir='ltr'><strong>est</strong></span> <span class='ocrx_word' id='word_1_120' title='bbox 1052 1897 1108 1959; x_wconf 82' lang='lat' dir='ltr'><strong>riri</strong></span> <span class='ocrx_word' id='word_1_121' title='bbox 1122 1897 1212 1960; x_wconf 89' lang='lat' dir='ltr'><strong>buius</strong></span> <span class='ocrx_word' id='word_1_122' title='bbox 1227 1913 1371 1978; x_wconf 85' lang='lat' dir='ltr'><strong>perquem</strong></span> <span class='ocrx_word' id='word_1_123' title='bbox 1388 1903 1454 1957; x_wconf 89' lang='lat' dir='ltr'><strong>stu-</strong></span> 
     </span>
     <span class='ocr_line' id='line_1_14' title="bbox 222 1995 1453 2080; baseline -0.002 -18"><span class='ocrx_word' id='word_1_124' title='bbox 222 2001 301 2063; x_wconf 91' lang='lat' dir='ltr'><strong>diosi</strong></span> <span class='ocrx_word' id='word_1_125' title='bbox 323 1999 481 2062; x_wconf 86' lang='lat' dir='ltr'><strong>sententia.</strong></span> <span class='ocrx_word' id='word_1_126' title='bbox 524 1999 626 2076; x_wconf 87' lang='lat' dir='ltr'><strong>ltaque</strong></span> <span class='ocrx_word' id='word_1_127' title='bbox 647 2007 783 2080; x_wconf 86' lang='lat' dir='ltr'><strong>postea,</strong></span> <span class='ocrx_word' id='word_1_128' title='bbox 810 2018 884 2080; x_wconf 89' lang='lat' dir='ltr'><strong>quae</strong></span> <span class='ocrx_word' id='word_1_129' title='bbox 907 1997 1126 2062; x_wconf 85' lang='lat' dir='ltr'><strong>exereitatiouis</strong></span> <span class='ocrx_word' id='word_1_130' title='bbox 1149 1997 1240 2077; x_wconf 79' lang='lat' dir='ltr'><strong>gratia</strong></span> <span class='ocrx_word' id='word_1_131' title='bbox 1262 1997 1300 2060; x_wconf 88' lang='lat' dir='ltr'><strong>ad</strong></span> <span class='ocrx_word' id='word_1_132' title='bbox 1321 1995 1453 2060; x_wconf 89' lang='lat' dir='ltr'><strong>baereti-</strong></span> 
     </span>
     <span class='ocr_line' id='line_1_15' title="bbox 221 2095 1455 2181; baseline -0.001 -18"><span class='ocrx_word' id='word_1_133' title='bbox 221 2121 273 2164; x_wconf 82' lang='grc' dir='ltr'><strong>ιιι</strong></span> <span class='ocrx_word' id='word_1_134' title='bbox 297 2101 386 2174; x_wconf 82' lang='lat' dir='ltr'><strong>dixit,</strong></span> <span class='ocrx_word' id='word_1_135' title='bbox 420 2100 518 2162; x_wconf 83' lang='lat' dir='ltr'><strong>stetim</strong></span> <span class='ocrx_word' id='word_1_136' title='bbox 540 2101 692 2181; x_wconf 89' lang='lat' dir='ltr'><strong>propriam</strong></span> <span class='ocrx_word' id='word_1_137' title='bbox 714 2101 778 2180; x_wconf 86' lang='lat' dir='ltr'><strong>ipse</strong></span> <span class='ocrx_word' id='word_1_138' title='bbox 806 2109 938 2162; x_wconf 84' lang='lat' dir='ltr'><strong>mentem</strong></span> <span class='ocrx_word' id='word_1_139' title='bbox 967 2099 1014 2162; x_wconf 86' lang='lat' dir='ltr'><strong>bis</strong></span> <span class='ocrx_word' id='word_1_140' title='bbox 1036 2097 1136 2161; x_wconf 81' lang='lat' dir='ltr'><strong>verbis</strong></span> <span class='ocrx_word' id='word_1_141' title='bbox 1160 2099 1295 2178; x_wconf 82' lang='lat' dir='ltr'><strong>exponit:</strong></span> <span class='ocrx_word' id='word_1_142' title='bbox 1330 2095 1384 2172; x_wconf 87' lang='lat' dir='ltr'><strong>„Si</strong></span> <span class='ocrx_word' id='word_1_143' title='bbox 1406 2105 1455 2162; x_wconf 88' lang='lat' dir='ltr'><strong>est</strong></span> 
     </span>
     <span class='ocr_line' id='line_1_16' title="bbox 222 2198 1453 2282; baseline -0.003 -18"><span class='ocrx_word' id='word_1_144' title='bbox 222 2203 346 2282; x_wconf 76' lang='lat' dir='ltr'><strong>„imago</strong></span> <span class='ocrx_word' id='word_1_145' title='bbox 368 2199 422 2264; x_wconf 88' lang='lat' dir='ltr'><strong>[lei</strong></span> <span class='ocrx_word' id='word_1_146' title='bbox 443 2202 609 2275; x_wconf 81' lang='lat' dir='ltr'><strong>invisibilis,</strong></span> <span class='ocrx_word' id='word_1_147' title='bbox 632 2200 788 2264; x_wconf 63' lang='lat' dir='ltr'><strong>inuisibilis</strong></span> <span class='ocrx_word' id='word_1_148' title='bbox 811 2220 929 2281; x_wconf 91' lang='lat' dir='ltr'><strong>quoque</strong></span> <span class='ocrx_word' id='word_1_149' title='bbox 951 2210 997 2263; x_wconf 90' lang='lat' dir='ltr'><strong>est</strong></span> <span class='ocrx_word' id='word_1_150' title='bbox 1023 2201 1088 2282; x_wconf 86' lang='lat' dir='ltr'><strong>ipsa</strong></span> <span class='ocrx_word' id='word_1_151' title='bbox 1109 2200 1217 2280; x_wconf 76' lang='lat' dir='ltr'><strong>imago.</strong></span> <span class='ocrx_word' id='word_1_152' title='bbox 1261 2199 1341 2272; x_wconf 81' lang='lat' dir='ltr'><strong>Quin</strong></span> <span class='ocrx_word' id='word_1_153' title='bbox 1364 2198 1453 2260; x_wconf 87' lang='lat' dir='ltr'><strong>etiam</strong></span> 
     </span>
     <span class='ocr_line' id='line_1_17' title="bbox 222 2299 1451 2382; baseline -0.002 -18"><span class='ocrx_word' id='word_1_154' title='bbox 222 2301 358 2376; x_wconf 86' lang='lat' dir='ltr'><strong>„addere</strong></span> <span class='ocrx_word' id='word_1_155' title='bbox 373 2302 478 2378; x_wconf 84' lang='lat' dir='ltr'><strong>ausim,</strong></span> <span class='ocrx_word' id='word_1_156' title='bbox 501 2322 568 2365; x_wconf 85' lang='lat' dir='ltr'><strong>euru</strong></span> <span class='ocrx_word' id='word_1_157' title='bbox 584 2303 625 2365; x_wconf 89' lang='lat' dir='ltr'><strong>sit</strong></span> <span class='ocrx_word' id='word_1_158' title='bbox 640 2301 803 2365; x_wconf 85' lang='lat' dir='ltr'><strong>similitudo</strong></span> <span class='ocrx_word' id='word_1_159' title='bbox 819 2301 928 2377; x_wconf 85' lang='lat' dir='ltr'><strong>Patris,</strong></span> <span class='ocrx_word' id='word_1_160' title='bbox 951 2321 1014 2364; x_wconf 92' lang='lat' dir='ltr'><strong>non</strong></span> <span class='ocrx_word' id='word_1_161' title='bbox 1035 2321 1127 2382; x_wconf 88' lang='lat' dir='ltr'><strong>posse</strong></span> <span class='ocrx_word' id='word_1_162' title='bbox 1148 2299 1224 2374; x_wconf 86' lang='lat' dir='ltr'><strong>beri,</strong></span> <span class='ocrx_word' id='word_1_163' title='bbox 1245 2299 1451 2380; x_wconf 87' lang='lat' dir='ltr'><strong>utaliquando</strong></span> 
     </span>
     <span class='ocr_line' id='line_1_18' title="bbox 222 2400 1450 2483; baseline -0.004 -17"><span class='ocrx_word' id='word_1_164' title='bbox 222 2421 308 2476; x_wconf 84' lang='lat' dir='ltr'><strong>„uon</strong></span> <span class='ocrx_word' id='word_1_165' title='bbox 331 2403 430 2464; x_wconf 90' lang='lat' dir='ltr'><strong>luerit.</strong></span> <span class='ocrx_word' id='word_1_166' title='bbox 475 2403 600 2476; x_wconf 84' lang='lat' dir='ltr'><strong>Quando</strong></span> <span class='ocrx_word' id='word_1_167' title='bbox 624 2405 703 2466; x_wconf 88' lang='lat' dir='ltr'><strong>enim</strong></span> <span class='ocrx_word' id='word_1_168' title='bbox 726 2404 816 2476; x_wconf 83' lang='lat' dir='ltr'><strong>Deus,</strong></span> <span class='ocrx_word' id='word_1_169' title='bbox 840 2421 928 2483; x_wconf 90' lang='lat' dir='ltr'><strong>quem</strong></span> <span class='ocrx_word' id='word_1_170' title='bbox 950 2403 1077 2465; x_wconf 89' lang='lat' dir='ltr'><strong>loannes</strong></span> <span class='ocrx_word' id='word_1_171' title='bbox 1098 2403 1195 2465; x_wconf 87' lang='lat' dir='ltr'><strong>luoem</strong></span> <span class='ocrx_word' id='word_1_172' title='bbox 1217 2400 1344 2482; x_wconf 86' lang='lat' dir='ltr'><strong>appellat</strong></span> <span class='ocrx_word' id='word_1_173' title='bbox 1369 2403 1450 2474; x_wconf 77' lang='lat' dir='ltr'><strong>tuam</strong></span> 
     </span>
     <span class='ocr_line' id='line_1_19' title="bbox 182 2489 1453 2583; baseline -0.005 -17"><span class='ocrx_word' id='word_1_174' title='bbox 182 2497 187 2506; x_wconf 89' lang='grc'><strong>’</strong></span> <span class='ocrx_word' id='word_1_175' title='bbox 222 2503 330 2578; x_wconf 83' lang='lat' dir='ltr'><strong>„Deus</strong></span> <span class='ocrx_word' id='word_1_176' title='bbox 359 2503 416 2565; x_wconf 77' lang='lat' dir='ltr'><strong>lum</strong></span> <span class='ocrx_word' id='word_1_177' title='bbox 443 2509 518 2580; x_wconf 82' lang='lat' dir='ltr'><strong>est),</strong></span> <span class='ocrx_word' id='word_1_178' title='bbox 547 2505 690 2582; x_wconf 87' lang='lat' dir='ltr'><strong>propriae</strong></span> <span class='ocrx_word' id='word_1_179' title='bbox 716 2489 827 2583; x_wconf 75' lang='lat' dir='ltr'><strong>gloriae</strong></span> <span class='ocrx_word' id='word_1_180' title='bbox 855 2503 1016 2583; x_wconf 83' lang='lat' dir='ltr'><strong>splendore</strong></span> <span class='ocrx_word' id='word_1_181' title='bbox 1045 2505 1153 2577; x_wconf 79' lang='lat' dir='ltr'><strong>seruit,</strong></span> <span class='ocrx_word' id='word_1_182' title='bbox 1186 2511 1220 2564; x_wconf 89' lang='lat' dir='ltr'><strong>ut</strong></span> <span class='ocrx_word' id='word_1_183' title='bbox 1251 2501 1318 2582; x_wconf 89' lang='lat' dir='ltr'><strong>quis</strong></span> <span class='ocrx_word' id='word_1_184' title='bbox 1347 2498 1453 2563; x_wconf 84' lang='lat' dir='ltr'><strong>audeat</strong></span> 
     </span>
     <span class='ocr_line' id='line_1_20' title="bbox 224 2597 1451 2684; baseline -0.002 -22"><span class='ocrx_word' id='word_1_185' title='bbox 224 2602 429 2681; x_wconf 85' lang='lat' dir='ltr'><strong>„principium</strong></span> <span class='ocrx_word' id='word_1_186' title='bbox 453 2603 596 2663; x_wconf 87' lang='lat' dir='ltr'><strong>existendi</strong></span> <span class='ocrx_word' id='word_1_187' title='bbox 619 2601 694 2662; x_wconf 85' lang='lat' dir='ltr'><strong>Filio</strong></span> <span class='ocrx_word' id='word_1_188' title='bbox 716 2603 862 2678; x_wconf 87' lang='lat' dir='ltr'><strong>tribuere,</strong></span> <span class='ocrx_word' id='word_1_189' title='bbox 885 2603 971 2684; x_wconf 87' lang='lat' dir='ltr'><strong>quasi</strong></span> <span class='ocrx_word' id='word_1_190' title='bbox 994 2605 1107 2667; x_wconf 83' lang='lat' dir='ltr'><strong>seilicet</strong></span> <span class='ocrx_word' id='word_1_191' title='bbox 1127 2613 1213 2666; x_wconf 89' lang='lat' dir='ltr'><strong>antea</strong></span> <span class='ocrx_word' id='word_1_192' title='bbox 1235 2621 1297 2664; x_wconf 90' lang='lat' dir='ltr'><strong>non</strong></span> <span class='ocrx_word' id='word_1_193' title='bbox 1320 2597 1451 2662; x_wconf 79' lang='lat' dir='ltr'><strong>brissetl</strong></span> 
     </span>
     <span class='ocr_line' id='line_1_21' title="bbox 227 2700 1452 2786; baseline -0.001 -27"><span class='ocrx_word' id='word_1_194' title='bbox 227 2700 447 2772; x_wconf 85' lang='lat' dir='ltr'><strong>„Quandonam</strong></span> <span class='ocrx_word' id='word_1_195' title='bbox 467 2720 537 2762; x_wconf 82' lang='lat' dir='ltr'><strong>vero</strong></span> <span class='ocrx_word' id='word_1_196' title='bbox 558 2718 620 2760; x_wconf 91' lang='lat' dir='ltr'><strong>non</strong></span> <span class='ocrx_word' id='word_1_197' title='bbox 643 2711 706 2762; x_wconf 85' lang='lat' dir='ltr'><strong>erat</strong></span> <span class='ocrx_word' id='word_1_198' title='bbox 720 2703 855 2775; x_wconf 80' lang='lat' dir='ltr'><strong>Verbum,</strong></span> <span class='ocrx_word' id='word_1_199' title='bbox 879 2703 1017 2777; x_wconf 80' lang='lat' dir='ltr'><strong>Verbum,</strong></span> <span class='ocrx_word' id='word_1_200' title='bbox 1040 2705 1170 2786; x_wconf 86' lang='lat' dir='ltr'><strong>inquam,</strong></span> <span class='ocrx_word' id='word_1_201' title='bbox 1193 2703 1274 2782; x_wconf 92' lang='lat' dir='ltr'><strong>quod</strong></span> <span class='ocrx_word' id='word_1_202' title='bbox 1289 2709 1320 2762; x_wconf 86' lang='lat' dir='ltr'><strong>et</strong></span> <span class='ocrx_word' id='word_1_203' title='bbox 1333 2701 1452 2761; x_wconf 86' lang='lat' dir='ltr'><strong>Patrem</strong></span> 
     </span>
     <span class='ocr_line' id='line_1_22' title="bbox 228 2797 1453 2882; baseline -0.002 -22"><span class='ocrx_word' id='word_1_204' title='bbox 228 2798 409 2877; x_wconf 77' lang='lat' dir='ltr'><strong>„cognoscit</strong></span> <span class='ocrx_word' id='word_1_205' title='bbox 429 2805 459 2860; x_wconf 87' lang='lat' dir='ltr'><strong>et</strong></span> <span class='ocrx_word' id='word_1_206' title='bbox 479 2809 524 2862; x_wconf 87' lang='lat' dir='ltr'><strong>eet</strong></span> <span class='ocrx_word' id='word_1_207' title='bbox 545 2799 695 2860; x_wconf 74' lang='lat' dir='ltr'><strong>character</strong></span> <span class='ocrx_word' id='word_1_208' title='bbox 715 2819 749 2864; x_wconf 88' lang='lat' dir='ltr'><strong>ao</strong></span> <span class='ocrx_word' id='word_1_209' title='bbox 769 2801 867 2882; x_wconf 77' lang='lat' dir='ltr'><strong>imago</strong></span> <span class='ocrx_word' id='word_1_210' title='bbox 889 2805 1021 2866; x_wconf 84' lang='lat' dir='ltr'><strong>eiusdem</strong></span> <span class='ocrx_word' id='word_1_211' title='bbox 1044 2803 1245 2874; x_wconf 84' lang='lat' dir='ltr'><strong>substantiae,</strong></span> <span class='ocrx_word' id='word_1_212' title='bbox 1268 2817 1343 2879; x_wconf 85' lang='lat' dir='ltr'><strong>quae</strong></span> <span class='ocrx_word' id='word_1_213' title='bbox 1364 2797 1453 2876; x_wconf 78' lang='lat' dir='ltr'><strong>digne</strong></span> 
     </span>
     <span class='ocr_line' id='line_1_23' title="bbox 227 2895 1453 2982; baseline -0.002 -22"><span class='ocrx_word' id='word_1_214' title='bbox 227 2916 311 2974; x_wconf 88' lang='lat' dir='ltr'><strong>„nee</strong></span> <span class='ocrx_word' id='word_1_215' title='bbox 331 2897 456 2978; x_wconf 83' lang='lat' dir='ltr'><strong>exprimi</strong></span> <span class='ocrx_word' id='word_1_216' title='bbox 477 2917 532 2960; x_wconf 86' lang='lat' dir='ltr'><strong>nee</strong></span> <span class='ocrx_word' id='word_1_217' title='bbox 552 2899 701 2960; x_wconf 88' lang='lat' dir='ltr'><strong>nominari</strong></span> <span class='ocrx_word' id='word_1_218' title='bbox 722 2918 776 2961; x_wconf 89' lang='lat' dir='ltr'><strong>nee</strong></span> <span class='ocrx_word' id='word_1_219' title='bbox 796 2902 925 2980; x_wconf 88' lang='lat' dir='ltr'><strong>prolerri</strong></span> <span class='ocrx_word' id='word_1_220' title='bbox 946 2903 1066 2982; x_wconf 75' lang='lat' dir='ltr'><strong>possiti</strong></span> <span class='ocrx_word' id='word_1_221' title='bbox 1109 2901 1257 2979; x_wconf 77' lang='lat' dir='ltr'><strong>lnreutgat</strong></span> <span class='ocrx_word' id='word_1_222' title='bbox 1278 2898 1372 2970; x_wconf 87' lang='lat' dir='ltr'><strong>euim,</strong></span> <span class='ocrx_word' id='word_1_223' title='bbox 1402 2895 1453 2974; x_wconf 88' lang='lat' dir='ltr'><strong>qul</strong></span> 
     </span>
     <span class='ocr_line' id='line_1_24' title="bbox 223 2995 1451 3081; baseline -0.002 -21"><span class='ocrx_word' id='word_1_224' title='bbox 223 2997 352 3074; x_wconf 79' lang='lat' dir='ltr'><strong>„disere</strong></span> <span class='ocrx_word' id='word_1_225' title='bbox 373 2999 477 3060; x_wconf 83' lang='lat' dir='ltr'><strong>audet:</strong></span> <span class='ocrx_word' id='word_1_226' title='bbox 499 2999 571 3062; x_wconf 77' lang='lat' dir='ltr'><strong>roo</strong></span> <span class='ocrx_word' id='word_1_227' title='bbox 592 2999 765 3081; x_wconf 76' lang='lat' dir='ltr'><strong>aliquando,</strong></span> <span class='ocrx_word' id='word_1_228' title='bbox 789 3019 856 3062; x_wconf 79' lang='lat' dir='ltr'><strong>oum</strong></span> <span class='ocrx_word' id='word_1_229' title='bbox 877 3019 941 3064; x_wconf 82' lang='lat' dir='ltr'><strong>noo</strong></span> <span class='ocrx_word' id='word_1_230' title='bbox 962 3013 1039 3066; x_wconf 70' lang='lat' dir='ltr'><strong>erret</strong></span> <span class='ocrx_word' id='word_1_231' title='bbox 1054 3003 1162 3075; x_wconf 79' lang='lat' dir='ltr'><strong>Filius,</strong></span> <span class='ocrx_word' id='word_1_232' title='bbox 1184 3001 1263 3062; x_wconf 88' lang='lat' dir='ltr'><strong>idern</strong></span> <span class='ocrx_word' id='word_1_233' title='bbox 1286 3015 1354 3060; x_wconf 89' lang='lat' dir='ltr'><strong>esse</strong></span> <span class='ocrx_word' id='word_1_234' title='bbox 1375 3014 1409 3057; x_wconf 87' lang='lat' dir='ltr'><strong>ae</strong></span> <span class='ocrx_word' id='word_1_235' title='bbox 1424 2995 1451 3058; x_wconf 88' lang='lat' dir='ltr'><strong>si</strong></span> 
     </span>
     <span class='ocr_line' id='line_1_25' title="bbox 222 3099 1452 3182; baseline 0 -21"><span class='ocrx_word' id='word_1_236' title='bbox 222 3099 375 3174; x_wconf 67' lang='lat' dir='ltr'><strong>„dicerem</strong></span> <span class='ocrx_word' id='word_1_237' title='bbox 406 3099 562 3182; x_wconf 77' lang='lat' dir='ltr'><strong>Sopr’eotr&#39;o</strong></span> <span class='ocrx_word' id='word_1_238' title='bbox 584 3099 748 3180; x_wconf 76' lang='lat' dir='ltr'><strong>aequaeuo</strong></span> <span class='ocrx_word' id='word_1_239' title='bbox 770 3117 835 3162; x_wconf 80' lang='lat' dir='ltr'><strong>noo</strong></span> <span class='ocrx_word' id='word_1_240' title='bbox 857 3111 938 3174; x_wconf 84' lang='lat' dir='ltr'><strong>erut,</strong></span> <span class='ocrx_word' id='word_1_241' title='bbox 964 3101 1091 3164; x_wconf 73' lang='lat' dir='ltr'><strong>Verbum</strong></span> <span class='ocrx_word' id='word_1_242' title='bbox 1111 3119 1176 3163; x_wconf 81' lang='lat' dir='ltr'><strong>troo</strong></span> <span class='ocrx_word' id='word_1_243' title='bbox 1197 3111 1278 3172; x_wconf 82' lang='lat' dir='ltr'><strong>erat,</strong></span> <span class='ocrx_word' id='word_1_244' title='bbox 1306 3103 1368 3161; x_wconf 79' lang='lat' dir='ltr'><strong>otto</strong></span> <span class='ocrx_word' id='word_1_245' title='bbox 1389 3111 1452 3161; x_wconf 85' lang='grc' dir='ltr'>ιιιιι</span> 
     </span>
     <span class='ocr_line' id='line_1_26' title="bbox 221 3197 1448 3280; baseline 0 -18"><span class='ocrx_word' id='word_1_246' title='bbox 221 3209 350 3276; x_wconf 85' lang='lat' dir='ltr'><strong>„erot.“</strong></span> <span class='ocrx_word' id='word_1_247' title='bbox 393 3200 475 3264; x_wconf 88' lang='lat' dir='ltr'><strong>Idem</strong></span> <span class='ocrx_word' id='word_1_248' title='bbox 497 3219 605 3264; x_wconf 90' lang='lat' dir='ltr'><strong>rursus</strong></span> <span class='ocrx_word' id='word_1_249' title='bbox 627 3199 667 3262; x_wconf 90' lang='lat' dir='ltr'><strong>ita</strong></span> <span class='ocrx_word' id='word_1_250' title='bbox 690 3199 757 3262; x_wconf 87' lang='lat' dir='ltr'><strong>alibi</strong></span> <span class='ocrx_word' id='word_1_251' title='bbox 779 3200 928 3280; x_wconf 89' lang='lat' dir='ltr'><strong>loquitur:</strong></span> <span class='ocrx_word' id='word_1_252' title='bbox 960 3199 1090 3274; x_wconf 83' lang='lat' dir='ltr'><strong>„Verum</strong></span> <span class='ocrx_word' id='word_1_253' title='bbox 1119 3202 1203 3262; x_wconf 75' lang='lat' dir='ltr'><strong>nobs</strong></span> <span class='ocrx_word' id='word_1_254' title='bbox 1225 3207 1271 3262; x_wconf 88' lang='lat' dir='ltr'><strong>est</strong></span> <span class='ocrx_word' id='word_1_255' title='bbox 1291 3217 1347 3262; x_wconf 86' lang='lat' dir='ltr'><strong>neo</strong></span> <span class='ocrx_word' id='word_1_256' title='bbox 1364 3197 1448 3279; x_wconf 84' lang='lat' dir='ltr'><strong>peri·</strong></span> 
     </span>
     <span class='ocr_line' id='line_1_27' title="bbox 222 3299 1449 3383; baseline -0.003 -17"><span class='ocrx_word' id='word_1_257' title='bbox 222 3301 313 3375; x_wconf 83' lang='lat' dir='ltr'><strong>„mlo</strong></span> <span class='ocrx_word' id='word_1_258' title='bbox 335 3309 427 3376; x_wconf 86' lang='lat' dir='ltr'><strong>rarat,</strong></span> <span class='ocrx_word' id='word_1_259' title='bbox 450 3311 575 3383; x_wconf 89' lang='lat' dir='ltr'><strong>propter</strong></span> <span class='ocrx_word' id='word_1_260' title='bbox 595 3309 730 3364; x_wconf 85' lang='lat' dir='ltr'><strong>nostram</strong></span> <span class='ocrx_word' id='word_1_261' title='bbox 752 3299 954 3364; x_wconf 83' lang='lat' dir='ltr'><strong>infirmitatem</strong></span> <span class='ocrx_word' id='word_1_262' title='bbox 967 3299 1062 3364; x_wconf 85' lang='lat' dir='ltr'><strong>Deum</strong></span> <span class='ocrx_word' id='word_1_263' title='bbox 1083 3311 1223 3382; x_wconf 85' lang='lat' dir='ltr'><strong>quantum</strong></span> <span class='ocrx_word' id='word_1_264' title='bbox 1244 3301 1274 3364; x_wconf 92' lang='lat' dir='ltr'><strong>in</strong></span> <span class='ocrx_word' id='word_1_265' title='bbox 1296 3299 1385 3363; x_wconf 87' lang='lat' dir='ltr'><strong>uobis</strong></span> <span class='ocrx_word' id='word_1_266' title='bbox 1400 3305 1449 3362; x_wconf 87' lang='lat' dir='ltr'><strong>est</strong></span> 
     </span>
    </p>
   </div>
   <div class='ocr_carea' id='block_1_4' title="bbox 220 3402 1581 4086">
    <p class='ocr_par' dir='ltr' id='par_1_5' title="bbox 220 3402 1581 4086">
     <span class='ocr_line' id='line_1_28' title="bbox 222 3402 1581 3494; baseline 0.001 -30"><span class='ocrx_word' id='word_1_267' title='bbox 222 3402 400 3481; x_wconf 78' lang='lat' dir='ltr'><strong>„unigenito</strong></span> <span class='ocrx_word' id='word_1_268' title='bbox 421 3403 538 3483; x_wconf 76' lang='lat' dir='ltr'><strong>privare</strong></span> <span class='ocrx_word' id='word_1_269' title='bbox 559 3402 668 3478; x_wconf 85' lang='lat' dir='ltr'><strong>Verbo,</strong></span> <span class='ocrx_word' id='word_1_270' title='bbox 691 3403 771 3482; x_wconf 91' lang='lat' dir='ltr'><strong>quod</strong></span> <span class='ocrx_word' id='word_1_271' title='bbox 793 3419 916 3483; x_wconf 87' lang='lat' dir='ltr'><strong>semper</strong></span> <span class='ocrx_word' id='word_1_272' title='bbox 936 3419 1003 3464; x_wconf 88' lang='lat' dir='ltr'><strong>eum</strong></span> <span class='ocrx_word' id='word_1_273' title='bbox 1024 3402 1074 3466; x_wconf 90' lang='lat' dir='ltr'><strong>illo</strong></span> <span class='ocrx_word' id='word_1_274' title='bbox 1097 3402 1167 3480; x_wconf 85' lang='lat' dir='ltr'><strong>luit,</strong></span> <span class='ocrx_word' id='word_1_275' title='bbox 1191 3413 1220 3466; x_wconf 92' lang='lat' dir='ltr'><strong>et</strong></span> <span class='ocrx_word' id='word_1_276' title='bbox 1242 3403 1289 3466; x_wconf 89' lang='lat' dir='ltr'><strong>illa</strong></span> <span class='ocrx_word' id='word_1_277' title='bbox 1312 3411 1375 3466; x_wconf 89' lang='lat' dir='ltr'><strong>erat</strong></span> <span class='ocrx_word' id='word_1_278' title='bbox 1396 3421 1447 3466; x_wconf 86' lang='lat' dir='ltr'><strong>sa·</strong></span> <span class='ocrx_word' id='word_1_279' title='bbox 1571 3478 1581 3494; x_wconf 27' lang='grc' dir='ltr'>ἱ</span> 
     </span>
     <span class='ocr_line' id='line_1_29' title="bbox 222 3502 1447 3586; baseline 0 -22"><span class='ocrx_word' id='word_1_280' title='bbox 222 3502 369 3582; x_wconf 66' lang='lat' dir='ltr'><strong>„pientia</strong></span> <span class='ocrx_word' id='word_1_281' title='bbox 392 3519 449 3582; x_wconf 89' lang='lat' dir='ltr'><strong>qua</strong></span> <span class='ocrx_word' id='word_1_282' title='bbox 470 3503 678 3566; x_wconf 81' lang='lat' dir='ltr'><strong>delectabatur.</strong></span> <span class='ocrx_word' id='word_1_283' title='bbox 721 3503 859 3583; x_wconf 77' lang='lat' dir='ltr'><strong>Alioquin</strong></span> <span class='ocrx_word' id='word_1_284' title='bbox 880 3519 949 3566; x_wconf 91' lang='lat' dir='ltr'><strong>eum</strong></span> <span class='ocrx_word' id='word_1_285' title='bbox 972 3521 1032 3566; x_wconf 88' lang='lat' dir='ltr'><strong>non</strong></span> <span class='ocrx_word' id='word_1_286' title='bbox 1060 3522 1179 3586; x_wconf 88' lang='lat' dir='ltr'><strong>semper</strong></span> <span class='ocrx_word' id='word_1_287' title='bbox 1199 3504 1294 3567; x_wconf 85' lang='lat' dir='ltr'><strong>luisse</strong></span> <span class='ocrx_word' id='word_1_288' title='bbox 1315 3503 1447 3566; x_wconf 85' lang='lat' dir='ltr'><strong>deloeta·</strong></span> 
     </span>
     <span class='ocr_line' id='line_1_30' title="bbox 223 3601 1449 3685; baseline 0 -22"><span class='ocrx_word' id='word_1_289' title='bbox 223 3611 312 3674; x_wconf 86' lang='lat' dir='ltr'><strong>„tum</strong></span> <span class='ocrx_word' id='word_1_290' title='bbox 334 3601 557 3682; x_wconf 76' lang='lat' dir='ltr'><strong>intelligendum</strong></span> <span class='ocrx_word' id='word_1_291' title='bbox 580 3603 668 3664; x_wconf 85' lang='lat' dir='ltr'><strong>erit.“</strong></span> <span class='ocrx_word' id='word_1_292' title='bbox 711 3601 755 3665; x_wconf 87' lang='lat' dir='ltr'><strong>En</strong></span> <span class='ocrx_word' id='word_1_293' title='bbox 783 3603 873 3684; x_wconf 77' lang='lat' dir='ltr'><strong>igimr</strong></span> <span class='ocrx_word' id='word_1_294' title='bbox 900 3621 956 3666; x_wconf 90' lang='lat' dir='ltr'><strong>uos</strong></span> <span class='ocrx_word' id='word_1_295' title='bbox 984 3603 1103 3685; x_wconf 89' lang='lat' dir='ltr'><strong>quidem</strong></span> <span class='ocrx_word' id='word_1_296' title='bbox 1131 3605 1207 3668; x_wconf 87' lang='lat' dir='ltr'><strong>bano</strong></span> <span class='ocrx_word' id='word_1_297' title='bbox 1230 3602 1449 3668; x_wconf 89' lang='lat' dir='ltr'><strong>sententiama</strong></span> 
     </span>
     <span class='ocr_line' id='line_1_31' title="bbox 220 3695 1449 3780; baseline 0.001 -17"><span class='ocrx_word' id='word_1_298' title='bbox 220 3695 357 3765; x_wconf 86' lang='lat' dir='ltr'><strong>Patribus</strong></span> <span class='ocrx_word' id='word_1_299' title='bbox 380 3703 416 3766; x_wconf 88' lang='lat' dir='ltr'><strong>ad</strong></span> <span class='ocrx_word' id='word_1_300' title='bbox 437 3702 541 3765; x_wconf 84' lang='lat' dir='ltr'><strong>Patres</strong></span> <span class='ocrx_word' id='word_1_301' title='bbox 562 3703 710 3766; x_wconf 84' lang='lat' dir='ltr'><strong>transisse</strong></span> <span class='ocrx_word' id='word_1_302' title='bbox 732 3703 986 3780; x_wconf 82' lang='lat' dir='ltr'><strong>demonstramns3</strong></span> <span class='ocrx_word' id='word_1_303' title='bbox 1013 3724 1069 3766; x_wconf 87' lang='lat' dir='ltr'><strong>vos</strong></span> <span class='ocrx_word' id='word_1_304' title='bbox 1097 3723 1187 3778; x_wconf 83' lang='lat' dir='ltr'><strong>vero,</strong></span> <span class='ocrx_word' id='word_1_305' title='bbox 1215 3723 1233 3766; x_wconf 92' lang='lat' dir='ltr'><strong>o</strong></span> <span class='ocrx_word' id='word_1_306' title='bbox 1255 3703 1326 3767; x_wconf 83' lang='lat' dir='ltr'><strong>nori</strong></span> <span class='ocrx_word' id='word_1_307' title='bbox 1347 3701 1449 3766; x_wconf 86' lang='lat' dir='ltr'><strong>ludaei</strong></span> 
     </span>
     <span class='ocr_line' id='line_1_32' title="bbox 222 3800 1448 3884; baseline -0.002 -20"><span class='ocrx_word' id='word_1_308' title='bbox 222 3811 252 3864; x_wconf 88' lang='lat' dir='ltr'><strong>et</strong></span> <span class='ocrx_word' id='word_1_309' title='bbox 273 3801 400 3882; x_wconf 77' lang='lat' dir='ltr'><strong>Caiphae</strong></span> <span class='ocrx_word' id='word_1_310' title='bbox 421 3803 569 3883; x_wconf 87' lang='lat' dir='ltr'><strong>discipuli,</strong></span> <span class='ocrx_word' id='word_1_311' title='bbox 591 3821 668 3882; x_wconf 88' lang='lat' dir='ltr'><strong>quos</strong></span> <span class='ocrx_word' id='word_1_312' title='bbox 690 3801 803 3878; x_wconf 87' lang='lat' dir='ltr'><strong>Patres,</strong></span> <span class='ocrx_word' id='word_1_313' title='bbox 826 3802 877 3884; x_wconf 90' lang='lat' dir='ltr'><strong>qui</strong></span> <span class='ocrx_word' id='word_1_314' title='bbox 898 3806 1005 3866; x_wconf 86' lang='lat' dir='ltr'><strong>restris</strong></span> <span class='ocrx_word' id='word_1_315' title='bbox 1020 3803 1134 3866; x_wconf 89' lang='lat' dir='ltr'><strong>roeulis</strong></span> <span class='ocrx_word' id='word_1_316' title='bbox 1149 3803 1285 3879; x_wconf 76' lang='lat' dir='ltr'><strong>laverint,</strong></span> <span class='ocrx_word' id='word_1_317' title='bbox 1308 3800 1448 3867; x_wconf 85' lang='lat' dir='ltr'><strong>exhibere</strong></span> 
     </span>
     <span class='ocr_line' id='line_1_33' title="bbox 220 3900 1449 3986; baseline -0.002 -23"><span class='ocrx_word' id='word_1_318' title='bbox 220 3900 373 3986; x_wconf 74' lang='lat' dir='ltr'><strong>potestis?</strong></span> <span class='ocrx_word' id='word_1_319' title='bbox 416 3901 535 3964; x_wconf 85' lang='lat' dir='ltr'><strong>Nullum</strong></span> <span class='ocrx_word' id='word_1_320' title='bbox 562 3911 641 3964; x_wconf 88' lang='lat' dir='ltr'><strong>eerte</strong></span> <span class='ocrx_word' id='word_1_321' title='bbox 668 3904 844 3982; x_wconf 89' lang='lat' dir='ltr'><strong>pmdentem</strong></span> <span class='ocrx_word' id='word_1_322' title='bbox 873 3911 903 3963; x_wconf 89' lang='lat' dir='ltr'><strong>et</strong></span> <span class='ocrx_word' id='word_1_323' title='bbox 929 3903 1094 3983; x_wconf 81' lang='lat' dir='ltr'><strong>sapientem</strong></span> <span class='ocrx_word' id='word_1_324' title='bbox 1121 3920 1252 3983; x_wconf 87' lang='lat' dir='ltr'><strong>uuquam</strong></span> <span class='ocrx_word' id='word_1_325' title='bbox 1272 3901 1449 3984; x_wconf 68' lang='lat' dir='ltr'><strong>proferetise</strong></span> 
     </span>
     <span class='ocr_line' id='line_1_34' title="bbox 222 3999 1449 4086; baseline 0.003 -24"><span class='ocrx_word' id='word_1_326' title='bbox 222 4019 327 4065; x_wconf 89' lang='lat' dir='ltr'><strong>omnes</strong></span> <span class='ocrx_word' id='word_1_327' title='bbox 355 4001 435 4064; x_wconf 88' lang='lat' dir='ltr'><strong>enim</strong></span> <span class='ocrx_word' id='word_1_328' title='bbox 462 4020 479 4064; x_wconf 90' lang='grc' dir='ltr'><strong>ι</strong></span> <span class='ocrx_word' id='word_1_329' title='bbox 506 4001 592 4064; x_wconf 88' lang='lat' dir='ltr'><strong>robis</strong></span> <span class='ocrx_word' id='word_1_330' title='bbox 619 3999 781 4064; x_wconf 81' lang='lat' dir='ltr'><strong>abhorrent</strong></span> <span class='ocrx_word' id='word_1_331' title='bbox 805 4008 923 4083; x_wconf 86' lang='lat' dir='ltr'><strong>praeter</strong></span> <span class='ocrx_word' id='word_1_332' title='bbox 951 4017 1044 4064; x_wconf 92' lang='lat' dir='ltr'><strong>unum</strong></span> <span class='ocrx_word' id='word_1_333' title='bbox 1071 3999 1237 4080; x_wconf 88' lang='lat' dir='ltr'><strong>diabolum,</strong></span> <span class='ocrx_word' id='word_1_334' title='bbox 1269 4003 1320 4086; x_wconf 90' lang='lat' dir='ltr'><strong>qui</strong></span> <span class='ocrx_word' id='word_1_335' title='bbox 1340 4017 1449 4084; x_wconf 84' lang='lat' dir='ltr'><strong>nempe</strong></span> 
     </span>
    </p>
   </div>
   <div class='ocr_carea' id='block_1_5' title="bbox 221 4317 1446 4590">
    <p class='ocr_par' dir='ltr' id='par_1_6' title="bbox 221 4317 1446 4590">
     <span class='ocr_line' id='line_1_35' title="bbox 221 4317 1445 4400; baseline 0.002 -30"><span class='ocrx_word' id='word_1_336' title='bbox 221 4321 290 4384; x_wconf 73' lang='lat' dir='ltr'><strong>penis</strong></span> <span class='ocrx_word' id='word_1_337' title='bbox 307 4321 485 4398; x_wconf 75' lang='lat' dir='ltr'><strong>operibusque</strong></span> <span class='ocrx_word' id='word_1_338' title='bbox 504 4319 623 4383; x_wconf 66' lang='lat' dir='ltr'><strong>legentur.</strong></span> <span class='ocrx_word' id='word_1_339' title='bbox 659 4317 807 4371; x_wconf 71' lang='lat' dir='ltr'><strong>distamen</strong></span> <span class='ocrx_word' id='word_1_340' title='bbox 860 4319 915 4400; x_wconf 65' lang='lat' dir='ltr'><strong>edit</strong></span> <span class='ocrx_word' id='word_1_341' title='bbox 934 4319 1069 4400; x_wconf 60' lang='lat' dir='ltr'><strong>Conmel33</strong></span> <span class='ocrx_word' id='word_1_342' title='bbox 1094 4335 1147 4372; x_wconf 81' lang='lat' dir='ltr'><strong>eam</strong></span> <span class='ocrx_word' id='word_1_343' title='bbox 1165 4328 1246 4372; x_wconf 77' lang='lat' dir='ltr'><strong>tamon</strong></span> <span class='ocrx_word' id='word_1_344' title='bbox 1264 4319 1322 4374; x_wconf 83' lang='lat' dir='ltr'><strong>ntlil</strong></span> <span class='ocrx_word' id='word_1_345' title='bbox 1341 4328 1404 4372; x_wconf 83' lang='grc' dir='ltr'>ιιιιι</span> <span class='ocrx_word' id='word_1_346' title='bbox 1420 4321 1445 4372; x_wconf 91' lang='lat' dir='ltr'><strong>ln</strong></span> 
     </span>
     <span class='ocr_line' id='line_1_36' title="bbox 221 4383 1338 4532; baseline -0.001 -27"><span class='ocrx_word' id='word_1_347' title='bbox 221 4388 286 4505; x_wconf 49' lang='lat' dir='ltr'><strong>opti·</strong></span> <span class='ocrx_word' id='word_1_348' title='bbox 295 4387 540 4505; x_wconf 47' lang='lat' dir='ltr'><strong>Eediiiionliiiiiie&#39;daii</strong></span> <span class='ocrx_word' id='word_1_349' title='bbox 551 4383 748 4520; x_wconf 46' lang='lat' dir='ltr'><strong>igitir-&#39;lete</strong></span> <span class='ocrx_word' id='word_1_350' title='bbox 764 4454 808 4506; x_wconf 83' lang='lat' dir='ltr'><strong>ad·</strong></span> <span class='ocrx_word' id='word_1_351' title='bbox 860 4387 1089 4532; x_wconf 38' lang='lat' dir='ltr'><strong>miiob&#39;iiiriffiv</strong></span> <span class='ocrx_word' id='word_1_352' title='bbox 1105 4454 1201 4532; x_wconf 72' lang='lat' dir='ltr'><strong>qmittit</strong></span> <span class='ocrx_word' id='word_1_353' title='bbox 1324 4518 1338 4530; x_wconf 93' lang='lat'><strong>..</strong></span> 
     </span>
     <span class='ocr_line' id='line_1_37' title="bbox 221 4511 1446 4590; baseline 0 -18"><span class='ocrx_word' id='word_1_354' title='bbox 221 4521 256 4572; x_wconf 80' lang='lat' dir='ltr'><strong>dit</strong></span> <span class='ocrx_word' id='word_1_355' title='bbox 273 4529 330 4572; x_wconf 79' lang='lat' dir='ltr'><strong>mae</strong></span> <span class='ocrx_word' id='word_1_356' title='bbox 345 4513 498 4590; x_wconf 75' lang='grc' dir='ltr'><em>πρότερον,</em></span> <span class='ocrx_word' id='word_1_357' title='bbox 522 4523 567 4574; x_wconf 79' lang='lat' dir='ltr'><strong>sed</strong></span> <span class='ocrx_word' id='word_1_358' title='bbox 589 4519 765 4574; x_wconf 70' lang='lat' dir='ltr'><strong>abutetur.</strong></span> <span class='ocrx_word' id='word_1_359' title='bbox 784 4531 809 4574; x_wconf 83' lang='lat' dir='ltr'><strong>at</strong></span> <span class='ocrx_word' id='word_1_360' title='bbox 893 4523 912 4576; x_wconf 82' lang='lat' dir='ltr'><strong>l.</strong></span> <span class='ocrx_word' id='word_1_361' title='bbox 928 4519 971 4578; x_wconf 77' lang='lat' dir='ltr'><strong>Sue</strong></span> <span class='ocrx_word' id='word_1_362' title='bbox 986 4521 1044 4584; x_wconf 63' lang='lat' dir='ltr'><strong>llas.</strong></span> <span class='ocrx_word' id='word_1_363' title='bbox 1079 4521 1142 4572; x_wconf 82' lang='lat' dir='ltr'><strong>ltdrtr</strong></span> <span class='ocrx_word' id='word_1_364' title='bbox 1160 4526 1241 4571; x_wconf 74' lang='lat' dir='ltr'><strong>eutem</strong></span> <span class='ocrx_word' id='word_1_365' title='bbox 1257 4524 1282 4568; x_wconf 82' lang='grc' dir='ltr'><strong>ιι</strong></span> <span class='ocrx_word' id='word_1_366' title='bbox 1298 4515 1339 4568; x_wconf 85' lang='lat' dir='ltr'><strong>alu</strong></span> <span class='ocrx_word' id='word_1_367' title='bbox 1357 4511 1446 4585; x_wconf 60' lang='grc' dir='ltr'><strong><em>ἡμᾶν.</em></strong></span> 
     </span>
    </p>
   </div>
   <div class='ocr_carea' id='block_1_6' title="bbox 0 0 1619 5280">
    <p class='ocr_par' dir='ltr' id='par_1_7' title="bbox 0 0 1619 5280">
     <span class='ocr_line' id='line_1_38' title="bbox 0 0 1619 5280; baseline 0 0"><span class='ocrx_word' id='word_1_368' title='bbox 0 0 1619 5280; x_wconf 95' lang='lat' dir='ltr'><strong> </strong></span> 
     </span>
    </p>
   </div>
  </div>
 </body>
</html>
