3258 5276
590 411 697 456 omrro
713 411 745 455 n.
762 411 880 455 conrrm
893 411 1029 456 tarenos.
1345 399 1408 464 283

179 566 245 628 eius
272 581 328 644 pro
360 563 449 625 nobis
471 561 690 625 administratio
718 561 897 642 Angelorum
927 561 1183 626 administratione
1205 567 1492 646 praestantiorum

177 675 225 730 est
245 667 331 739 lecta,
354 663 481 744 denique
503 664 600 743 ipsum
623 664 696 724 item
717 664 825 726 tactum
847 671 895 725 est
917 663 964 725 rie
986 665 1219 735 etresurrectio.
1263 663 1359 748 itque
1375 677 1408 732 ut

175 765 256 830 istud
278 765 349 828 l'r‘oe
370 767 446 829 milri
465 771 498 829 tn
520 766 618 828 Decem
636 774 843 846 protectorem
857 781 918 825 non
938 771 1062 824 naturae
1077 763 1173 842 ipsius
1189 765 1242 827 llei
1263 787 1407 847 procree-

176 869 307 941 tionem,
336 867 390 930 sed
409 867 474 930 eins
495 865 724 938 humanitatem,
747 872 781 926 ut
802 865 882 937 dixi,
907 864 1054 944 significat
1074 871 1104 926 et
1125 863 1344 943 benignitatem,
1366 871 1407 932 ita

175 969 224 1032 bis
247 968 371 1030 vocibus
390 973 603 1050 praestantior
631 969 735 1046 suctus
756 965 878 1046 Angelis
908 973 938 1026 et
966 965 1069 1044 soclus
1091 975 1137 1028 eat
1159 973 1188 1028 et
1210 977 1295 1030 tonte
1316 987 1408 1047 proe-

177 1073 314 1134 ctontior
334 1087 469 1150 sponsor
489 1072 592 1149 [octus
614 1077 660 1130 eet
682 1067 769 1136 leant
792 1084 853 1128 non
874 1066 962 1128 Verbi
984 1067 1059 1128 lacto
1088 1083 1159 1128 esse
1184 1073 1289 1128 nature
1313 1069 1407 1148 signi-

176 1171 280 1234 ficetur
303 1170 423 1248 (absit),
451 1169 504 1233 sed
526 1169 719 1242 beneficium,
748 1166 827 1248 quod
856 1185 891 1230 er
914 1169 978 1230 eius
1001 1167 1170 1249 accepimus
1192 1166 1406 1244 incarnatione,

178 1271 367 1352 quantumvis
395 1270 502 1352 ingrati
530 1270 642 1333 luerint
668 1268 810 1332 baeretici
836 1277 924 1349 atque
951 1269 983 1331 in
1015 1270 1123 1332 tuenda
1156 1269 1308 1350 impietate
1335 1253 1423 1352 per-⁸

177 1391 337 1453 pugnaces.

468 1589 672 1654 Elusltlttl
701 1587 885 1651 CONTRA
911 1587 1110 1652 Antelios

642 1721 765 1774 enarro
785 1720 946 1774 sueonos.

268 1879 295 1939 1.
339 1877 402 1956 Ego
426 1875 544 1955 quidem
567 1893 764 1955 speraveram.
785 1875 861 1946 lore,
884 1881 917 1936 ut
931 1875 993 1936 Arii
1016 1873 1148 1936 insaniae
1169 1873 1333 1938 histriones
1355 1895 1405 1939 ar-

178 1977 339 2056 gumentis,
364 1997 439 2057 quae
461 1995 551 2056 supro
574 1995 639 2039 cum
662 1977 698 2038 ed
720 1976 786 2038 illos
809 1977 1004 2039 confutandos
1032 1985 1094 2038 tum
1117 1977 1153 2038 ad
1175 1976 1328 2040 veritatem
1350 1997 1406 2057 ps-

179 2078 372 2142 tetaciendam
395 2078 525 2152 tractavi,
548 2079 676 2141 contenti
699 2077 840 2158 deinceps
864 2078 1060 2158 quiescerent,
1082 2079 1223 2159 ipsosque
1239 2079 1408 2158 poeniteret

178 2189 237 2242 tem
266 2180 341 2243 mole
363 2181 399 2243 de
421 2179 573 2243 Salvatore
600 2179 735 2242 sensisse
763 2187 793 2242 et
819 2179 937 2241 locutos
960 2198 1037 2242 esse.
1082 2180 1189 2242 Verum
1212 2179 1268 2256 illi,
1301 2181 1405 2244 nescio

177 2299 236 2362 quo
259 2290 355 2362 pacto,
377 2301 415 2345 oe
437 2284 478 2344 ita
500 2281 618 2363 quidem
639 2283 794 2356 recedunt,
819 2281 873 2344 sed
895 2299 1055 2360 porcorum
1078 2301 1219 2344 canumre
1237 2301 1321 2345 more
1336 2303 1405 2366 sese

177 2381 208 2444 in
230 2402 301 2448 suae
324 2385 495 2448 vomitionis
516 2385 579 2446 luto
603 2393 633 2445 et
654 2383 795 2445 sordibus
818 2381 985 2444 volutantes
1007 2401 1081 2444 novo
1110 2393 1277 2447 commenta
1299 2386 1404 2446 delen-

176 2483 289 2548 dendae
311 2486 471 2566 impietatis
494 2503 584 2548 censa
606 2484 662 2546 sibi
685 2483 860 2572 excogitent.
904 2483 1005 2564 ltaque
1027 2504 1083 2548 neo
1102 2485 1174 2549 illud
1187 2486 1404 2564 intelligentes,

176 2589 254 2666 quod
277 2588 307 2649 in
329 2587 501 2649 Proverbiis
525 2585 669 2663 scriptum
692 2591 754 2644 est:
776 2583 925 2649 Dominus
946 2591 1063 2650 creauit
1083 2606 1129 2649 me
1151 2591 1273 2650 isitium
1286 2591 1408 2648 olorum

179 2705 307 2748 cuorum
328 2692 361 2748 in
384 2705 479 2766 opero
501 2705 568 2756 eno,
591 2703 647 2771 nqc
668 2683 746 2746 istud
761 2685 911 2765 Apostoli:
938 2689 1002 2761 Qui
1020 2687 1119 2768 fidelis
1142 2697 1187 2750 cet
1209 2692 1245 2763 ei,
1267 2689 1321 2768 qni
1335 2687 1408 2764 fecit

178 2785 281 2856 illem,
316 2793 429 2846 temere
451 2786 629 2847 altercantur
649 2787 787 2866 aiuntque
809 2788 861 2850 uei
885 2788 990 2850 Filium
1013 2807 1078 2849 rem
1100 2791 1206 2850 lactem
1229 2795 1259 2848 et
1279 2793 1407 2847 creatam

179 2903 257 2946 esse.
302 2885 379 2947 Sane
401 2905 437 2948 ex
461 2885 523 2958 bis,
552 2905 627 2964 quse
655 2905 746 2966 supra
768 2889 844 2950 dieta
866 2897 952 2961 aunt,
984 2887 1093 2949 licebat
1120 2888 1197 2966 ipsis
1224 2887 1408 2966 perspicere.

177 2985 237 3047 nisi
260 3003 369 3047 sensus
390 2987 510 3065 penitus
533 2986 715 3060 amisissent,
737 2987 845 3050 Filium
867 2995 941 3050 teste
957 2987 1079 3050 veritate
1094 3005 1129 3048 ex
1144 2986 1238 3047 nihilo
1254 3003 1315 3048 non
1331 3003 1407 3058 esse,

177 3087 334 3166 nequead
357 3105 407 3148 res
430 3088 521 3148 lactas
543 3087 600 3149 ulla
623 3087 738 3150 ratione
759 3090 920 3167 pertinere.
966 3089 1041 3148 Cum
1063 3086 1143 3148 enim
1164 3086 1244 3148 Deus
1273 3086 1336 3167 ipse
1359 3085 1407 3160 sit,

176 3205 235 3248 nec
255 3187 299 3248 ias
322 3195 368 3248 est
397 3206 465 3250 eum
494 3197 624 3250 creatum
647 3188 756 3250 dicere.
801 3187 954 3266 Siquidem
982 3205 1082 3249 rerum
1110 3197 1273 3250 creatarum
1304 3196 1334 3251 ct
1361 3189 1491 3252 ia·r.reo.

176 3297 290 3352 otarurn
310 3289 466 3368 proprium
490 3297 535 3351 est
556 3289 613 3352 dici
636 3308 673 3351 ex
696 3287 789 3350 nihilo
818 3306 887 3350 esse
914 3307 970 3350 nec
997 3289 1090 3350 luisse
1118 3298 1272 3369 antequem
1300 3289 1404 3370 gigne-

172 3397 288 3450 rentur.
339 3389 466 3462 Quondo
495 3409 582 3465 rere,
619 3399 757 3470 tanquam
788 3389 872 3451 veriti
900 3408 916 3451 a
943 3390 1073 3470 propriis
1105 3391 1259 3454 discedere
1287 3391 1405 3466 tabulis,

176 3508 266 3569 supra
288 3490 382 3552 dietas
405 3489 570 3554 divinarum
594 3493 813 3572 scripturarum
835 3509 922 3554 voces
946 3492 1077 3555 obiicere
1099 3491 1212 3568 solent,
1239 3511 1314 3573 quae
1337 3493 1405 3573 qui·

174 3589 242 3652 dem
263 3600 344 3653 recte
368 3601 438 3654 sunt
460 3593 603 3672 scriptae,
637 3593 693 3655 sed
720 3611 793 3673 quas
823 3592 865 3654 illi
894 3593 1042 3656 malitiose
1074 3593 1324 3674 interpretantem
1353 3610 1407 3672 ogo

174 3691 241 3769 quis
265 3691 306 3754 sit
326 3693 485 3756 verborum
507 3695 626 3757 illorum
649 3713 758 3758 sensus
781 3703 960 3776 repetemus,
983 3713 1052 3759 eum
1074 3703 1108 3758 ut
1122 3694 1268 3793 Fidelium
1290 3693 1406 3754 animos

175 3875 245 3926 editis
259 3885 383 3939 proeterea
394 3881 555 3942 praemittitur
564 3888 695 3931 consuetus
707 3881 763 3930 tito·
849 3879 875 3929 b.
893 3880 993 3940 Segoer.
1012 3879 1112 3930 Gobler.
1136 3885 1161 3926 et
1177 3877 1281 3928 Felclnn.
1296 3879 1318 3928 l.
1342 3886 1367 3928 et
1383 3878 1408 3929 4.

174 3943 213 3993 lus
233 3941 281 3991 reri
298 3939 328 3994 ἕν
340 3938 430 4009 ἁγίοις
447 3953 492 3996 stc.
817 3933 889 3993 εἶναι
904 3940 955 3992 τὸν
971 3939 1041 3994 υἱὸν.
1060 3935 1109 3992 oc’m
1119 3935 1154 3991 ἄν
1164 3935 1204 4004 riq
1216 3936 1279 3994 οῦδὲ
1294 3939 1406 4010 ποίημα.

207 4026 229 4060 e.
250 4013 347 4062 Gobler.
367 4023 389 4062 et
404 4011 544 4062 lidelmi.
561 4003 598 4064 ὥς
614 4001 644 4064 ὓς
659 4004 706 4058 καὶ
723 4001 766 4057 κύ-
818 4011 909 4060 ibidem
926 4011 1023 4062 Goblar.
1043 4019 1066 4060 et
1077 4011 1181 4062 retetm.
1196 4012 1218 4062 1.
1236 4021 1260 4062 et
1277 4014 1301 4064 4.
1320 4013 1408 4062 babent

172 4089 217 4130 rer
233 4074 297 4145 περὶ
326 4073 390 4133 τοὺς
420 4071 505 4132 ἰδίους
529 4072 646 4144 ἐμέτους.
690 4077 766 4128 tidem
817 4075 971 4141 γεννητῶν,
1001 4079 1046 4128 nisi
1065 4079 1178 4130 mendum
1196 4082 1228 4130 sit
1246 4079 1408 4146 Typograpbi.

171 4145 262 4194 ibidem
281 4156 305 4198 et
323 4149 424 4209 Seguer.
447 4147 505 4208 lleg.
530 4147 636 4196 Felclrm.
650 4145 676 4204 4·
701 4153 725 4194 et
743 4145 767 4194 b.
818 4146 919 4207 Segeer.
937 4147 993 4208 Reg.
1014 4153 1037 4195 et
1055 4147 1111 4196 editi
1127 4145 1258 4212 γενητῶν.

171 4205 218 4259 καὶ
235 4205 287 4262 τὸν
302 4207 417 4264 ἑαυτῶν.
454 4213 480 4263 lo
499 4214 569 4264 editis
586 4207 635 4260 καί
650 4213 726 4262 deest.
852 4213 868 4262 i.
892 4213 990 4276 Seguer.
1010 4221 1033 4263 et
1043 4213 1146 4264 l'elclm.
1157 4215 1181 4265 4.
1193 4205 1247 4262 ἀπὸ
1258 4212 1312 4272 τῆς.
1332 4213 1406 4264 Panlo

207 4279 225 4329 1.
243 4281 285 4332 Sic
303 4281 402 4344 Seguer.
429 4283 458 4332 lt
475 4281 573 4332 Gobler.
593 4279 732 4330 etl'elclro.
743 4278 765 4330 t.
834 4287 874 4330 ost
891 4281 962 4344 Sego.
981 4281 1051 4333 Gobl.
1071 4281 1208 4334 deiciunt.
1221 4277 1407 4349 προειρημένα

172 4338 205 4392 τὸ
223 4347 274 4396 τοῦ
292 4341 454 4398 macrone.
492 4349 597 4399 Falclrm.
607 4347 632 4398 4.
649 4341 719 4414 μήτε
732 4339 764 4395 τὸ
816 4295 893 4414 gand.
928 4349 990 4400 Editi
999 4349 1074 4402 etalii
1087 4345 1273 4417 προειρημένα
1285 4343 1404 4416 ῥήματα.

89 4440 94 4450 ·
173 4407 307 4532 21:pr
325 4409 477 4534 deposito.
508 4415 569 4533 lipiti
587 4409 706 4532 priseae&
718 4413 765 4534 Srql
816 4417 871 4534 lb'b'
889 4413 1073 4536 ptpdaberttg
1094 4417 1193 4494 Gobler.
1218 4423 1242 4466 et
1263 4415 1406 4534 {effla}

174 4498 283 4616 nei
322 4497 510 4606 tettl'l'*
542 4496 647 4533 ΝΜ
668 4497 695 4532 w
737 4497 750 4532 ⁰
817 4499 1063 4617 1111111111..
1076 4498 1310 4602 ’1131ὶῖ211.
1331 4497 1408 4614 diet

210 4629 233 4677 n.
246 4617 764 4684 viueoracionemprtmandemeteret.
817 4619 925 4687 ouqud
956 4631 998 4668 rc.
