3236 5286
576 429 684 472 ontrro
701 429 722 472 r.
738 429 853 473 conant
867 431 1002 474 animos.
1333 419 1394 483 tte

168 577 241 640 lalsc
263 577 431 649 mniieiant,
454 577 503 656 qni
526 577 572 639 sni
594 577 708 641 similes
728 597 789 640 non
811 589 891 654 snut,
914 589 947 642 ut
968 581 1054 644 etiam
1071 583 1257 646 Christianos
1280 604 1297 646 a
1318 604 1480 666 pro-etta

167 680 243 760 priis
265 679 415 758 magistris
437 678 527 740 velint
547 680 708 759 appellare,
738 701 796 761 quo
823 683 965 744 nimirum
992 683 1051 743 hoc
1078 693 1163 762 paeto
1191 685 1247 764 ipsi
1274 706 1394 767 quoqne

167 781 325 844 videantur
346 780 505 842 Christiani
526 781 675 861 appellari.
719 781 763 844 Ne
789 783 910 862 inquam
940 783 970 844 in
999 791 1060 844 tam
1088 783 1235 861 probroso
1257 787 1314 848 hoc
1335 807 1391 851 suo

167 883 290 944 nomine
312 881 520 944 erubescentes
541 881 631 944 velint
651 883 771 962 ungarie
799 891 851 944 aut
878 883 904 944 si
932 901 1001 943 rere
1031 883 1226 958 erubescunt,
1254 887 1300 948 rel
1327 907 1394 952 sese

167 985 351 1046 abscondant
378 984 424 1044 rel
450 1003 466 1045 a
494 985 615 1063 propria
641 985 775 1046 resiliant
797 985 959 1063 impietate.
1002 984 1063 1046 ttae
1085 986 1165 1046 enim
1187 1005 1314 1065 unquam
1337 1007 1393 1067 po-

167 1086 255 1166 pulus
277 1105 294 1146 a
316 1084 445 1165 propriis
468 1084 628 1164 Episcopis
650 1103 759 1146 nomen
781 1085 904 1164 accepit,
928 1085 981 1146 sed
1002 1105 1019 1146 a
1040 1085 1179 1160 Domino,
1201 1087 1233 1148 in
1256 1107 1344 1167 mem
1366 1099 1395 1152 et

167 1189 255 1250 iidem
277 1187 431 1253 habemns.
475 1185 552 1248 llinc
573 1186 642 1247 lieet
664 1186 742 1248 heati
763 1185 897 1266 Apostoli
919 1187 1052 1266 magistri
1073 1190 1170 1249 nostri
1192 1198 1222 1250 et
1243 1189 1395 1270 Evangelii

167 1289 327 1351 Salvatoris
349 1287 517 1350 administri
539 1287 666 1358 inerint.
696 1307 731 1348 ex
759 1287 816 1348 illis
846 1297 944 1350 tanam
972 1307 1031 1350 non
1062 1289 1265 1364 nominamur,
1300 1293 1353 1354 sod
1375 1307 1478 1354 aesta.

166 1391 287 1452 Christo
311 1389 471 1452 Christiani
494 1399 525 1451 et
546 1409 650 1452 sumus
672 1399 699 1452 et
722 1390 856 1452 dicimur.
899 1391 937 1452 Mi
959 1399 1073 1464 antem,
1102 1393 1152 1472 qui
1180 1392 1218 1454 ab
1247 1393 1314 1456 aliis
1337 1393 1393 1456 ha·

166 1492 237 1553 lrent
259 1510 331 1553 snae
352 1491 420 1554 lidei
443 1493 598 1570 originem,
622 1501 820 1570 congruenter
833 1491 950 1554 illorum
966 1494 1087 1554 nomine
1101 1503 1251 1568 notantur,
1274 1505 1307 1558 ut
1321 1505 1392 1576 pote

165 1595 216 1672 ‹pui
238 1595 274 1656 ad
297 1593 419 1656 eosdem
440 1594 616 1672 pertineant.

255 1997 286 2059 3.
329 1995 405 2056 Sane
428 2013 494 2056 cum
516 2015 570 2056 uos
594 2013 697 2058 omncs
719 2015 735 2056 a
758 1993 875 2058 Christo
890 1996 1049 2058 Christiani
1071 2007 1101 2060 et
1122 2017 1259 2060 essemus
1281 2009 1311 2060 ct
1332 2015 1391 2060 no·

167 2099 358 2169 minaremur,
381 2097 491 2160 eiectus
511 2096 581 2158 olim
603 2106 650 2158 est
664 2098 793 2160 Marcion
816 2097 949 2160 haeresis
973 2107 1091 2174 anctor3
1113 2109 1200 2178 atque
1214 2100 1244 2160 hi
1260 2099 1390 2180 quidem,

165 2200 216 2280 qni
237 2219 303 2262 cnut
325 2199 375 2261 illo
397 2209 639 2280 permanserunt,
669 2199 718 2279 qui
741 2200 921 2261 Marcionem
944 2199 1069 2278 expulit,
1099 2201 1258 2262 Christiani
1280 2219 1389 2264 nomen

165 2301 365 2375 retinuerunt,
393 2301 442 2381 quai
465 2321 534 2363 reru
557 2303 652 2364 secuti
674 2312 746 2363 sunt
767 2300 964 2374 Marcionem,
993 2301 1221 2363 *Marcionistee
1248 2302 1388 2382 deinceps

165 2413 232 2464 sunt
253 2402 399 2482 appellati.
445 2403 588 2466 Similiter
609 2403 800 2476 Valentinus,
826 2401 988 2474 Basilides,
1016 2402 1202 2464 Manichacus
1233 2414 1262 2463 et
1283 2403 1386 2464 Simon

165 2505 263 2582 llagns
285 2503 438 2584 proprium
460 2523 570 2565 nomen
594 2503 660 2564 suis
682 2503 804 2564 asseclis
827 2493 1050 2583 impertierunt3
1080 2505 1159 2566 unde
1186 2503 1235 2566 alii
1256 2505 1386 2566 Valenti-

164 2605 252 2677 niani,
275 2605 322 2666 alii
345 2604 526 2676 Basilidiani‚
549 2603 599 2664 alii
613 2603 780 2676 Manichaei,
805 2605 971 2668 Simoniani
985 2605 1045 2676 alii,
1068 2606 1175 2684 aliique
1190 2605 1389 2684 Cataphryges

165 2723 182 2764 a
202 2705 343 2782 Phrygia,
372 2713 403 2764 et
424 2723 440 2764 a
461 2704 575 2764 Novato
598 2703 748 2766 Noratiani
770 2717 986 2786 nuncupantur.
1030 2707 1074 2766 lta
1096 2706 1234 2766 similiter
1254 2703 1390 2766 Meletius

168 2823 184 2860 a
206 2802 295 2862 Petro
317 2803 466 2881 Episcopo
489 2813 520 2864 et
541 2812 666 2882 martyre
688 2805 798 2868 eiectus
827 2826 900 2868 suos
929 2825 993 2868 uon
1016 2807 1074 2866 iam
1097 2805 1224 2884 amplius
1246 2801 1392 2864 Christia-

167 2921 223 2963 nos
246 2903 301 2963 sed
322 2903 493 2964 Meletianos
517 2905 637 2964 vocavit.
681 2905 731 2967 Sic
752 2906 841 2984 igitur
862 2907 951 2968 etiam
972 2915 1132 2986 postquam
1154 2905 1258 2964 heatae
1276 2921 1393 2964 memo·

167 3003 229 3064 riae
250 3002 413 3064 Alexander
433 3002 534 3064 Arium
556 3003 652 3076 eiecit,
671 3005 714 3077 hi,
736 3005 785 3083 qui
807 3024 873 3067 cum
888 3006 1056 3068 Alexandro
1077 3003 1282 3082 perstiterunt,
1305 3003 1391 3064 Chri-

144 3105 253 3172 ,stiani
275 3114 308 3166 ut
329 3114 414 3165 antea
435 3104 507 3167 dicti
528 3113 607 3178 suut,
630 3106 681 3184 qui
702 3115 801 3168 numm
823 3125 890 3168 carm
911 3106 983 3166 Ario
1006 3113 1209 3176 recesserunt,
1232 3104 1390 3166 Salvatoris

165 3225 274 3268 nomen
296 3206 395 3278 nobis,
418 3206 467 3284 qui
490 3225 556 3268 mm
578 3207 745 3268 Alexandro
767 3207 979 3278 remansimus,
1000 3203 1196 3284 reliquerunt,
1219 3215 1248 3268 et
1269 3205 1309 3266 illi
1330 3206 1388 3270 iam

162 3307 230 3368 inde
252 3307 352 3369 Ariani
373 3318 443 3369 sunt
463 3308 611 3388 appellati.
644 3307 722 3370 llinc
744 3327 815 3387 crgo
838 3309 889 3388 qni
909 3309 981 3372 item
1003 3315 1072 3386 post
1086 3305 1237 3368 Alexandri
1260 3316 1386 3370 mortem

161 3429 227 3470 cum
244 3409 409 3470 Athanasio
438 3410 503 3471 eius
526 3429 701 3472 successore
723 3419 753 3472 et
774 3410 855 3482 aliis,
884 3409 1059 3489 quibuscum
1086 3407 1150 3488 ipse
1178 3409 1384 3480 communicat,

161 3511 388 3581 communicant,
411 3511 535 3573 eandem
557 3511 597 3572 illi
618 3511 751 3574 retinent
770 3513 906 3582 formam,
929 3528 1025 3590 neque
1046 3510 1135 3590 aliqui
1158 3510 1304 3572 intereos
1326 3528 1384 3570 no-

162 3611 238 3672 rnine
260 3611 325 3672 eins
348 3611 558 3690 insigniuntur,
580 3631 675 3692 neque
697 3613 763 3692 ipse
782 3613 911 3686 illorum,
935 3614 987 3675 sed
1010 3632 1114 3674 omnes
1129 3630 1235 3674 rursus
1257 3621 1287 3672 et
1308 3627 1384 3670 con-

161 3721 245 3774 sneto
274 3731 358 3774 more
381 3713 538 3776 Christiani
566 3722 717 3776 vocantur.
762 3715 892 3777 Tametsi
920 3716 999 3777 enim
1030 3714 1240 3792 magistrorum
1262 3729 1384 3772 sueces-

228 3965 242 3996 *
262 3961 352 4030 [Λάἀκ
371 3979 420 4014 oon
438 3964 544 4027 amplius
562 3965 691 4014 Christiani
709 3960 765 4030 ssd]

193 4099 217 4147 h.
237 4097 278 4147 Sic
294 4099 395 4160 Segaer.
414 4098 536 4159 Anglican.
556 4097 629 4147 Basil.
648 4098 746 4148 Gohler.
798 4097 872 4147 Paulo
896 4105 952 4162 post
975 4099 1073 4158 Segoer.
1097 4092 1252 4162 μακαρίτου
1267 4085 1385 4150 Ἀλεξάν-

159 4165 264 4214 Fsleluu.
278 4167 298 4214 l.
309 4165 332 4214 2.
348 4167 404 4216 eth.
439 4166 467 4214 lu
487 4165 560 4226 {tegio
578 4174 630 4214 erat
649 4180 746 4228 quoqne
798 4159 873 4228 ὅρου.
892 4163 954 4214 Editi
965 4165 1038 4214 etalii
1048 4166 1185 4232 menapios
1201 4155 1383 4224 Ἀλεξάνδρου.

159 4225 229 4308 mi*
248 4226 373 4297 ‘heim’
393 4233 519 4314 'Qui‘
538 4233 691 4310 ‘mimum
710 4239 747 4282 ω
830 4267 852 4316 l.
871 4268 912 4318 Sic
937 4267 1036 4316 Seuer.
1062 4267 1160 4316 Cobler.
1184 4273 1208 4314 et
1232 4263 1338 4312 l'eltltn·
1360 4259 1383 4308 i·

157 4313 228 4348 κατα
247 4296 377 4364 Φρυγίας.
403 4299 746 4378 Εὼιιλαταφρυγεῌοι
796 4335 858 4384 Hm
877 4351 932 4384 vm
952 4283 1032 4386 eliam
1052 4327 1066 4378 ἦ
1091 4334 1131 4382 ὢν

159 4369 259 4430 Segner.
278 4370 376 4418 Gohlsr.
394 4369 570 4418 corsicana.
589 4367 744 4422 Noovoerou,
1058 4349 1088 4399 ’μ
1132 4367 1140 4384 ·

158 4435 353 4484 Νοουατιανοί.
389 4437 524 4486 l'elckm.5.
537 4429 677 4498 anlriroo,
690 4436 746 4484 Nu·
832 4437 847 4485 l.
866 4437 967 4500 Segner.
980 4444 1003 4483 et
1014 4435 1069 4496 lieg.
1089 4434 1163 4484 codex
1175 4422 1257 4482 αὖτὸς
1275 4421 1289 4475 ὃ
1305 4419 1385 4504 Ἄζα-

157 4497 295 4564 βατιανοί.
332 4505 394 4554 Editi
413 4504 494 4553 etalii
512 4497 653 4559 lt'ooriroo,
672 4505 746 4552 Nur·
796 4497 898 4558 νάσως.
936 4503 1009 4552 Panlo
1027 4509 1084 4564 post
1102 4496 1304 4550 aditioCommol.
1321 4507 1384 4542 oure

158 4569 275 4618 attavus.
312 4571 364 4620 ttoa
382 4571 454 4620 llasil.
471 4567 608 4624 Materne.
796 4563 825 4618 ia
842 4564 959 4622 ἐκείνων.
996 4569 1044 4616 Sed
1063 4559 1091 4614 iat
1110 4567 1209 4614 ahena
1225 4563 1383 4624 Segueriauo,

192 4639 208 4686 i.
235 4637 310 4688 hasil.
336 4646 359 4688 et
381 4639 485 4690 Felclm.
505 4639 527 4690 5.
555 4631 745 4690 adamate.
796 4638 870 4698 Regio
889 4647 913 4688 ct
931 4635 1038 4686 Felclrro-
1054 4633 1078 4684 5.
