3176 5304
217 364 259 426 26
619 377 644 418 s.
660 373 813 418 ιυιιιυιειι
827 374 1052 418 ικαιιιιιυιειουι

60 565 63 579 ·
130 545 206 590 μιν.
219 522 399 612 ὁρισθέντα
420 521 594 606 βιάζονται
616 520 816 607 διαβάλλειν.
850 521 917 588 ε’ύει
938 521 1015 604 Ιμέν
1038 509 1095 588 οὖν
1116 516 1229 610 μήθ’“
1210 525 1358 645 ημάςὲτι
1372 531 1451 599 τινὰ

216 626 341 694 τούτων
363 621 532 709 ἀπόλογον
554 628 744 704 ποιεῖσθαι,
768 647 823 688 και
845 620 932 709 πρὸς
953 619 1013 700 τὰς
1026 628 1170 707 ματαίας
1185 617 1294 692 αύτῶν
1309 633 1447 720 προφά-

216 751 285 806 σεις
314 722 625 810 ἀποκρίνεσθαι,μ
602 721 674 810 μήτ’
700 723 842 842 ἐκείνους
871 723 921 790 ἔτι
942 724 1159 810 φιλονεικεῖν,
1183 717 1268 794 ἀλλὰ
1290 752 1370 796 συντ
1371 737 1447 800 ί-θε

216 835 302 896 σθαι
325 823 376 906 οἷς
397 823 595 913 ὑπέγραψαν
618 821 690 891 02‘
672 822 827 910 ηγεμόνες
849 826 907 910 τῆς
930 821 1148 910 αἱρέσεως’
1109 832 1237 914 αυτῶν,
1253 830 1424 911 είόύτας“
1399 859 1446 913 ως

214 926 234 1016 ἡ
257 932 317 1016 μὲν
339 929 423 1013 μετὰ
444 930 548 994 ταῦτα
569 923 734 1012 μεταβολὴ
756 928 822 991 τῶν
845 927 923 1010 περί
938 921 1098 1011 Εύσέβιον
1121 924 1276 1010 ύποπτός
1297 932 1444 1002 ἐστικαὶ

215 1031 391 1118 κακοήθης.
437 1028 476 1094 τὸ
499 1028 534 1094 δὲ
558 1023 755 1148 ὑπογράψαι
776 1025 861 1111 μετὰ
882 1025 920 1092 τὸ
944 1028 1129 1114 δυνηθῆναι
1149 1025 1209 1118 κάν
1230 1031 1269 1098 τὸ
1282 1035 1446 1120 βραχύτα-

215 1155 273 1200 τον
296 1127 586 1217 ἀπολογήσασθαι,
609 1131 707 1194 τοῦτο
731 1127 782 1193 ἀεί
769 1133 894 1194 ίκνυσιν
917 1122 1054 1215 άληθῶς
1076 1125 1179 1219 ἀσεβῆ
1200 1131 1258 1221 τὴν
1272 1131 1446 1260 Ἀρειανῆν

217 1235 353 1321 αἱᾛρεσιν
398 1233 451 1297 καί
474 1229 535 1317 γάρ
559 1223 619 1294 Ιὀύ
642 1227 805 1314 πρότερον
828 1223 1090 1354 ὖπέγραψαν,’
1061 1257 1089 1297 ει
1103 1231 1149 1319 μὴ
1164 1234 1425 1320 κατέγνωσαν’
1387 1264 1445 1308 αυ-

216 1339 289 1422 τῆς·
312 1335 365 1400 καί
389 1328 426 1398 σύ
451 1328 614 1417 πρότερον
637 1335 852 1415 κατέγνωσαν,
877 1329 907 1394 εἰ
928 1329 973 1416 μὴ
989 1331 1236 1415 πανταχόθεν’
1218 1335 1446 1424 απορήσαντες

214 1431 434 1524 ᾐσχύνθησαν.
460 1430 546 1500 ὥστε
567 1430 605 1497 τὸ
627 1430 898 1517 μεταβάλλεσθαι.
920 1433 979 1517 τῆς
1001 1433 1049 1512 είς
1071 1431 1225 1520 ἀσέβειαν
1241 1439 1446 1524 φιλονεικίας

125 1603 134 1612 ,
216 1535 343 1623 ἔλεγχός
366 1535 445 1602 ἐστι.
493 1533 546 1600 διὸ
570 1533 638 1600 ἔδει
659 1539 728 1616 μέν,
745 1531 903 1618 καθάπερ
920 1533 1057 1620 είρηται,
1080 1538 1133 1602 καὶ
1150 1537 1286 1618 τούτους
1300 1535 1441 1626 ῆρεμείν.

216 1637 331 1723 ἐπειδὴ
353 1638 390 1703 δὲ
413 1637 514 1702 δεινοί
538 1634 625 1719 πρὸς
647 1630 879 1716 ἀναισχυντίαν
902 1634 975 1714 είσί,
999 1639 1063 1701 καὶ·
1076 1639 1265 1720 νομίζουσιν
1287 1641 1370 1719 ἴσως
1385 1637 1445 1708 αύ-

214 1743 267 1806 τοί
296 1739 422 1824 μᾶλλον
452 1737 583 1804 ἐκείνων
613 1734 782 1802 δύνασθαι
809 1739 997 1821 προστῆναι
1025 1741 1083 1824 τῆς
1113 1740 1303 1826 διαβολικῆς
1324 1741 1445 1826 ταύτης

217 1836 387 1927 ἀσεβείας·
420 1839 449 1906 εί
476 1842 529 1906 καὶ
555 1835 695 1926 φθάσας
718 1836 774 1902 διὰ
797 1840 871 1921 ῡτῆς
893 1843 1058 1924 προτέρας
1081 1839 1258 1926 ἐπιστολῆς
1279 1846 1337 1929 τῆς
1359 1842 1446 1929 πρὸς

216 1943 254 2008 σὲ
275 1948 464 2028 γραφείσης,
489 1941 683 2024 πλατυτέρηι
701 1941 748 2023 τῷ
766 1933 833 2002 κατ’
851 1933 981 2004 ίαύτῶν
997 1937 1114 2025 ἐλέγχῳ
1130 1949 1330 2028 κεχρημένος,
1356 1941 1446 2028 ὅμως

216 2050 295 2130 φέρε
316 2043 370 2106 καὶ
394 2044 449 2106 νῦν
471 2042 608 2118 τούτους
631 2035 744 2122 ὥσπερ
768 2037 910 2116 έκείνους
930 2033 1006 2105 καθ’
1032 2040 1248 2109 ἕκαστοντῶν
1264 2038 1318 2109 ὑπ’
1338 2041 1446 2112 αὐτῶν

127 2145 397 2228 ἀντιλεγομένων
420 2141 632 2224 ἐξετάσωμεν.
679 2139 893 2261 θειχθῆσεται
901 2139 976 2265 γάρ
999 2137 1094 2207 οὐδὲν
1119 2133 1216 2227 ἧττον
1238 2148 1291 2210 καί
1315 2149 1371 2211 νῦν
1387 2141 1446 2228 ούχ

214 2242 315 2330 ύγιῆς,
341 2240 424 2311 ἀλλά
445 2269 511 2321 τις
518 2239 741 2328 δαιμονιώδης
763 2238 870 2306 αὐτῶν
893 2237 912 2327 ἡ
936 2242 1072 2325 αἵρεσις.

302 2353 330 2411 6.
378 2347 468 2410 Φασὶ
490 2350 610 2424 τοίνυν,
635 2340 751 2468 ὥσπερ
771 2338 847 2468 κηἰκε
850 2347 933 2420 ένοις
948 2341 1063 2422 ἐδόκει,
1088 2369 1141 2409 και
1133 2346 1377 2433 τετολμήκασι
1392 2349 1447 2414 λε’-

206 2437 297 2533 χειν·
322 2441 380 2512 ούκ
402 2441 452 2512 ἀεὶ
478 2470 597 2568 πατηρ,
622 2438 680 2509 ούκ
702 2439 752 2509 ἀεὶ
776 2441 862 2521 υἷάς·
886 2439 943 2508 οὐκ
964 2469 1003 2527 ην
1025 2443 1087 2529 γάρ
1110 2439 1129 2509 5
1151 2445 1223 2523 νιος
1237 2449 1317 2532 πρὶν
1332 2473 1446 2535 γεννη

214 2551 278 2635 θῇ,
304 2543 372 2614 ἀλλ)
398 2547 445 2627 έ·ξ
462 2543 519 2612 ούκ
548 2545 651 2612 ὄντων
674 2551 783 2631 γέγονε
805 2544 861 2610 καὶ
883 2538 996 2623 αὐτὸς
1028 2544 1156 2612 διὸκαὶ
1180 2541 1237 2612 οὐκ
1260 2543 1310 2614 ἀεί
1333 2547 1444 2635 πατίρ

215 2645 251 2715 ⁸5
272 2647 355 2728 θεὸς
376 2657 487 2735 γέγονε
508 2652 567 2714 τοῦ
589 2648 672 2727 υἱοῦ,
696 2640 764 2714 ἀλλ’
771 2667 774 2672 ·
790 2641 847 2713 ὅτε
868 2652 979 2731 γέγονε
1000 2649 1054 2714 καὶ
1078 2647 1214 2736 ἐκτίσθη
1231 2644 1249 2713 5
1265 2647 1344 2730 υἱός,
1369 2649 1447 2718 τότε

213 2753 267 2818 καλ
299 2746 316 2816 5
347 2749 427 2828 θεὸς
440 2749 572 2839 ,ἐκλήθη
595 2748 705 2837 πατὴρ
729 2745 845 2814 αύτοῦ·
876 2753 997 2831 κτίσμα
1018 2748 1079 2834 γάρ
1102 2749 1173 2816 ἐστι
1198 2753 1250 2816 καί
1274 2749 1446 2838 ποίημαύ

214 2851 320 2938 λόγος,
344 2855 396 2918 καὶ
420 2854 511 2931 ξένος
532 2853 585 2917 καί
608 2845 766 2935 ἀνόμοιος
788 2843 855 2914 κατ’
882 2845 999 2916 οὐσίαν
1021 2853 1080 2915 τοῦ
1096 2849 1225 2937 πατρός
1240 2851 1345 2918 ἔστιν·
1369 2851 1446 2921 ούτε

214 2953 251 3020 δὲ
283 2954 382 3041 φύσει
415 2957 469 3020 καὶ
503 2949 664 3042 ἀληθινὸς
695 2952 789 3037 λόγος
819 2954 877 3016 τοῦ
902 2950 1029 3035 πατρός
1052 2951 1142 3018 ε’στιν
1165 2949 1183 3017 5
1205 2953 1291 3033 υἱός,
1327 2953 1443 3042 ούτεὴ

213 3054 297 3142 μύνη
329 3061 382 3123 καὶ
417 3052 558 3144 ἀληθινὴ
588 3060 693 3142 σοφία
722 3049 822 3120 αὐτοῦ
846 3052 949 3132 ἔστιν,
984 3048 1069 3119 ἀλλά
1090 3059 1211 3138 κτίσμα
1233 3058 1285 3121 καὶ
1310 3050 1357 3132 εἷς
1379 3058 1444 3121 τῶν

213 3157 412 3240 ποιημάτων
429 3155 491 3241 μ’ίν,
516 3159 777 3244 καταχρηστικῶς
800 3155 927 3240 λέγεται
943 3152 1039 3240 λόγος
1053 3157 1106 3220 καί
1124 3162 1243 3241 σοφία·
1265 3154 1366 3242 λλόγφ
1380 3156 1442 3241 γάρ

213 3255 260 3337 τῷ
285 3250 357 3318 ὄντι
379 3256 412 3320 έν
434 3262 482 3342 τῷ
506 3263 576 3343 θεῷ
599 3264 709 3342 γέγονε
730 3257 783 3323 καί
807 3251 921 3334 αύτύς,
954 3251 1069 3342 ὥσπερ
1094 3258 1153 3321 καί·
1169 3255 1210 3321 τά
1231 3254 1357 3322 πάντα·
1387 3253 1442 3320 διὸ

215 3345 291 3418 οὐδὲ
314 3346 476 3438 ἀληθινὸς
497 3357 598 3434 Βθεός
620 3358 710 3424 ἐστιν
733 3353 751 3420 5
773 3355 853 3433 υίὸς.
885 3355 948 3440 ἐγὼ
971 3358 1007 3422 δέ
1029 3360 1127 3422 τοῦτο
1151 3359 1283 3440 πρῶτον
1298 3359 1351 3422 καί
1366 3354 1444 3421 τού-

213 3475 290 3529 τους
320 3451 483 3537 ἀριστῆσαι
510 3454 689 3539 βούλομαι,
718 3463 752 3522 τί
780 3454 869 3522 ἔστιν
901 3453 986 3535 ὅλως
1007 3455 1096 3538 υἷάς,
1126 3460 1180 3524 καὶ
1202 3464 1291 3536 τίνος
1313 3455 1381 3524 ἐστὶ
1403 3455 1444 3522 τὸ

215 3551 320 3635 ύνομα
342 3555 445 3616 τοῦτο
463 3555 670 3640 σημαντικόν,
694 3551 733 3621 ἵν’
760 3552 865 3636 ούτως
888 3553 980 3624 αὐτοὶ
1004 3556 1046 3625 τά
1068 3558 1226 3643 λεγόμενα
1241 3553 1317 3642 παρ’
1337 3554 1445 3624 αὐτῶν

213 3647 272 3740 κᾷν
296 3650 400 3732 οὕτως
423 3658 541 3740 νοῆσαι
564 3656 763 3738 δυνηθῶσιν.
807 3655 827 3743 ἡ
849 3659 993 3745 μὲνγὰρ
1016 3665 1097 3725 θεία
1119 3660 1228 3748 γραφῆ
1252 3661 1373 3746 διπλῆν
1387 3659 1445 3746 τῆν
1497 3729 1502 3734 ,

214 3755 247 3822 ίκ
270 3757 328 3820 τοῦ
352 3749 514 3839 ὀνόματος
535 3756 653 3823 τούτου
677 3757 828 3826 διάνοιαν
849 3756 928 3844 ἡμῖν
951 3765 1113 3846 σημαίνει,
1136 3769 1216 3846 μίαν
1230 3764 1291 3844 μέν
1306 3765 1382 3847 περὶ
1400 3752 1446 3827 ὦν

111 3911 114 3920 ,
212 3859 364 3942 Μωϋσῆς
392 3855 425 3923 ίν
453 3861 500 3944 τῷ
529 3858 618 3946 νόμῳ
649 3865 766 3945 φησίν·
796 3856 853 3924 ἐὰν
885 3859 1092 3946 είςακούσητε
1113 3865 1172 3946 τῆς
1195 3866 1308 3950 φωνῆς
1329 3869 1441 3948 κυρίου

212 3959 271 4022 τοῦ
301 3959 385 4022 θεοῦ
415 3953 521 4040 ὑμῶν,
554 3958 735 4045 φυλάσσειν
766 3957 878 4038 πάσας
908 3960 968 4040 τάς
998 3959 1132 4039 ι’ντολάς
1155 3958 1361 4054 αύτοῦ,.ὃ’σα
1383 3961 1445 4048 ἐγὼ

214 4057 406 4139 ἐντέλλομαί
429 4079 484 4120 σοι
507 4057 657 4140 σήμερον,
681 4059 855 4126 ποιεῖντὸ
878 4062 976 4129 καλὸν
998 4066 1051 4130 καί
1068 4059 1127 4126 ΙΙτὸ
1144 4057 1282 4146 ἀρεστὸν
1298 4063 1446 4130 ἐναντίον

249 4246 386 4307 κὸὶιθος
404 4238 800 4323 λιτιιειιειεᾱίιίμίνυωίιιωιι.
886 4261 907 4294 ε.
926 4248 967 4296 Sic
985 4251 1056 4326 ¹5⁰⁸«
1078 4243 1123 4292 Alii
1142 4259 1197 4294 vero
1217 4252 1240 4293 τι
1258 4246 1314 4294 editi
1332 4244 1447 4310 γέγονεν

249 4314 271 4364 b.
297 4314 370 4363 Βυιει
396 4303 428 4359 ού
455 4311 478 4359 in
503 4310 559 4358 edit.
585 4309 701 4360 eommel.
727 4317 750 4358 et
776 4312 799 4359 in
853 4304 954 4364 ὃθεός
971 4327 1009 4377 την
1027 4303 1086 4374 υἱῷ

214 4383 318 4444 septimo
337 4377 490 4430 Felckmnnni
510 4391 581 4426 macr
602 4375 692 4424 codice.
886 4378 902 4424 ί.
922 4377 963 4426 δίε
981 4379 1036 4440 Res.
1073 4374 1151 4423 Ceteri
1171 4383 1195 4424 ει
1213 4377 1268 4426 editi
1286 4373 1355 4440 λέγω
1374 4391 1444 4426 ωεσ-

251 4465 272 4499 c.
290 4447 368 4498 Non
362 4461 408 4497 ιωυ
428 4451 504 4496 ετείεί
522 4444 582 4493 haec
599 4441 714 4506 Epistola.
853 4443 919 4493 dose.
939 4445 974 4493 Ad
986 4446 1137 4494 Ιιιιιιιινιιιυ
1149 4441 1248 4492 Ιυευιιι“
1243 4459 1266 4493 ιιι
1280 4458 1325 4492 ωε.
1338 4443 1443 4494 Felckrn.

249 4516 273 4566 d.
291 4515 331 4564 Sic
355 4515 450 4578 Regius.
492 4511 537 4560 Alii
562 4519 586 4560 ει
609 4509 666 4558 editi
685 4509 800 4559 mendose
852 4511 912 4560 haec
930 4503 1210 4590 ιιοιιίΔιξοοῐατριίς.
1220 4509 1272 4569 lq.
1292 4503 1362 4594 πρὸς
1379 4504 1443 4564 τοὺς

214 4574 271 4632 κατ’
292 4573 374 4646 αύτηι
851 4568 897 4624 καὶ
922 4575 974 4626 νῦν
1000 4571 1048 4628 δύο
1074 4569 1210 4639 caulas*
1194 4591 1267 4644 εχειν
1284 4589 1444 4646 φάσκοντας
