3162 5308
524 373 668 418 sersaoni
683 375 702 416 r.
719 375 756 415 nn
771 374 966 420 suessionen.
1289 363 1351 426 677

127 529 237 592 Ariani
259 525 377 607 quidem
399 526 456 588 etsi
478 543 651 604 corpoream
673 523 760 586 Verbi
789 525 986 606 praesentiam
1015 535 1045 588 et
1071 545 1146 606 quiae
1172 526 1236 590 eius
1264 531 1437 592 causarum.

18 667 20 670 ·
127 631 214 694 dieta
237 637 306 692 sunt
328 647 388 692 uon
411 626 622 706 intelligerent,
644 643 679 687 ex
700 626 747 688 his
769 635 866 689 tameo
890 628 1075 690 occasionem
1103 649 1174 698 suae
1196 630 1352 692 commini-

124 731 264 796 suendae
284 731 418 794 haeresis
441 729 661 809 improbissime
683 728 759 790 nacti
782 727 834 790 Dei
856 727 958 792 hostes
987 749 1055 792 esse
1076 739 1106 792 et
1125 749 1195 792 rere
1216 731 1254 792 de
1275 739 1353 793 terra

126 835 236 898 inania
258 833 338 912 loqssi
360 830 482 894 convicti
506 838 585 892 sunt.
629 829 688 890 Vos
710 847 780 890 vero
802 828 948 890 undenam
971 815 1081 910 quae‘so
1103 831 1134 893 in
1156 850 1288 894 errorem
1304 833 1352 898 in-

33 978 38 986 ·
129 937 218 999 ducti
240 933 336 998 estis?
381 933 455 1006 Quis
476 951 530 993 ros
553 931 592 992 ita
614 929 724 1003 docuit,
746 930 792 991 vol
813 930 880 1010 qsris
897 931 1012 994 tandem
1027 933 1131 996 modus
1152 933 1244 995 vestri
1266 953 1351 996 erro-

127 1037 204 1101 ris?
248 1035 426 1114 ‚,hegimus,
454 1034 605 1114 inquiunt,
632 1034 662 1094 in
684 1032 831 1111 Propheta
852 1031 943 1094 Amos
970 1033 1043 1096 haee
1064 1033 1242 1096 Dei‘verba:
1274 1035 1354 1110 Quin

126 1159 231 1216 „sem
253 1157 304 1220 ego
326 1137 454 1219 firmans
478 1140 595 1199 tonitru
616 1144 645 1198 at
667 1153 774 1197 creone
797 1137 939 1214 spiritum
966 1147 995 1198 et
1026 1140 1216 1199 annuncians
1238 1137 1277 1199 ud
1298 1136 1351 1200 bo-

28 1262 33 1272 ·
129 1246 259 1316 „mines
283 1240 435 1302 Cbm'stnm
456 1241 529 1310 eries,
550 1239 668 1317 [oriens
692 1234 857 1298 diluculum
878 1246 907 1299 et
927 1237 1065 1300 nebulam
1087 1248 1115 1300 at
1135 1239 1277 1320 grodisns
1299 1257 1354 1300 su·

16 1395 18 1400 .
84 1383 88 1390 ·
130 1391 154 1417 „
160 1363 222 1426 per
249 1341 367 1406 anselm
395 1353 511 1411 terroe,
544 1339 692 1402 Dominus
714 1337 797 1431 Deus
826 1340 1011 1418 omnipotens
1040 1357 1147 1402 nomen
1169 1343 1237 1420 ipsi.
1281 1336 1353 1400 Inde
1450 1329 1455 1340 ’

16 1471 38 1504 ;·
132 1445 282 1520 „addocti
304 1444 432 1514 luimus,
455 1440 639 1514 utinensis,
662 1439 711 1519 qui
733 1439 875 1518 Spiritum
897 1448 1029 1502 sanctum
1051 1459 1114 1502 rem
1137 1450 1262 1502 mentam
1283 1457 1353 1502 esse
1447 1507 1452 1526 ⁶

128 1547 287 1622 ,‚docent‚
318 1545 583 1638 assentiremur.“¹
606 1543 649 1603 An
679 1559 748 1621 ergo
777 1540 857 1620 quod
885 1541 962 1620 apud
989 1541 1079 1604 hmos
1109 1550 1205 1604 exstet
1228 1541 1352 1622 legistis,

129 1649 215 1728 quod
238 1657 336 1710 autern
357 1646 387 1706 in
402 1643 570 1706 Proverbiis
593 1642 714 1704 dicitur:
736 1642 883 1705 Dominus
901 1649 1015 1706 creavit
1027 1663 1073 1707 me
1092 1647 1213 1708 initium
1234 1649 1353 1708 ciorum

16 1761 22 1818 Γ
130 1767 265 1812 suorum
285 1751 318 1810 in
340 1765 434 1826 opero
456 1763 536 1817 suo„
560 1761 597 1804 an
618 1743 730 1823 legistis
752 1761 808 1805 nec
828 1742 891 1806 nei
933 1743 1051 1824 Ergone
1072 1746 1152 1808 istud
1172 1744 1352 1808 Proverbio·

131 1869 201 1912 rum
225 1869 260 1912 ex
281 1849 404 1911 veritate
425 1846 674 1928 interpretamini,
703 1863 741 1908 ne
769 1845 903 1908 videlieet
924 1847 1049 1909 Verbum
1071 1865 1136 1909 renr
1157 1854 1283 1910 meatem
1304 1845 1352 1908 di-

17 2015 19 2020 ,
132 1951 226 2024 catis,
247 1951 318 2012 illud
341 1959 438 2012 autem
459 1949 626 2029 Prophetae
647 1947 725 2011 nulla
747 1931 990 2028 interpretatione
1011 1948 1179 2029 explicatis,
1207 1948 1261 2010 sed
1281 1966 1353 2010 voce

129 2057 263 2134 opimius
286 2052 488 2114 tantummodo
510 2051 607 2114 audita
630 2049 773 2130 Spiritum
801 2059 933 2110 sanetum
962 2068 1026 2112 rem
1055 2057 1182 2124 creatam
1209 2049 1266 2112 diei
1288 2049 1352 2112 exi·-

131 2152 286 2250 stinratisl
328 2153 414 2233 Atqui
437 2153 468 2214 in
488 2151 656 2214 Proverbiis
680 2151 830 2231 Sapientia
851 2160 951 2232 aperte
972 2151 1043 2214 dicit
1063 2157 1177 2216 creauit
1196 2171 1253 2215 ms.
1294 2152 1352 2214 Vs-

130 2265 300 2318 rumtsmen
321 2265 402 2316 recte
423 2272 477 2314 ros
499 2253 607 2316 dietum
630 2253 699 2314 illud
722 2253 762 2314 ita
784 2252 935 2332 excipitis,
967 2262 1000 2316 ut
1020 2271 1081 2314 uon
1103 2253 1274 2316 creatricem
1295 2251 1351 2316 Sa·
1450 2323 1453 2330 ,

16 2426 19 2437 ,
103 2379 112 2390 ·
131 2359 274 2440 pientiam
297 2355 388 2420 rebus
411 2355 516 2420 creatis
539 2354 750 2416 annumeretis.
794 2353 844 2416 Sic
865 2353 953 2434 igitur
973 2373 1030 2416 vox
1051 2354 1099 2416 illa
1112 2354 1278 2434 Prophetae
1291 2371 1353 2438 pon
1394 2357 1404 2373 '

18 2487 24 2497 ·
132 2461 278 2540 Spiritum
302 2467 434 2522 sanctum
457 2458 593 2530 denotat,
622 2457 675 2518 sed
704 2464 815 2518 tantum
844 2457 881 2520 de
901 2455 1007 2536 spiritu
1028 2455 1145 2518 dicitur.
1188 2455 1260 2516 Cum
1282 2472 1352 2534 ergo

13 2613 20 2652 ζ
122 2561 225 2620 ¹multa
247 2560 285 2620 sit
306 2561 337 2620 in
359 2560 518 2638 Scripturis
539 2558 695 2639 spirituum
718 2557 892 2630 differentia,
914 2566 1086 2635 rectumque
1102 2573 1223 2618 sensum
1243 2555 1353 2620 hahere

108 2687 112 2702 ·
136 2659 235 2738 possit
256 2658 313 2720 iste
335 2659 501 2740 Scripturas
523 2661 617 2734 loeus,
641 2679 694 2721 eur
716 2677 769 2720 ros
791 2659 870 2721 velot
890 2658 1009 2738 litigiosi
1027 2665 1077 2718 aut
1092 2658 1239 2737 serpentis
1253 2657 1352 2720 Ariani

137 2777 240 2822 morsu
266 2759 386 2822 ulcerati
415 2761 451 2822 de
474 2761 584 2842 Spiritu
614 2771 714 2824 sancto
735 2762 910 2841 prophetam
932 2762 1022 2821 Amos
1050 2757 1131 2838 loqui
1159 2757 1352 2834 arbitramini,

13 2919 28 2958 n
135 2879 174 2922 ne
197 2859 310 2922 scilieet
331 2861 634 2938 credete'desistatis
658 2863 801 2943 Spiritum
824 2870 956 2924 sanctum
978 2877 1041 2922 rem
1063 2867 1190 2922 creatam
1212 2857 1302 2922 esse?
1363 2897 1365 2904 ,

221 3270 251 3330 4.
296 3265 388 3327 Dicite
410 3265 531 3338 amabo,
559 3285 596 3328 an
625 3266 654 3328 iu
678 3265 774 3345 aliquo
795 3265 911 3328 diuinae
933 3265 1100 3346 Scripturas
1120 3266 1187 3328 loco
1209 3266 1352 3346 Spiritum
1422 3293 1425 3299 ·

135 3374 267 3430 sanctum
291 3367 463 3448 simpliciter
484 3368 620 3448 spiritum
643 3368 700 3430 dici
722 3367 892 3448 reperiatis,
922 3367 987 3430 sine
1015 3367 1110 3430 addita
1138 3387 1209 3430 soce
1231 3367 1276 3430 rel
1297 3367 1351 3430 Dei

137 3469 181 3531 rel
201 3469 297 3531 Patris
326 3469 372 3530 rel
400 3470 458 3532 mei
486 3469 542 3549 vel
558 3469 654 3548 ipsius
676 3469 784 3532 Christi
807 3478 836 3532 et
856 3469 937 3544 Filii,
969 3468 1014 3530 rel
1036 3487 1052 3530 a
1074 3487 1136 3542 nte,
1165 3468 1245 3549 quod
1267 3479 1352 3532 esta

138 3569 207 3645 Deo,
228 3571 273 3634 rel
294 3571 353 3634 nisi
375 3589 441 3633 cum
464 3570 596 3646 articulo,
619 3571 660 3634 ita
681 3580 797 3634 utnon
819 3570 941 3650 spiritus
963 3569 1060 3634 solum
1081 3570 1203 3645 dicatur,
1231 3570 1283 3634 sed
1305 3569 1352 3632 rel

137 3671 182 3733 ille
203 3672 329 3754 Spiritus
357 3674 402 3736 rel
432 3673 559 3754 Spiritus
589 3682 708 3737 sauctus
736 3673 781 3736 rel
810 3673 970 3737 Paraclitus
999 3674 1043 3736 rel
1072 3673 1220 3748 veritatis,
1252 3673 1353 3736 idest

137 3939 183 3990 qne
201 3925 230 3974 sd
247 3917 279 3971 rb
297 3921 402 3990 πνεῦμα
419 3917 450 3970 τὸ
469 3913 563 3988 ἅγιον,
589 3925 676 3976 desunt
693 3926 717 3975 iu
768 3927 824 3976 editi
843 3917 973 3991 φανερόν.
1014 3925 1065 3974 lior
1082 3925 1138 3990 lleg.
1157 3923 1180 3976 2.
1205 3917 1292 3978 iuraui
1307 3915 1350 3992 με’

141 4009 182 4044 ms.
199 3991 270 4041 basil.
767 3994 810 4044 atti
829 4002 852 4041 st
869 3993 926 4042 editi
942 4005 977 4058 με
997 3994 1114 4043 omittunt.

172 4075 192 4110 c.
211 4059 266 4120 lieg.
278 4057 308 4136 ‚²¹
327 4051 402 4140 nupsi
419 4056 468 4106 τοῦ
480 4049 573 4123 Ἀμώς.
611 4057 717 4109 llche-
802 4060 819 4110 l.
837 4051 866 4108 ir
883 4061 952 4110 obest
968 4076 981 4110 s
1000 4061 1095 4112 Gobler.
1114 4069 1137 4112 et
1154 4061 1258 4114 Falchm.
1271 4062 1293 4114 l.

139 4143 203 4193 guar.
222 4119 236 4174 b
254 4139 345 4192 nuptos
361 4137 448 4175 aereos
465 4135 510 4176 etc.
802 4143 824 4188 g.
841 4129 881 4178 Sic
904 4129 960 4190 lleg.
978 4129 998 4178 l.
1043 4129 1121 4178 Ceteri
1147 4137 1171 4180 et
1195 4131 1251 4182 editi
1272 4123 1351 4180 nussi-

171 4197 193 4246 d.
212 4197 252 4246 Sic
270 4195 325 4257 aeg.
339 4196 360 4244 l.
403 4195 480 4244 Ceteri
498 4209 554 4244 rere
572 4202 598 4243 et
613 4194 668 4244 editi
685 4187 717 4242 τὸ
767 4207 862 4260 ματος.

140 4259 168 4314 ti
184 4255 212 4314 tv
229 4263 288 4316 sule
296 4258 455 4330 παροιμίαις
463 4253 618 4327 λεγόμενον,
637 4261 717 4312 τοῦτο
800 4265 824 4314 b.
842 4265 882 4344 Sic
900 4263 956 4327 lisg.
976 4265 997 4315 l.
1016 4263 1113 4330 Seguer.
1132 4266 1230 4318 Gcbler.
1262 4266 1308 4318 liii
1326 4273 1350 4316 et

139 4329 193 4400 μέν.
229 4333 286 4386 item
305 4347 357 4380 mor
377 4332 465 4392 liegl.
482 4331 573 4393 tlnglie.
584 4330 718 4382 Gabiensi
767 4331 822 4382 editi
840 4327 998 4400 sepiamus.

143 4392 321 4452 fulciminis
337 4391 392 4466 ἔχει
409 4391 543 4459 ἀληθείας.
570 4399 614 4450 atii
626 4407 649 4450 et
661 4400 717 4450 editi
801 4402 815 4450 i.
840 4401 896 4463 lleg.
909 4402 931 4452 l.
949 4411 972 4451 et
983 4402 1054 4466 Sego.
1072 4393 1087 4460 ἢ
1106 4399 1154 4450 τοῦ
1167 4397 1284 4480 χριστοῦ
1302 4409 1347 4452 etc

142 4461 174 4522 oie
189 4461 243 4534 ἔχει
260 4461 274 4528 ἡ
294 4459 412 4528 ἀλήθεια.
800 4469 822 4518 l.
835 4469 890 4532 lleg.
899 4471 1019 4522 secundus
1028 4471 1114 4520 omittit
1123 4460 1226 4518 ἇλλατὸ
1233 4467 1349 4534 πνεῦμα.

173 4551 192 4585 e.
210 4539 249 4586 Sic
268 4539 352 4600 ttegios
370 4539 460 4602 primns
479 4545 502 4588 et
519 4537 653 4596 secundus,
671 4537 716 4586 Se·
766 4535 857 4588 ibidem
875 4529 907 4586 τό
924 4538 961 4589 bis
980 4553 1033 4590 mor
1051 4539 1197 4603 esquileest
1214 4538 1238 4586 in
1256 4537 1313 4600 ng.
1326 4538 1349 4586 l.

142 4617 203 4664 gaer.
220 4603 291 4656 basil.
309 4606 397 4667 anglio.
416 4613 438 4656 et
456 4605 568 4656 Ottobou.
604 4605 682 4656 Ceteri
693 4613 717 4656 st
767 4612 790 4655 at
807 4605 905 4668 Seguer.
