3212 5272
446 451 452 459 ·
561 432 670 476 onarro
686 433 708 475 r.
725 432 840 476 conone
854 435 988 478 nonnos.
1320 423 1399 488 149-

153 581 224 644 lalae
247 580 416 653 coniiciant,
439 580 489 662 qni
512 579 558 642 sui
581 581 694 644 similes
716 601 778 644 non
799 592 879 656 sunt,
902 592 934 644 nt
956 583 1042 646 etiam
1059 585 1245 650 Christianos
1269 607 1285 650 a
1306 609 1467 670 pro-neoc.

151 685 225 764 priis
250 681 400 762 magistris
422 682 513 744 velint
533 683 696 763 appellare,
725 702 784 764 qno
812 685 952 747 nimirum
980 685 1038 747 hoc
1065 697 1150 766 pacto
1179 689 1235 768 ipsi
1263 709 1381 770 quoque

150 785 309 848 rideantur
331 783 491 846 Christiani
513 784 661 864 appeMari.
706 784 750 846 Ne
777 787 896 865 inquam
927 787 957 848 in
985 795 1045 848 tam
1073 787 1222 867 probroso
1245 791 1302 852 hoc
1324 811 1380 856 ono

149 887 273 950 nomine
297 885 506 948 erubescentes
528 886 618 947 velint
639 887 757 966 nugeri3
786 895 837 949 aut
865 888 889 949 si
917 907 986 950 vere
1016 889 1211 963 erubescunt,
1241 891 1287 952 vel
1314 911 1381 956 sese

148 987 338 1052 numanam
365 987 409 1048 vel
437 1007 453 1049 a
480 989 600 1067 propria
627 989 760 1050 resiliant
782 989 944 1068 impietate.
987 989 1048 1052 Nec
1070 991 1150 1052 enim
1172 1009 1300 1071 nuquam
1323 1011 1380 1072 po·

148 1092 237 1172 pulos
261 1109 278 1151 a
301 1088 431 1169 propriis
454 1087 613 1168 Episcopis
635 1109 744 1152 nomen
766 1090 888 1170 accepit,
913 1090 966 1152 sed
988 1109 1004 1151 a
1025 1091 1165 1164 Domino,
1187 1092 1218 1154 io
1242 1111 1330 1172 quem
1352 1103 1381 1156 el

148 1195 238 1254 fidem
261 1190 418 1255 hahemus.
462 1189 537 1252 Hinc
558 1189 627 1252 licet
648 1190 727 1254 beati
748 1192 881 1271 Apostoli
905 1193 1038 1271 magistri
1059 1195 1155 1255 nostri
1178 1202 1209 1255 et
1229 1193 1380 1274 Evangelii

147 1293 313 1356 Salvatoris
336 1291 503 1354 administri
524 1293 650 1364 luerint,
680 1312 716 1354 ex
744 1293 801 1355 illis
832 1303 929 1356 tamen
958 1313 1017 1356 non
1048 1295 1251 1370 nominamur,
1286 1297 1339 1358 scd
1362 1311 1464 1360 antor.

147 1397 272 1458 Christo
296 1393 456 1456 Christiani
479 1402 510 1455 et
531 1413 633 1458 sumus
657 1405 684 1458 et
707 1396 841 1458 dicimur.
886 1395 1059 1469 Hiemem,
1088 1397 1138 1476 qni
1167 1397 1204 1459 ah
1234 1397 1300 1460 aliis
1323 1399 1378 1460 ha·

147 1498 219 1559 irent
243 1514 316 1557 suae
338 1495 406 1558 lidei
429 1495 582 1575 originem,
607 1506 805 1577 congruenter
819 1496 935 1558 illorum
951 1497 1073 1560 nomine
1087 1507 1237 1573 notantur,
1261 1509 1378 1580 utpote

145 1601 197 1678 qui
219 1600 257 1660 ad
280 1597 404 1660 eosdem
426 1597 601 1676 pertineant.

235 2005 263 2067 3.
307 2003 387 2062 Sanc
410 2021 477 2064 cum
500 2021 555 2062 nos
576 2021 681 2064 omnes
702 2021 719 2062 a
742 1999 859 2064 Christo
875 2001 1035 2064 Christiani
1057 2010 1087 2064 et
1108 2019 1245 2064 essemus
1268 2011 1298 2062 et
1319 2021 1377 2063 no-

148 2106 340 2176 minaremur,
363 2104 476 2165 eiectus
496 2103 566 2164 olim
588 2111 635 2164 est
649 2103 778 2164 Marcion
800 2103 934 2164 haeresis
958 2111 1077 2178 auctor;
1099 2111 1186 2181 atque
1201 2103 1231 2164 hi
1247 2103 1376 2184 quidem,

145 2208 196 2287 qui
218 2226 286 2269 com
308 2205 360 2266 illo
381 2214 626 2284 permanserunt,
656 2204 705 2283 qui
728 2205 906 2266 Marcionem
929 2203 1054 2284 expulit,
1086 2204 1244 2266 Christiani
1267 2223 1376 2268 nomen

146 2309 351 2380 retinuerunt,
379 2306 429 2385 qni
453 2324 523 2366 vero
546 2306 639 2367 secuti
662 2314 734 2367 sunt
755 2306 950 2379 Marcionem,
979 2305 1207 2368 *Marcionistae
1235 2305 1384 2386 deinceps,

147 2419 219 2470 snut
241 2407 386 2487 appellati.
433 2406 575 2468 Similiter
597 2407 785 2480 Valentinos,
812 2406 974 2478 Basilides,
1001 2406 1188 2470 Manichacus
1219 2416 1248 2468 et
1270 2405 1373 2468 Simon

147 2511 249 2588 Magus
271 2508 425 2589 proprium
449 2527 558 2570 nomen
581 2509 645 2569 suis
668 2507 790 2570 asseclis
812 2496 1035 2588 impertiendum
1066 2509 1144 2570 unde
1172 2507 1220 2570 alii
1242 2508 1372 2572 Valenti-

146 2611 236 2684 niani,
259 2610 310 2672 alii
332 2609 512 2682 Basilidiani,
534 2609 583 2670 alii
597 2609 767 2682 Manichaei,
791 2609 957 2674 Simoniani
972 2609 1029 2684 alii,
1053 2611 1160 2690 aliique
1175 2611 1373 2689 Cataphrpges

149 2712 331 2789 al’hrggia,
359 2719 389 2770 et
409 2729 424 2772 a
447 2709 558 2772 Novato
581 2709 735 2772 Novatiani
755 2721 971 2790 nuncupantur.
1015 2711 1059 2772 lta
1081 2710 1218 2772 similiter
1239 2709 1374 2772 Meletius

153 2831 169 2870 a
191 2811 285 2871 Petro
307 2810 449 2888 Episcopo
471 2821 502 2873 et
523 2821 650 2890 martyre
672 2811 783 2873 eiectus
813 2831 885 2873 snos
916 2831 978 2872 non
1000 2811 1058 2872 iam
1081 2810 1207 2890 amplius
1230 2806 1375 2870 Christia-

153 2929 211 2972 nos
236 2911 291 2970 sed
312 2909 473 2974 Meletianos
498 2911 619 2974 vocavit
665 2912 715 2974 Sic
736 2913 825 2990 igitar
847 2912 934 2974 etiam
956 2921 1122 2991 postquam*
1137 2911 1240 2972 heatae
1258 2927 1376 2970 momo-

152 3013 216 3074 riae
238 3010 397 3074 Alexander
414 3013 514 3074 Arinm
537 3013 633 3086 eiecit,
655 3013 696 3086 hi,
719 3012 768 3091 qni
791 3031 856 3074 cnm
871 3012 1038 3074 Alexandro
1060 3009 1263 3088 perstiterunt,
1288 3008 1375 3070 Chri-

129 3113 241 3178 stiani
264 3123 294 3174 ut
314 3123 396 3176 antea
418 3115 488 3178 dicti
510 3123 590 3187 sunt,
613 3115 663 3194 qni
685 3123 783 3176 autem
806 3132 872 3174 cnm
893 3113 963 3173 Ario
987 3119 1191 3184 recesserunt,
1215 3110 1374 3172 Salvatoris

150 3233 260 3276 nomen
281 3215 379 3288 nohis,
401 3216 451 3296 qui
474 3234 539 3278 cnm
562 3215 727 3278 Alexandro
749 3214 958 3284 remansimus,
980 3210 1179 3290 reliquerunt,
1202 3221 1233 3273 et
1253 3211 1293 3273 illi
1316 3213 1373 3274 iam

145 3316 214 3378 inde
235 3317 336 3379 Ariani
357 3327 429 3378 sunt
450 3317 597 3397 appellati.
630 3316 706 3378 llinc
728 3333 798 3394 ergo
821 3315 870 3394 qni
893 3315 963 3376 item
986 3322 1056 3393 post
1070 3313 1223 3376 Alexandri
1246 3323 1373 3374 mortem

145 3439 210 3480 cina
231 3419 396 3481 Athanasio
425 3419 490 3480 eins
513 3437 687 3480 successore
709 3425 739 3480 et
760 3417 840 3490 eliis,
869 3416 1044 3495 quibuscum
1071 3415 1136 3495 ipse
1165 3414 1371 3486 communicat,

145 3521 374 3590 communicent,
398 3519 521 3582 eandem
544 3520 584 3580 illi
607 3518 737 3581 retinent
758 3519 892 3590 lormam,
916 3537 1011 3596 neque
1034 3517 1122 3596 aliqui
1145 3516 1291 3579 intereos
1313 3533 1370 3575 no-

146 3623 222 3682 mine
244 3621 312 3682 eius
334 3620 546 3699 insigniuntur,
568 3639 664 3698 noque
685 3621 750 3699 ipse
772 3620 899 3694 illorum,
923 3621 976 3681 sed
999 3637 1102 3680 omnes
1117 3636 1222 3679 rursus
1245 3626 1275 3677 et
1296 3633 1371 3676 con·
1471 3671 1474 3678 ,

144 3730 229 3784 sueto
259 3739 346 3782 more
369 3721 527 3783 Christiani
555 3729 705 3784 vocantur.
751 3721 881 3782 Tametsi
910 3721 988 3782 enim
1019 3720 1227 3798 magistrorum
1250 3733 1370 3778 sncces-

211 3975 227 4004 ⁸¹
247 3970 340 4038 lauda:
359 3987 407 4022 nort
426 3973 531 4037 amplios
549 3973 678 4024 Chritlioni
696 3967 752 4038 sed]

176 4109 201 4156 h.
221 4107 263 4158 Sic
281 4108 381 4169 Segter.
401 4107 522 4169 Angiiran
543 4106 615 4158 hasil.
634 4108 731 4158 Cohler.
784 4106 858 4155 Paulo
882 4113 937 4170 post
962 4106 1060 4165 Segoer.
1085 4096 1239 4168 μακαρίτου
1254 4091 1371 4156 Ἀλεξάν-

142 4176 249 4224 l'elclrn.
263 4176 284 4223 l.
295 4175 318 4224 2.
334 4183 357 4224 et
366 4176 392 4225 5,
426 4175 453 4224 ln
472 4175 546 4236 liegio
565 4184 616 4224 erat
634 4189 732 4238 qnoque
784 4168 861 4237 ὅρου.
879 4173 940 4222 liditi
952 4171 1025 4221 etalii
1036 4160 1369 4238 pnxoploo’dleiriadpon.

143 4237 213 4290 κατά
232 4235 291 4289 dt'
350 4243 424 4298 ,sed
442 4243 506 4292 male
524 4243 677 4292 emendatum
696 4250 733 4292 est
878 4276 882 4284 ι

141 4303 212 4390 κάτᾶ
231 4255 363 4375 &gazizio-
389 4302 732 4388 Etititt'maqpoysanox
783 4273 1023 4393 Εάξύῗζὶοεέῗᾚ
1039 4272 1146 4406 ἦίῗὲιῗῇ
1172 4278 1195 4321 ⁰¹
1219 4269 1325 4318 ΝΜ
1347 4267 1369 4315 ¹¹

144 4385 242 4439 segnem
262 4379 362 4428 Cohler.
381 4386 405 4427 et
421 4378 558 4428 telettum.
577 4377 731 4432 Modoutou,
1291 4427 1299 4447 ¹

144 4443 339 4494 nocentiam.
376 4446 511 4495 letatura.
525 4439 665 4506 naamon,
677 4445 733 4492 Nu·
819 4445 834 4494 1.
854 4445 955 4506 Segner.
967 4451 991 4490 et
1001 4443 1056 4502 lieg.
1076 4441 1149 4490 codex
1162 4430 1243 4490 αὐτὸς
1262 4428 1275 4483 ὁ
1295 4433 1371 4511 Ado·

142 4508 277 4574 Martenoi.
316 4513 381 4563 Editi
400 4513 481 4562 etalii
501 4505 640 4567 Maeciano,
660 4512 733 4560 Nun·
784 4505 886 4564 νάπος.
923 4509 996 4558 Panlo
1015 4504 1371 4572 postedltioComrnol.oote

143 4581 256 4630 crient.
295 4581 349 4630 Mor
368 4580 440 4629 hasil.
459 4575 596 4632 Melirtor.
784 4571 812 4626 iz
830 4571 946 4628 ἐκείνων.
983 4577 1031 4626 Sed
1050 4567 1078 4622 ἐκ
1097 4575 1195 4624 abeona
1212 4569 1370 4632 Segueriano,

175 4649 190 4697 i.
215 4649 291 4700 hecil.
320 4655 344 4698 et
367 4647 472 4698 Fclclm.
492 4647 515 4698 5.
543 4640 732 4700 maurnands.
784 4642 1065 4708 aegrotationes.
