3226 5280
230 449 272 510 44
631 465 658 509 ε.
674 463 829 510 nummu
843 465 1067 510 ιεοιιιενιεεονι

144 629 220 674 mo
230 607 340 696 κύριος
374 609 547 696 γενόμενος
576 604 672 677 όι’“
653 614 741 700 ημᾶς
769 583 953 698 ἀνθρωπος
979 615 1033 680 καὶ
1062 615 1178 732 σῶμα..
1187 619 1334 732 φορέσας
1362 608 1459 682 οῦόέν

228 697 326 796 ἦττον
347 699 386 796 ἦν
408 709 506 790 θεός·
531 704 569 776 οῦ
590 709 652 798 γὰρ
674 707 856 800 ἠλαττοῦτο
878 739 918 800 τη
903 714 1102 800 περιβολῇ
1117 714 1178 778 τοῦ
1192 712 1357 800 στόματος,
1374 710 1459 784 ἀλλὰ

227 805 430 895 καὶμᾶλλον
453 809 670 878 ἐθεοποιεῑτο
695 817 794 880 τοῦτο
816 816 871 880 καί
893 810 1066 880 ἀθάνατον
1089 805 1252 882 ἀπετέλει.

317 919 365 978 15.
408 906 511 978 Ἱκανὰ
531 914 592 996 μὲν
615 903 673 979 οῦν
694 916 798 980 ταῦτα
821 914 1087 1002 στηλιτεῦσαι
1054 941 1112 1002 την
1128 915 1255 1002 αἵρεσιν
1271 920 1336 983 τῶν
1348 909 1458 1004 Ἀρει-

229 1013 326 1078 ανῶν.
370 1015 424 1079 καὶ
446 1011 518 1099 γάρ,
543 1007 588 1092 ὡς
610 1009 628 1078 ό
650 1013 762 1100 κύριος
784 1015 932 1096 όέόωκεν,
957 1015 993 1095 ἐξ
1014 1006 1060 1082 ὧν
1082 1017 1191 1102 ἔλεγον
1213 1011 1310 1083 αῦτοὶ
1331 1018 1459 1105 όιηλέγ-

228 1117 359 1200 γθησαν
388 1107 598 1199 ἀσεβοῦντες,
629 1121 710 1203 φέρε
732 1114 771 1205 δή
793 1114 850 1183 καὶ
870 1112 966 1205 ἡμεῖς
987 1125 1213 1204 προτείνωμεν
1235 1117 1290 1184 καὶ
1312 1112 1458 1205 ἀπαιτή-

230 1237 339 1298 σωμεν
361 1210 415 1280 καί
438 1208 557 1294 αύτούς
580 1211 847 1304 ἀποκρίνασθαι·
876 1216 991 1304 καιρὸς
1011 1219 1072 1304 γάρ
1096 1218 1200 1300 ἐστιν,
1225 1215 1460 1307 ἀπορήσαντος

230 1309 350 1394 αύτοῦς
381 1313 415 1382 ἐν
446 1326 519 1395 τοῖς
552 1315 652 1396 ἰδίοις
681 1316 875 1405 ἐρωτᾶσθαι
904 1318 1025 1388 λοιπὸν
1051 1315 1129 1408 παρ’
1154 1316 1262 1407 ἡμῶν·
1285 1320 1378 1404 ,τάχα
1399 1315 1459 1408 κάν

230 1412 336 1495 σῦτως
363 1415 577 1504 ἐντραπέντες
606 1413 841 1505 ἀναβλέψωσιν
871 1416 954 1488 όθεν
981 1427 1168 1488 κατέπεσον
1191 1422 1224 1488 ολ
1245 1422 1456 1509 κακόφρονες.

230 1515 287 1584 τὸν
308 1515 380 1584 οίὸν
402 1521 460 1585 τοῦ
481 1523 567 1587 θεοῦ
587 1519 827 1610 μεμαθήκαμεν
850 1521 884 1589 ἐκ
905 1523 972 1590 τῶν
993 1528 1100 1592 θείων
1116 1524 1262 1610 γραφῶν,
1287 1518 1332 1601 ὡς
1354 1539 1459 1610 ·προ-

230 1623 377 1703 είπσμεν,
401 1614 500 1686 αῦτόν
523 1616 609 1688 εἶναι
628 1619 687 1689 τὸν
709 1620 806 1708 λόγον
827 1621 883 1689 καὶ
903 1621 961 1711 τὴν
984 1630 1107 1712 σοφίαν
1122 1625 1181 1689 τοῦ
1196 1621 1332 1708 πατρός.
1365 1618 1458 1707 ὁμὲν

230 1718 292 1807 γὰρ
320 1715 510 1802 ἀπόστολός
539 1743 637 1811 φησι·
667 1723 816 1810 Χριστὸς
846 1727 930 1792 θεοῦ
960 1723 1099 1809 δύναμις
1119 1727 1174 1792 καὶ
1196 1727 1280 1791 θεοῦ
1303 1730 1409 1813 σοφία
1418 1729 1457 1806 ¹)·

146 1816 251 1890 καλό
274 1824 311 1889 όέ
329 1817 476 1912 Ἰωάννης
500 1824 650 1912 εἰρηκώς·
672 1823 729 1892 καὶ
751 1821 769 1890 ὁ
791 1823 888 1912 λόγος
905 1823 988 1913 σάρξ
1002 1825 1138 1912 ἐγένετο,
1162 1823 1322 1914 ἐπήγαγεν
1339 1819 1458 1904 εύθύς·

132 2015 136 2028 ⁸
230 1923 286 1992 καὶ
308 1922 527 2010 ἐθεασάμεθα
548 1925 607 2012 τήν
629 1925 727 2006 δόξαν
750 1920 860 2009 αότοῦ,
884 1927 984 2008 δόξαν
1007 1923 1052 2006 ὡς
1072 1931 1269 2013 μονογενοῦς
1283 1924 1376 2014 παρὰ
1391 1949 1460 1994 πα-

229 2027 315 2114 τρός,
339 2025 467 2114 πλήρης
485 2026 621 2113 χάριτος
641 2026 698 2094 καὶ
722 2023 931 2116 άληθείαςἿ·
955 2025 1015 2110 ὥς,
1039 2032 1099 2094 τοῦ
1122 2028 1220 2115 λόγου
1243 2025 1338 2107 όντος
1358 2051 1460 2112 μονο·

229 2131 343 2216 γενοῦς
370 2129 459 2209 οἱοῦ,
494 2129 528 2197 ’ἐν
549 2155 586 2196 τε
607 2128 713 2216 τούτῳ
735 2133 782 2217 τῷ
805 2129 891 2218 λόγῳ
914 2129 970 2198 καί
991 2132 1031 2218 τῇ
1054 2128 1159 2218 σοφίᾳ
1180 2133 1379 2216 γεγενῆσθαι
1400 2129 1459 2197 τόν

230 2257 266 2300 τε
288 2225 426 2317 οὐρανὸν
447 2233 502 2298 καὶ
524 2228 582 2319 τήν
603 2233 662 2318 γῆν
684 2233 738 2298 καί
760 2230 872 2298 πάντα
892 2231 935 2299 τὰ
957 2231 991 2298 ἐν
1013 2227 1136 2312 αὐτοῖς.
1181 2235 1235 2298 καί
1258 2230 1378 2319 ταύτης
1398 2233 1458 2319 τῆς

231 2339 353 2421 σοφίας
375 2331 481 2420 πηγήν
505 2327 590 2400 είναι
610 2331 668 2398 τὸν
690 2331 782 2414 θεόν,
806 2332 841 2401 ἐν
862 2335 909 2420 τῷ
925 2332 1057 2418 Βαροῦχ
1077 2332 1325 2418 μεμαθήκαμεν,
1349 2331 1460 2400 αίτωι-

231 2440 351 2514 θέντος
378 2437 437 2500 τοῦ
457 2428 598 2521 Ἰσραήλ,
629 2430 684 2501 ότι
711 2434 905 2521 ἐγκατέλιπε
931 2435 990 2521 τὴν
1012 2432 1198 2524 πηγήντής
1221 2437 1382 2521 σοφίαςἿ.
1428 2432 1459 2500 εί

229 2539 289 2622 μέν
312 2526 369 2604 οῦν
392 2530 569 2622 ἀρνοῦνται
590 2536 632 2604 τὰ
652 2542 867 2624 γεγραμμένα,
892 2532 1037 2604 αότόθεν
1053 2530 1291 2621 ἀλλότριοικαὶ
1306 2537 1364 2600 τοῦ
1382 2528 1458 2600 όνό-

230 2661 334 2723 ματος
368 2635 476 2718 όντες,
509 2638 637 2717 οἰκείως
670 2631 710 2706 ἀν
741 2639 896 2705 καλοῖντο
928 2631 1100 2724 καὶπαρὰ
1122 2637 1256 2704 πάντων
1279 2631 1387 2722 ἀθεοι,
1401 2634 1459 2702 καὶ

228 2739 460 2827 χριστομάχοι·
484 2736 570 2807 οῦτω
593 2737 654 2826 γὰρ
677 2737 813 2818 ἑαυτοὺς
835 2737 1057 2824 ἐπωνόμασαν
1077 2737 1135 2805 καί
1148 2733 1260 2805 αῦτοί·
1284 2737 1314 2806 εί
1329 2737 1365 2804 όέ
1381 2758 1459 2804 σνν-

231 2844 449 2928 ομολογοῦσιν
471 2837 550 2930 ήμῒν
573 2835 659 2908 εἶναι
680 2839 893 2908 θεόπνευστα
914 2828 1037 2927 τὰτῆς
1057 2844 1186 2930 γραφής
1208 2839 1352 2927 ῥήματα,
1382 2840 1459 2905 τολ-

186 2961 191 2969 “
229 2943 430 3031 μησάτωοαν
451 2945 604 3032 φανερῶς
626 2942 743 3024 εἰπεῖν,
767 2940 790 3008 ἀ
810 2946 1036 3028 κεκρομμένως
1057 2945 1248 3028 φρονοῦσιν,
1272 2937 1325 3007 ότι
1340 2937 1459 3026 ἀλογος

231 3045 306 3112 1’καὶ
327 3044 457 3134 ἀσοφος
478 3035 517 3132 ἦν
540 3041 558 3110 ὁ
582 3043 663 3123 θεός
685 3067 786 3123 ποτε,
815 3043 870 3110 καὶ
890 3049 1047 3128 μανέντες
1069 3043 1227 3111 ε’ίπωσιν·
1260 3033 1300 3129 ήν
1322 3038 1379 3109 ὅτε
1401 3036 1459 3108 οῦκ

231 3135 280 3234 ἦν,
313 3145 370 3213 καὶ
390 3146 471 3232 πρίν
493 3150 693 3236 γεννηθῆναι
720 3140 778 3213 οῦκ
799 3135 838 3232 ἦν
861 3139 879 3212 ό
902 3141 1066 3230 Χριστός·
1095 3143 1199 3210 πόλιν
1220 3167 1257 3209 τε
1279 3136 1459 3229 ἀποφηνά-

232 3251 371 3312 σθωσαν
398 3246 457 3331 τήν
484 3247 591 3336 πηγήν
618 3247 663 3336 μή
692 3249 727 3329 ἐξ
756 3249 872 3334 ἑαυτῆς
893 3250 1114 3333 γεγεννηκέναι
1135 3242 1193 3331 τήν
1216 3249 1355 3330 σοφίαν,
1386 3238 1455 3310 ἀλλ’

233 3345 358 3426 ἔξωθεν
381 3345 498 3432 ἑαυτῆς
519 3353 700 3435 κεκτῆσθαι
721 3349 857 3436 ταύτην,
881 3349 937 3416 ἵνα
958 3344 1013 3413 καὶ
1034 3343 1244 3432 τολμήσωσιν
1268 3341 1391 3410 είπεῖν·
1422 3342 1458 3422 ἐξ

233 3441 290 3516 σῦκ
312 3443 417 3514 όντων
437 3453 566 3533 γέγονεν
590 3443 607 3514 ὁ
630 3449 710 3529 υίός.
755 3453 854 3516 τοῦτο
883 3449 944 3536 γὰρ
967 3441 1025 3516 οῦκ
1047 3447 1098 3514 ότι
1118 3445 1224 3534 πηγήν
1245 3444 1365 3532 ταύτην
1389 3444 1457 3511 όεί-

231 3572 352 3628 κννσιν,
378 3542 462 3615 ἀλλά
483 3573 559 3616 τινα
581 3547 738 3618 λακκον
710 3573 825 3638 ωσπερ
841 3551 966 3631 ἐ’ξωθεν
982 3547 1070 3637 ῦόωρ
1086 3547 1239 3636 λαβόντα,
1263 3552 1457 3635 κεχρημένον
1495 3583 1500 3588 ·

230 3653 277 3739 τό
301 3645 440 3742 ὀνόματι
460 3652 519 3739 τῆς
540 3653 661 3774 πεινῆν.ἵ

319 3759 367 3821 16.
405 3748 593 3840 Ὅσηςμέν
623 3741 680 3818 οῦν
704 3747 894 3837 ἀσεβείαςέ
897 3775 952 3818 στι
973 3755 1072 3818 τοῦτο
1093 3751 1228 3836 μεστόν,
1253 3747 1371 3818 οῦόένα
1391 3751 1458 3816 τῶν

232 3849 291 3941 κᾷν
312 3860 468 3940 βραχεῖαν
491 3855 654 3941 αίοθησιν
676 3852 816 3936 ἐχόντων
839 3846 1102 3939 ἀμφιβόλλειν“
1084 3857 1235 3940 ηγοῦμαι.
1283 3849 1397 3938 ἐπειδὴ
1422 3851 1458 3918 δὲ

231 3954 489 4041 τονθορύζοντες
510 3949 723 4043 λέγουσιν,’
708 3954 855 4041 ονόματα
875 3951 977 4037 μόνον
1003 3948 1088 4021 εἶναι
1109 3958 1169 4020 τοῦ
1191 3955 1264 4026 υίοῦ
1287 3954 1383 4040 λόγος
1403 3976 1460 4018 και

232 4062 346 4145 σοφία,
370 4051 546 4142 ἀναγκαῖον
569 4058 733 4146 ἐρωτῆσαι
752 4054 906 4133 τούτους·
929 4054 958 4122 εί
981 4048 1128 4139 όνόματα
1148 4056 1251 4139 μόνον
1271 4054 1343 4121 ἐστὶ
1356 4057 1460 4121 ταῦτα

231 4160 290 4224 τοῦ
318 4157 407 4237 οἱοῦ,
439 4155 539 4236 ἀλλος
567 4151 608 4224 ἀν
636 4153 735 4236 αύτὸς
764 4159 814 4244 εἰἠ
837 4155 931 4240 παρὰ
951 4158 1063 4221 ταῦτα.
1109 4153 1165 4218 καί
1188 4154 1217 4220 εἰ
1237 4154 1297 4236 μὲν
1319 4153 1459 4238 βελτίων

233 4257 305 4325 ἐστὶ
325 4260 391 4324 τῶν
414 4252 595 4341 όνομάτων,
619 4253 677 4339 οὐχ
699 4253 793 4323 όοιον
816 4257 851 4322 ἐκ
871 4259 937 4321 τῶν
960 4251 1143 4320 ἐλαττόνων
1157 4251 1215 4319 τόν
1230 4254 1385 4337 βελτίονα
1400 4275 1460 4337 ση-

232 4364 430 4443 μαίνεσθαι·
460 4359 489 4426 εί
517 4359 553 4425 δὲ
582 4357 726 4425 ἐλάττων
754 4355 826 4423 ἐστὶ
854 4357 919 4420 τῶν
943 4347 1127 4436 ὀνομάτων,
1158 4351 1294 4429 πάντως
1316 4350 1460 4433 ἔχεικαὶ

231 4458 289 4546 τήν
312 4460 421 4527 αἰτίαν
442 4463 501 4547 τῆς
522 4457 581 4526 ἐπὶ
601 4457 641 4524 τὸ
662 4457 795 4524 κάλλιον
818 4458 1052 4540 προςηγορίας·
1074 4453 1173 4518 τοῦτο
1196 4454 1232 4519 όὲ
1255 4449 1358 4518 πάλιν
1373 4475 1459 4538 προ-

302 4685 326 4746 1)
345 4685 367 4736 1.
386 4686 441 4736 Cor.
464 4685 485 4748 1,
503 4683 543 4735 24.
613 4683 638 4744 2)
657 4683 722 4732 Ιοτο.
743 4679 765 4740 1,
787 4679 824 4730 14.
894 4677 920 4736 31
937 4677 990 4728 Bar.
1011 4675 1035 4738 ³,
1055 4674 1094 4726 12.
