3226 5280
504 373 648 419 epistota
663 373 700 416 ult
717 373 882 417 scurnum
896 371 1037 416 ntontstt.
1327 355 1387 420 123

151 527 214 604 „in
237 525 294 588 alia
315 525 441 607 epistola
462 525 584 606 scripsi,
613 523 721 604 quibos
747 523 980 586 criminationem
1003 541 1107 586 eorum
1136 521 1237 604 depuli
1258 522 1472 586 menda-css.

153 645 309 708 „nemque
332 626 465 702 ostendi,
486 645 544 706 qua
566 625 683 688 alebant
703 645 752 687 mc
773 625 921 688 Christum
943 643 1053 703 negare
1076 624 1228 686 esseben
1251 623 1386 687 consub-

154 729 366 806 „steutialem
411 727 543 788 Tametsi
575 726 653 788 enim
686 728 779 788 latecr
810 745 859 788 me
887 726 945 787 boc
971 724 1147 786 vocabulum
1179 743 1321 803 nusquam
1355 725 1387 787 in

155 830 349 911 „scripturis
371 828 465 892 sacris
487 828 533 890 vel
554 827 706 890 invenisse
727 827 774 888 vel
796 827 923 906 legisse.
954 833 1085 886 attamen
1112 834 1282 904 argumenta
1311 845 1387 902 mea,

155 951 261 1012 „quae
283 930 505 1009 subsequuntur
526 947 660 1010 quaeque
681 928 731 990 isti
754 934 920 1000 tacuerunt,
942 925 979 988 ab
1003 926 1059 987 bac
1080 925 1225 988 ssnoemia
1244 925 1318 986 nibil
1340 925 1388 987 di·

155 1041 336 1112 „screpant
380 1031 496 1093 Etenim
518 1031 677 1092 humanam
699 1029 815 1110 prolem
838 1027 1057 1108 inexemplum
1079 1025 1175 1100 attuli,
1201 1045 1289 1107 quarn
1310 1033 1393 1106 patet

156 1153 258 1210 „esse
280 1132 414 1194 eiusdem
436 1133 556 1212 generis
578 1151 614 1194 ac
634 1130 810 1210 genitorem,
834 1129 953 1209 dixique
975 1147 1078 1191 revera
1100 1129 1132 1190 iu
1148 1128 1208 1190 boc
1221 1127 1319 1190 solum
1335 1144 1391 1206 pa·

157 1243 288 1312 „rentes
310 1234 430 1296 dilierre
460 1253 477 1295 a
504 1232 593 1305 liliis,
623 1231 704 1312 quod
726 1231 784 1311 ipsi
807 1250 868 1292 non
890 1232 952 1293 sint
972 1230 1042 1306 lilii3
1071 1230 1143 1293 alias
1172 1247 1299 1294 necesse
1326 1229 1392 1290 lore

160 1355 285 1415 „neque
306 1343 445 1415 parentes
468 1333 599 1396 existere
621 1351 718 1412 neque
739 1333 828 1396 lilios.
871 1332 1034 1414 Epistulam
1055 1339 1164 1403 autem,
1186 1340 1220 1393 ut
1236 1337 1305 1393 ante
1320 1329 1392 1404 dixi,

159 1438 229 1515 „ob
251 1444 441 1517 praesentem
462 1453 564 1497 rerum
586 1433 802 1508 conditionem,
831 1452 923 1514 penes
951 1453 1001 1496 me
1028 1451 1089 1494 non
1117 1431 1227 1506 babec;
1259 1430 1392 1512 ahoquin

160 1539 253 1620 „ipsa
274 1538 328 1600 tibi
350 1555 426 1617 quae
447 1544 518 1598 tunc
539 1536 645 1616 scripsi
668 1535 772 1608 verba,
799 1536 861 1596 imo
884 1535 1027 1615 epistolae
1049 1535 1139 1596 totius
1161 1533 1310 1613 exemplar
1330 1531 1391 1594 mi-

159 1640 320 1716 ,‚aissem‚
344 1637 515 1717 nrittamque
536 1637 565 1698 si
587 1636 705 1717 mando
727 1637 799 1698 mibi
822 1636 886 1697 eius
909 1637 993 1716 copia
1017 1635 1114 1698 luerit.
1153 1635 1276 1702 Memini
1298 1651 1391 1714 porro

160 1759 239 1816 „me
259 1740 404 1819 pbrrimas
433 1756 470 1798 ex
497 1737 588 1800 rebus
617 1737 696 1798 iuter
723 1755 757 1798 se
785 1737 918 1817 cognatis
943 1737 1156 1800 similitudines
1185 1734 1390 1814 conglobasse.

161 1841 311 1915 „Etenim
332 1839 461 1918 plantam
484 1838 547 1900 sive
575 1857 610 1899 cx
641 1837 756 1900 semine
787 1837 849 1900 sive
871 1857 907 1900 ex
927 1839 1027 1900 radice
1049 1843 1286 1900 succrescentem
1308 1833 1392 1896 aliam

163 1939 255 2015 „dixi
278 1957 348 2000 esse
369 1939 405 2000 ab
429 1957 482 2012 eo,
511 1939 589 2000 unde
616 1937 783 2019 pullularit,
816 1939 872 2001 etsi
895 1938 1030 2000 eiusdem
1054 1939 1174 2000 omnino
1194 1937 1234 2012 sit
1255 1943 1394 2008 naturae,

163 2041 374 2120 „fluviumque
396 2059 412 2101 a
434 2041 516 2102 lonte
537 2040 677 2102 liuentem
699 2040 785 2102 aliam
808 2042 933 2102 formam
956 2049 987 2101 et
1001 2057 1110 2102 nomen
1125 2039 1273 2119 accipere:
1296 2055 1477 2116 nequeene.

164 2143 271 2221 „enim
295 2151 347 2205 aut
368 2143 480 2206 iontem
510 2141 646 2217 fluvium,
679 2149 730 2206 aut
757 2141 878 2204 llurium
906 2141 1018 2204 iontem
1047 2141 1120 2216 dici3
1152 2141 1206 2204 sed
1234 2149 1393 2218 utrumque

162 2246 330 2322 „existere
352 2263 387 2306 ac
407 2245 519 2307 iontem
542 2244 625 2325 qnasi
647 2244 764 2307 Patrem
787 2263 867 2318 esse,
890 2243 1012 2305 durium
1032 2261 1103 2304 sero
1126 2259 1231 2322 aquam
1253 2261 1290 2304 ex
1310 2242 1393 2304 lonte

161 2355 370 2424 „manantem
415 2345 473 2408 Sed
496 2347 569 2408 baec
590 2345 712 2425 quidem
734 2354 764 2406 et
784 2345 893 2408 similia
914 2345 1022 2425 scripta
1048 2363 1083 2406 se
1105 2362 1166 2405 non
1188 2341 1288 2404 ridere
1309 2341 1394 2422 quasi

162 2497 181 2524 ‚,
191 2449 391 2512 caecutientes
415 2447 618 2520 dissimulant3
651 2443 767 2508 duabus
789 2455 887 2508 autem
909 2446 1022 2508 voculis
1044 2443 1219 2508 inconnexis
1242 2443 1328 2524 quasi
1348 2441 1394 2503 la·

163 2549 310 2630 „pidibus
333 2549 451 2609 eminus
474 2565 523 2608 me
545 2545 690 2628 impetere
711 2555 871 2623 conantur,
892 2567 954 2611 uon
976 2548 1180 2621 advertentes,
1202 2542 1395 2625 perobscuris

166 2649 295 2722 ,‚rcbus,
318 2665 394 2725 quae
414 2655 449 2708 ut
469 2645 671 2723 intelligantur
691 2647 840 2710 additione
862 2649 1005 2730 indigent,
1027 2649 1202 2728 plerumque
1222 2663 1284 2706 non
1305 2641 1396 2704 modo

170 2747 293 2821 „aliena
315 2745 367 2806 sed
391 2753 421 2806 et
442 2745 589 2806 contraria
610 2747 740 2826 exempla
760 2748 857 2812 lucem
878 2752 1020 2812 allerre.“
1052 2747 1191 2810 intortio
1207 2741 1398 2808 autemlibro

167 2846 225 2908 ait:
249 2844 337 2918 „Vita
359 2863 395 2906 ex
416 2845 473 2906 rita
494 2845 591 2923 genita
613 2855 668 2916 est.
693 2848 941 2926 quemadmodum
963 2850 1074 2911 flumen
1097 2867 1114 2909 a
1136 2849 1220 2909 lonte
1242 2841 1398 2914 emanarit,

168 2954 229 3022 „et
250 2964 267 3006 a
288 2945 356 3008 luce
378 2943 538 3043 inentincta
553 2945 712 3026 ,splendida
732 2949 783 3010 lux
804 2965 924 3010 accensa
947 2955 1027 3010 ιον*

258 3151 307 3213 19.
352 3147 406 3210 llis
428 3146 555 3221 auditis,
583 3147 650 3228 quis
678 3167 739 3211 uon
762 3147 895 3210 insaniae
916 3149 1058 3227 deinceps
1081 3163 1134 3208 eos
1156 3143 1319 3218 accusabit,
1348 3143 1397 3225 qui

164 3249 343 3330 Dionysium
364 3247 500 3310 Arianice
522 3249 635 3312 sentire
658 3247 871 3330 suspicantur?
912 3249 974 3312 Nae
1001 3248 1050 3312 ille
1077 3247 1125 3310 bis
1152 3244 1332 3326 argumentis
1360 3243 1397 3308 ab

166 3351 231 3431 ipsa
252 3349 377 3414 veritate
405 3350 546 3430 proiectis
575 3358 668 3412 totam
688 3351 752 3413 Arii
779 3351 907 3431 proterit
936 3349 1095 3412 baeresim.
1138 3347 1211 3411 Nam
1233 3347 1304 3410 illud
1327 3345 1398 3412 Non

169 3462 236 3515 erut
254 3455 438 3532 prinsquam
457 3455 634 3531 pipneretur
655 3460 686 3513 et
699 3452 778 3515 Erat
799 3453 918 3534 parendo
940 3471 1004 3514 nou
1026 3461 1094 3515 erut
1116 3449 1287 3532 splendoris
1305 3465 1397 3510 roca-

168 3551 238 3614 bulo
261 3553 403 3628 confutat,
425 3571 481 3614 nec
502 3570 563 3614 non
585 3553 633 3614 bis
656 3551 770 3615 verbis:
794 3551 902 3628 „Pater
923 3553 987 3615 eius
1008 3571 1159 3632 nunquam
1182 3551 1296 3630 absque
1313 3547 1398 3630 prole

170 3653 255 3716 luit.“
299 3653 373 3715 lllud
406 3663 503 3716 autem
531 3654 612 3734 quod
640 3653 722 3716 aiunt
748 3673 787 3718 eo
814 3655 1096 3718 non-enstcntilos
1124 3651 1233 3714 releliit
1261 3649 1398 3724 dicendo,
1476 3635 1482 3648 '

170 3753 299 3818 Verbum
321 3773 387 3817 esse
409 3755 493 3834 quasi
514 3755 636 3818 fluvium
659 3773 695 3817 ex
716 3757 814 3830 lente,
842 3763 876 3818 ut
895 3774 1016 3836 germen
1045 3773 1081 3816 ex
1102 3753 1218 3826 radice,
1247 3751 1340 3814 lilium
1362 3769 1398 3814 ex

171 3862 305 3936 parente,
326 3855 425 3918 lumen
449 3873 484 3917 ex
505 3855 617 3916 lumine
639 3863 670 3917 et
688 3856 777 3919 rium
800 3875 836 3918 ex
856 3857 925 3918 vita.
971 3855 1061 3926 Quod
1082 3861 1181 3916 autem
1203 3851 1243 3916 illi
1259 3858 1401 3935 separant

175 4041 276 4090 eiusdem
285 4048 391 4092 naturae.
417 4039 479 4090 Editi
498 4032 659 4106 ὅμοιιφυές.
687 4039 763 4089 Paulo
816 4032 888 4086 doni.
926 4037 1001 4090 Paulo
1025 4047 1081 4103 post
1105 4041 1201 4091 Taurin
1222 4040 1291 4092 Colb.
1310 4040 1357 4090 les.
1375 4043 1400 4088 et

174 4115 230 4172 post
248 4108 345 4158 Tauria.
366 4107 435 4160 colb.
455 4108 501 4158 les.
521 4107 588 4158 l'r.l.
606 4100 652 4155 aci
670 4105 763 4174 σχῆμα
816 4107 854 4156 l'r.
874 4105 891 4156 l.
909 4119 945 4173 με
962 4097 1084 4170 βάλλειν,
1105 4117 1129 4159 et
1146 4109 1177 4158 ita
1197 4109 1255 4171 legit
1272 4115 1340 4158 retus
1358 4106 1399 4156 ln·

174 4170 229 4223 καί.
815 4182 889 4240 terpr.
923 4175 987 4226 Editi
1004 4190 1060 4226 vern
1080 4191 1134 4227 com
1153 4177 1227 4239 liegio
1245 4166 1396 4242 ἐμβάλλειν.

173 4234 299 4358 ἔχε’·τόν
323 4251 383 4323 ³⁰⁸⁸·
402 4238 509 4322 ''m-59⁶
533 4251 556 4294 Η
582 4257 636 4293 “¹⁰¹
654 4236 687 4291 τό
705 4252 760 4294 ⁸⁰¹⁰
845 4293 868 4342 ς.
887 4277 928 4330 Sic
951 4277 1008 4341 ling.
1033 4277 1132 4328 laurio.
1158 4276 1225 4328 eotb.
1250 4277 1297 4327 les.
1322 4275 1361 4327 l'r.
1380 4275 1398 4326 l.

218 4323 277 4368 aas,
297 4325 358 4375 qnae
378 4326 400 4362 m
419 4313 491 4362 edtus
503 4311 653 4374 legebantur,
672 4311 761 4362 desunt
812 4345 874 4397 mm
892 4337 923 4396 ἐν
939 4342 987 4410 τῷ,
1025 4343 1078 4395 3¹⁰¹
1097 4344 1144 4394 m·
1162 4336 1289 4410 ἐγενήθη.

174 4377 197 4427 in
217 4377 274 4439 ling.
293 4378 390 4428 Tnario.
409 4379 479 4431 Colb.
498 4379 561 4442 len,
578 4381 621 4430 sed
641 4379 761 4430 habentur

174 4445 198 4495 ic
217 4445 259 4496 lib.
278 4445 444 4510 despondit,
469 4446 510 4497 ubi
529 4449 587 4498 baec
605 4449 675 4498 rerba
694 4447 760 4498 reis·
848 4449 872 4498 b.
894 4448 935 4498 Sic
959 4447 1017 4509 lleg.
1036 4445 1134 4496 Tauria.
1159 4443 1204 4495 les.
1230 4443 1303 4494 basil.
1322 4441 1401 4520 ³¹³¹·

173 4520 266 4562 mutor.
814 4515 877 4566 Editi
901 4527 958 4564 vero
983 4513 1100 4564 mendose
1117 4509 1167 4562 aori
1186 4507 1225 4569 dd,
1244 4504 1273 4568 li
1290 4502 1338 4560 adn
1356 4521 1400 4556 ον-

208 4581 226 4630 i.
254 4579 296 4632 Sic
322 4579 379 4644 lleg.
407 4581 505 4632 laurio.
531 4581 576 4634 les.
618 4581 681 4634 Editi
705 4581 763 4636 cols
815 4595 873 4632 'aar
892 4573 986 4630 αὐτόν.
