3170 5266
252 331 272 392 6
690 353 693 360 .
775 337 948 382 rametam.

252 503 366 568 menta,
395 491 502 572 quibus
531 489 677 570 imprimis
706 487 842 550 monachi
870 485 1053 548 Benediclini
1075 503 1110 546 ex
1133 485 1360 564 congregatione
1382 484 1491 546 sancti

252 594 345 656 blauri
362 613 431 654 suas
443 600 560 672 patrum
577 591 723 652 editiones
739 596 964 650 exornaverunt.
991 587 1065 647 Pars
1082 585 1201 665 quidem
1218 587 1395 666 optimarum
1410 585 1490 646 edi-

254 697 368 757 tionum
390 693 602 755 Parisiensium
635 691 753 752 saeculo
784 690 944 770 praeterito
973 689 1002 748 in
1036 688 1118 749 ltalia
1146 687 1276 749 Venetiis
1306 695 1336 748 et
1357 686 1491 756 Patavii,

181 817 189 838 ·
253 796 326 856 aliae
348 813 443 874 nuper
456 793 578 855 Parisiis
600 791 676 872 typis
699 810 822 852 recusae
844 798 924 864 sunt,
947 789 999 849 sed
1022 787 1154 867 exempla
1169 789 1294 866 repetita
1308 806 1368 848 non
1384 788 1490 848 multo

252 896 379 958 minoris
407 895 576 956 renduntur
603 911 690 972 quam
719 893 875 972 archetypa
904 909 960 952 nec
988 889 1103 951 facilius
1132 887 1277 950 studiosis
1307 888 1343 950 ad
1371 906 1490 948 manus

252 997 385 1059 veniunt.
427 995 627 1056 Bibliothecae
648 1003 745 1056 autem
768 1004 885 1073 patrum
908 1010 982 1071 quae
1009 989 1208 1069 appellantur,
1241 990 1320 1051 velut
1346 989 1491 1067 locuple-

255 1097 370 1164 tissima
393 1095 590 1166 Gallandiana,
613 1113 674 1156 non
697 1093 933 1172 complectuntur
954 1099 1054 1171 patres
1078 1090 1217 1164 maiores,
1240 1108 1365 1170 quorum
1389 1073 1491 1168 opere

253 1199 389 1280 pluribus
412 1195 612 1258 voluminibus
636 1204 789 1267 constant,
822 1203 852 1255 et
876 1193 905 1253 in
927 1191 992 1266 aliis
1017 1191 1082 1251 eius
1105 1191 1223 1268 generis
1245 1190 1490 1262 collectionibus,

254 1319 329 1380 quae
351 1298 464 1360 nosuis
487 1297 671 1378 temporibus
694 1296 848 1357 inchoatae
871 1303 940 1355 sunt
962 1302 992 1354 et
1012 1289 1208 1372 particulatim
1231 1289 1349 1352 venales
1365 1291 1489 1353 haben-

255 1409 314 1474 tur,
344 1397 453 1478 scripta
479 1399 642 1478 dogmatica
665 1397 784 1458 illorum
808 1394 948 1457 ecclesiae
975 1411 1097 1470 graecae
1119 1391 1325 1470 theologorum
1347 1401 1398 1454 aut
1420 1411 1489 1454 non

253 1499 459 1579 reperiuntur,
487 1509 538 1560 aut
559 1500 647 1560 latine
668 1507 782 1560 mutum
806 1495 991 1556 exhibentur.
1035 1493 1084 1553 Sic
1106 1492 1291 1555 Bibliotheca
1313 1511 1402 1554 sacra
1422 1513 1490 1573 pa-

255 1609 338 1661 trum
361 1599 502 1662 ecclesiae
522 1618 711 1680 praecorum,
736 1616 822 1678 quam
846 1597 912 1657 Car.
935 1593 1006 1654 Em.
1029 1591 1186 1654 Richterus
1208 1592 1328 1672 Lipsiae
1342 1612 1369 1654 a.
1388 1596 1487 1658 1826.

256 1699 343 1762 edere
365 1699 480 1781 coepit,
511 1719 572 1762 non
601 1700 675 1762 ultra
704 1700 820 1761 tertiam
847 1705 961 1778 partem
985 1693 1144 1756 Clementis
1166 1694 1246 1754 Alex.
1270 1712 1362 1773 opere
1382 1695 1488 1756 couti-

254 1810 375 1862 nentem
396 1800 555 1880 processit,
577 1809 608 1860 et
628 1800 813 1862 Bibliotheca
831 1811 958 1880 potrum
980 1795 1118 1860 ccclesiae
1142 1794 1315 1868 catholicae,
1339 1799 1391 1876 qai
1411 1805 1488 1858 ante

241 1901 393 1964 Orientis
417 1915 446 1966 et
470 1902 636 1964 Occidentis
659 1901 787 1964 schr'sma
814 1902 1006 1982 floruerunt,
1038 1896 1146 1958 Osonii
1169 1896 1204 1956 ab
1227 1914 1253 1958 a.
1280 1897 1370 1962 1838.
1393 1914 1486 1958 sum-

255 2001 334 2064 tibus
362 2001 483 2064 Parheri
512 2020 619 2064 excusa
646 2021 741 2084 paene
770 2009 831 2064 tota
860 2007 976 2062 constat
1009 1997 1128 2078 scriptis
1163 1997 1332 2077 exegeticis.
1374 1996 1489 2060 lnsunt

256 2102 333 2162 enim
357 2110 423 2164 octo
446 2103 491 2166 rel
513 2121 620 2166 norem
642 2102 859 2174 voluminibus,
888 2119 962 2180 qnae
984 2100 1080 2160 adhuc
1102 2105 1347 2178 comparuerunt,
1378 2099 1485 2177 Augu-

256 2203 327 2264 stini
349 2205 566 2277 confessiones,
594 2203 798 2282 chrysostomi
820 2201 958 2264 homiliae
982 2199 1012 2260 in
1033 2201 1211 2262 llatthaeurn
1240 2206 1327 2278 atque
1354 2198 1385 2259 in
1414 2198 1486 2278 epi-

256 2303 349 2364 stolas
371 2305 453 2366 Pauli
476 2305 513 2366 ad
536 2303 705 2366 Corinthios
728 2303 815 2364 etad
837 2302 990 2362 Romanos
1013 2317 1028 2359 a
1052 2300 1083 2360 F.
1106 2300 1218 2368 Fieldio
1242 2299 1347 2371 editae,
1377 2298 1485 2360 Theo-

170 2473 176 2478 ·
255 2403 350 2466 doreti
374 2405 605 2466 commentarius
628 2405 658 2465 in
673 2403 755 2465 Pauli
778 2402 929 2482 epistolas.
968 2401 1051 2474 Quae
1066 2419 1136 2462 vero
1152 2399 1275 2462 Parisiis
1290 2400 1326 2461 ab
1342 2419 1368 2460 a.
1388 2402 1485 2464 1829.

254 2503 366 2582 prodiit
389 2504 531 2566 Collectio
554 2504 663 2567 selecta
685 2523 727 2566 ss.
757 2503 897 2565 ecclesiae
921 2514 1049 2582 patrum
1079 2501 1274 2583 complectens
1306 2505 1488 2582 caqar'sitis-

256 2607 333 2667 sima
354 2621 449 2684 opera
471 2616 536 2668 tum
557 2605 722 2684 doonmtica
745 2615 774 2666 et
795 2602 941 2674 moralia,
973 2612 1037 2664 tam
1064 2602 1253 2683 apologetica
1279 2613 1309 2664 et
1331 2607 1486 2676 oratoria,

255 2703 339 2766 cuius
361 2704 526 2783 plusquam
550 2712 667 2766 centum
691 2714 721 2766 et
742 2704 861 2784 triginta
883 2702 1031 2764 volumina
1053 2720 1122 2764 cura
1145 2712 1175 2763 et
1196 2702 1341 2765 studiat.
1354 2703 1385 2764 Β.
1401 2701 1485 2764 Cail-

254 2803 302 2868 lau
325 2815 354 2868 et
375 2805 411 2868 ll.
436 2805 470 2866 N.
494 2805 525 2866 S'.
549 2804 667 2867 Guillon
697 2803 774 2866 edita
797 2812 876 2876 snut,
907 2822 940 2864 ea
964 2821 1025 2864 non
1047 2821 1183 2882 graecum
1206 2809 1329 2877 textum,
1360 2803 1413 2865 sed
1435 2804 1485 2864 la-

254 2905 343 2980 tinas,
366 2926 441 2988 quae
462 2907 634 2980 exstabant,
657 2906 918 2985 interpretationes
940 2905 1119 2982 scriptorum
1140 2902 1289 2982 Origenis,
1318 2905 1486 2978 dtlranasii,

254 3005 371 3080 Basilii,
400 3006 535 3088 Gregorii
556 3006 627 3069 Naz.
650 3007 835 3087 aliorumque
857 3005 987 3086 praebet.
1032 3005 1132 3084 Neque
1155 3005 1244 3066 altere
1266 3005 1398 3066 collectio
1421 3004 1483 3066 Pa-

255 3105 403 3180 risiensis,
427 3126 501 3189 quae
523 3108 718 3191 Patroloqiae
741 3129 852 3174 carsae
876 3106 1040 3188 completas
1063 3105 1247 3180 inscribitur,
1276 3105 1388 3186 copiam
1412 3107 1486 3168 lacit

255 3205 373 3284 legendi
394 3217 493 3283 patres
516 3225 650 3286 graecos,
673 3227 763 3288 quum
780 3207 876 3270 editor
891 3208 954 3270 eius
964 3207 990 3268 J.
1003 3207 1035 3268 P.
1048 3206 1144 3286 bligne
1160 3206 1242 3268 solos
1257 3205 1363 3289 latinos
1380 3215 1484 3286 patres

257 3303 479 3386 scriptoresque
501 3308 718 3368 ecclesiasticos
742 3306 906 3368 secundum
929 3306 1115 3369 saeculorum
1142 3307 1249 3387 quibus
1273 3307 1407 3369 vixerunt
1427 3327 1484 3368 or-

256 3406 354 3466 dinem
378 3405 454 3484 typis
477 3405 576 3466 denuo
599 3401 811 3468 exscribendos
834 3415 931 3468 curet:
955 3407 985 3470 in
1000 3427 1056 3487 qua
1072 3427 1162 3486 opera
1177 3426 1255 3470 nuuc
1268 3407 1408 3488 evulgatis
1422 3426 1485 3469 no-

254 3507 374 3585 naginta
397 3506 514 3568 circiter
536 3506 625 3568 tomis
648 3508 801 3587 usquead
824 3507 974 3570 saeculum
998 3526 1110 3570 nonum
1125 3527 1304 3589 progressus
1320 3517 1375 3571 est.
1412 3509 1483 3582 Quo

256 3605 345 3688 igitur
367 3607 496 3670 rariores
519 3616 591 3669 sunt
611 3606 758 3670 editiones
787 3609 967 3689 scriptorum
991 3627 1066 3688 quos
1090 3610 1239 3670 nominari
1267 3616 1296 3671 et
1317 3609 1482 3688 pretiosio-

254 3725 315 3782 res,
337 3727 423 3787 quam
448 3718 480 3770 ut
501 3727 517 3770 a
538 3707 689 3790 plerisque
711 3728 825 3782 eorum,
848 3710 899 3790 qui
921 3709 1132 3772 accuratiorem
1155 3710 1323 3789 dogmatum
1346 3710 1483 3772 notitiam

254 3807 329 3890 ipsis
345 3828 378 3870 ex
396 3809 525 3872 fontibus
542 3809 660 3872 haurire
681 3811 781 3886 velint,
803 3809 915 3891 acquiri
936 3810 1055 3890 possint
1076 3811 1122 3871 rel
1136 3811 1282 3891 conquiri,
1305 3817 1334 3872 et
1347 3829 1406 3889 quo
1421 3811 1482 3872 mi-

254 3927 312 3972 nus
335 3910 399 3972 lieri
422 3930 548 3992 unquam
570 3918 680 3991 potest,
703 3920 736 3972 ut
758 3929 861 3992 magna
878 3910 1025 3974 volumina
1041 3929 1130 3990 parvo
1147 3912 1334 3974 venditentur
1350 3921 1378 3973 et
1391 3911 1482 3972 latius

256 4010 452 4092 divulgentur,
476 4031 511 4074 eo
527 4012 643 4090 aegrius
659 4012 781 4075 ferimus
797 4032 834 4074 ne
856 4012 1001 4076 delectum
1024 4013 1142 4092 quidem
1163 4012 1306 4075 librorum
1327 4013 1483 4092 potiorum

255 4110 424 4174 institutum
440 4131 517 4184 esse,
539 4111 589 4191 qui
601 4111 782 4174 desiderium
794 4114 977 4193 integrorum
990 4107 1113 4194 operum
1123 4113 1341 4193 propemodum
1354 4115 1479 4194 expleat.

255 4211 297 4272 dc
309 4213 444 4290 prolecto
461 4213 559 4274 mirari
580 4211 658 4286 licet,
680 4214 760 4292 quod
776 4213 853 4276 inter
867 4223 912 4276 tot
927 4216 1006 4278 viros
1023 4214 1140 4288 doctos,
1162 4215 1211 4294 qui
1228 4215 1259 4275 in
1279 4215 1400 4294 scriptis
1424 4233 1478 4296 pa-

257 4319 335 4374 trum
349 4311 384 4374 ad
399 4313 630 4392 frequentiorem
647 4323 676 4375 et
690 4314 853 4377 faciliorem
869 4335 957 4378 usum
973 4315 1188 4378 transferendis
1212 4333 1333 4395 operam
1351 4315 1480 4379 colloca-

258 4419 372 4486 verunt,
387 4429 475 4474 nemo
491 4413 527 4474 ad
539 4413 597 4474 laos
609 4414 678 4477 fidei
691 4416 873 4480 orthodoxae
887 4425 987 4498 patres
1003 4436 1037 4480 ac
1052 4427 1191 4491 statores,
1207 4434 1333 4496 quorum
1349 4425 1480 4479 sanctam

256 4511 410 4576 cohortem
425 4513 506 4576 ducit
519 4514 707 4593 Athanasius,
723 4517 832 4582 claudit
845 4517 976 4580 loannes
991 4517 1201 4594 Damasoemrs,
1218 4518 1354 4582 animum
1366 4517 1480 4580 ridetur
