3054 5236
463 349 915 399 conrnaseocuntntueumun
930 351 951 394 ι.
1254 345 1317 409 897

33 497 81 558 id
116 507 189 562 est
209 500 343 562 animam¹
361 499 549 577 significarit,
579 499 616 560 de
645 518 703 578 qua
725 507 754 561 et
775 499 905 562 dixerat:
934 500 1019 564 Porto
1041 521 1106 566 eum
1124 524 1185 588 pru
1210 511 1403 574 ontinenam.

39 605 161 672 meis,
194 601 235 664 ita
258 609 291 664 ut
313 600 541 678 exspirationem
565 619 655 662 nemo
678 600 786 662 dixerit
798 600 922 664 Deitatis
937 605 1240 686 transmigrationem,
1264 613 1318 674 sed

38 701 205 764 animae
239 701 416 764 discessum.
460 703 534 764 Nem
567 703 592 763 si
621 721 676 780 per
705 703 999 782 transmigrationem
1026 707 1150 770 Deitatis
1178 728 1261 774 mors
1288 721 1318 776 et

44 803 226 882 corporis
254 804 411 866 exstinctio
434 803 627 881 contigisset,
656 803 778 882 propria
799 813 897 866 morte
919 805 1046 868 obiisset
1069 816 1099 870 et
1119 827 1180 872 non
1201 807 1323 876 nosue.

40 905 95 966 Et
113 904 198 984 'qui
220 904 325 966 amabo
349 923 410 966 non
433 903 549 964 obtecta
574 903 687 966 Deitate
707 903 738 964 in
761 903 910 967 internum
932 905 1159 972 descendisset?
1191 911 1316 976 Ubinam

46 1006 173 1084 igitur
197 1007 246 1068 illa
270 1006 377 1078 anima,
400 1023 487 1084 quam
511 1005 690 1083 promiserat
711 1004 858 1070 Dominus
881 1024 915 1068 se
935 1025 992 1088 pro
1015 1009 1120 1072 ovibus
1144 1011 1208 1074 suis
1229 1016 1314 1093 posi-

47 1115 199 1181 turum,
223 1111 260 1170 de
283 1126 338 1187 qua
361 1117 391 1169 et
411 1107 578 1186 Prophetae
600 1105 722 1185 praeisti
746 1106 841 1170 sunt?
884 1107 917 1170 Si
938 1128 1010 1172 vero
1033 1111 1148 1174 animae
1163 1113 1315 1178 discessus

49 1213 139 1284 luit,
171 1210 244 1272 ideo
265 1209 377 1272 dictum
399 1216 445 1270 est
466 1225 534 1268 eum
551 1215 687 1268 nostram
701 1215 830 1270 mortem
845 1210 1026 1289 suscepisse,
1048 1212 1106 1273 boc
1121 1223 1168 1276 est
1181 1222 1316 1280 uosbam

57 1311 319 1376 dissoluu'unem
342 1309 532 1382 sustinuisse,
557 1319 589 1371 ut
611 1317 642 1374 et
662 1317 797 1372 nostram
819 1311 962 1375 nascendi
982 1313 1140 1376 rationem.

173 1617 225 1680 19.
270 1613 383 1674 Vanum
405 1597 496 1689 igitur
518 1619 565 1670 est
586 1617 718 1672 vestrum
741 1611 911 1690 sophisma3
933 1632 1000 1676 nam
1023 1620 1074 1696 qul
1096 1636 1208 1698 quaeso
1231 1637 1314 1686 mors

62 1715 277 1787 advenisiet,
306 1712 367 1775 nisi
394 1719 426 1772 et
451 1711 625 1772 interiorem
649 1719 680 1774 et
701 1713 881 1776 exteriorem
903 1714 1053 1778 bominem
1076 1719 1205 1782 Verbum
1226 1721 1258 1782 in
1278 1740 1315 1786 ae

63 1814 304 1885 constituisset,
326 1813 357 1874 id
381 1821 428 1874 est
449 1830 558 1890 corpus
581 1821 611 1874 et
632 1811 786 1874 animam?
830 1814 889 1887 Qui
904 1833 960 1895 pro
977 1825 1040 1879 toto
1056 1820 1178 1882 hunnine
1193 1822 1313 1884 redem-

65 1917 175 1980 tionis
197 1914 328 1996 pretium
351 1913 474 1986 dederit,
497 1921 549 1974 aut
569 1915 721 1992 quomodo
743 1914 849 1978 mortis
863 1915 1021 1996 imperium
1036 1918 1124 1996 plene
1139 1919 1313 1998 abrogatum

65 2019 183 2092 luerit,
207 2017 235 2078 si
257 2017 338 2090 illud,
361 2015 440 2095 quod
463 2033 516 2094 per
538 2014 760 2093 intelligentiam
782 2025 927 2094 peccant,
949 2017 1077 2082 animam
1100 2037 1207 2099 nempe
1222 2021 1311 2082 cmi-

65 2129 144 2183 stus
170 2118 203 2180 iu
227 2137 295 2180 sese
318 2115 539 2197 impeccabilem
561 2135 623 2176 non
645 2114 878 2190 constituisset?
921 2117 999 2197 Ergo
1022 2138 1105 2182 mors
1129 2122 1312 2186 etiamnunc

67 2223 102 2282 in
129 2220 280 2283 interiore
301 2219 423 2282 bomine
445 2218 632 2291 dominatur,
660 2218 691 2280 in
714 2236 843 2297 quonam
866 2219 946 2282 euim
968 2220 1026 2282 alio
1048 2239 1178 2301 unquam
1202 2239 1395 2303 regna-raas
1498 2223 1521 2281 .’

68 2331 165 2386 serat
195 2321 255 2384 nisi
289 2322 319 2383 in
352 2321 467 2394 anima,
500 2339 576 2399 quae
603 2319 795 2400 intelligendo
820 2331 1009 2400 peceaverat,
1044 2331 1078 2384 ut
1104 2323 1217 2386 dictum
1245 2331 1309 2388 est:

69 2425 205 2496 Anima,
240 2443 315 2504 putre
339 2427 527 2505 peccaverit,
555 2426 624 2502 epse
652 2425 819 2496 morietur,
850 2441 907 2502 pro
930 2441 988 2503 qua
1008 2423 1161 2503 propriam
1184 2424 1311 2488 animam

70 2526 220 2588 Christus
248 2523 279 2586 in
308 2525 436 2602 pretium
464 2522 660 2588 redemtionis
687 2521 812 2602 posuit?
855 2523 1021 2598 Quemnam
1044 2533 1142 2587 autem
1164 2525 1201 2588 ab
1222 2526 1308 2590 initio

72 2624 399 2698 condemnantibus,
423 2643 499 2704 opus
523 2624 636 2703 opificis
660 2641 698 2686 an
718 2623 867 2687 actionem
889 2624 1021 2704 opificii?
1066 2625 1098 2687 Si
1120 2646 1197 2706 opus
1220 2628 1308 2706 opili-

72 2727 120 2791 cis
146 2726 363 2798 condemnavit,
386 2727 517 2805 seipsum
540 2726 839 2788 condemnavitlieus
861 2725 976 2804 eritque
997 2726 1170 2788 hominibus
1193 2727 1309 2791 similis.

77 2829 172 2902 Quod
195 2828 222 2891 si
244 2827 368 2906 impium
392 2827 430 2890 sit
452 2827 510 2888 hoe
531 2828 567 2889 de
589 2827 651 2890 Deo
674 2829 816 2906 cogitare,
839 2834 870 2888 et
891 2827 918 2886 si
940 2826 1006 2905 ipse
1029 2827 1176 2890 actionem
1199 2827 1308 2908 opificii

76 2930 241 3001 damnavit,
263 2929 361 2990 aulert
381 2929 471 3007 igitur
493 2928 641 2991 actionem
664 2939 694 2992 et
715 2930 838 2990 innovat
860 2925 1028 3007 opificium3
1050 2946 1119 2990 nam
1141 2929 1206 2992 eius
1228 2947 1307 3009 opus

78 3050 184 3095 sumus
206 3031 298 3092 creati
320 3029 357 3092 ad
379 3029 455 3092 bene
478 3032 672 3110 operandum.

165 3234 216 3296 20.
260 3231 320 3292 Sed
341 3249 461 3294 rursum
483 3231 598 3293 dicitis:
622 3230 704 3304 „Nos
726 3230 819 3292 ileum
842 3227 968 3291 dicimus
991 3247 1070 3304 eum,
1094 3229 1143 3310 qui
1167 3231 1308 3294 exbiatia
1414 3311 1418 3314 ,

79 3340 168 3396 natus
195 3337 272 3394 eat.“
323 3332 509 3412 curitaque
537 3331 634 3394 dicitis
663 3331 752 3396 veluti
780 3331 929 3403 Marcion,
963 3331 1057 3392 iteum
1088 3331 1246 3394 advenisse
1273 3351 1309 3396 ac

78 3433 171 3496 licum
193 3433 314 3494 intactili
337 3435 427 3494 modo
450 3434 625 3506 accessisse,
648 3434 729 3512 quod
750 3442 886 3494 naturam
909 3431 1016 3494 habeat
1038 3432 1135 3494 caruis
1157 3433 1305 3494 humanae

79 3553 140 3596 nun
163 3533 321 3614 capacem?
364 3535 422 3597 Aut
448 3553 501 3596 cur
522 3534 616 3596 Deum
644 3534 724 3595 illum
748 3534 846 3595 dicitis
869 3533 958 3594 sicuti
979 3533 1089 3596 Paulus
1112 3533 1305 3596 Samosateu·

82 3635 147 3698 sisi
188 3635 229 3698 Ea
258 3636 337 3697 enim
365 3644 412 3697 est
437 3637 515 3701 illius
545 3635 708 3716 impietatis
730 3635 824 3709 ratio,
859 3644 891 3696 ut
913 3635 1006 3696 Deum
1030 3636 1206 3697 confiteatur
1226 3651 1305 3710 eum,

83 3737 131 3815 qui
153 3753 186 3796 er
206 3735 296 3796 diaria
319 3744 407 3797 natus
431 3746 493 3808 est,
522 3737 572 3814 qui
601 3745 669 3798 ante
692 3737 809 3800 saecula
832 3737 949 3814 quidem
972 3737 1147 3815 praefinitus
1170 3735 1224 3808 sit,
1254 3734 1304 3814 qui

83 3845 178 3898 tamen
204 3853 240 3894 ex
261 3835 353 3895 illaria
385 3835 500 3894 initium
531 3836 677 3898 existendi
698 3835 846 3897 habuerit.
890 3833 1140 3896 Verbum-autem
1163 3835 1305 3905 efficere

88 4071 134 4134 οὖν
149 4075 277 4146 βασιλεύει
296 4075 310 4130 t
328 4075 459 4136 edumas.
497 4083 559 4134 satra
573 4100 629 4136 vern
641 4093 666 4136 a
751 4086 774 4134 s.
793 4083 834 4133 sn
852 4083 952 4146 signer.
982 4077 1305 4148 satrianensem,

89 4153 125 4202 elii
142 4154 167 4198 al
184 4135 230 4199 οὖν
247 4141 309 4198 καθ’
322 4144 394 4215 ὑμᾶς
412 4145 548 4213 βασιλεύει
565 4145 579 4200 d
598 4145 661 4202 dciv.
717 4143 754 4206 ὥς
775 4151 919 4216 Μαρκίων.
963 4150 1016 4200 idox
1040 4151 1141 4213 Sepuer.
1164 4145 1308 4217 προεληλυ-

119 4235 139 4270 e.
156 4221 251 4278 Sepuer.
268 4219 337 4268 solus
355 4209 399 4266 tin
416 4211 500 4284 ψυχή.
716 4213 796 4267 aiau.
835 4220 900 4270 loire
917 4215 1008 4286 λέγετε
1025 4219 1094 4270 deest
1112 4221 1136 4270 in
1155 4221 1250 4270 todem.

120 4289 136 4336 i.
157 4289 252 4346 Sessar.
272 4286 370 4335 iiottler.
389 4294 412 4335 et
430 4287 535 4336 i'eleim.
548 4287 570 4337 i.
588 4277 664 4336 oini-

89 4355 163 4414 epum
179 4349 191 4401 l
208 4345 331 4422 Χριστὸς
347 4345 447 4420 dispar
463 4355 574 4418 (Seguer.
591 4345 666 4402 ἄντί-

90 4419 184 4492 iurporl
201 4412 339 4474 ἀναδούς.

120 4507 139 4551 ς.
155 4491 246 4551 Seprter.
266 4491 364 4541 contar.
384 4498 407 4541 ei
424 4489 530 4542 Felclm.
550 4491 573 4542 i.
590 4503 665 4558 περι-

93 4549 154 4621 alptt
168 4554 257 4606 τοίνυν
274 4549 333 4617 τήν.

124 4642 238 4688 irnlnisn
249 4655 302 4690 ore.
315 4656 389 4690 noar.
400 4655 451 4690 art.
1069 4639 1101 4690 5⁷

749 4321 765 4370 i.
790 4319 862 4370 basil.
883 4314 913 4368 τὸ
936 4313 1089 4390 πρόβλημα.
1127 4319 1187 4371 ibid.
1204 4319 1307 4383 sepner.

716 4389 784 4437 solus
804 4377 818 4434 d
842 4383 958 4452 otoystv,
979 4391 1019 4438 ubi
1038 4391 1094 4438 editi
1113 4397 1137 4438 et
1155 4390 1195 4439 aiii
1209 4379 1306 4456 ὁμολο-

715 4453 767 4520 γεῖ.
829 4470 858 4505 ox
874 4451 927 4522 μέν
945 4466 1000 4522 post
1019 4449 1129 4504 aldrov
1138 4458 1207 4507 deest
1217 4457 1239 4505 in
1254 4453 1307 4504 edi·

716 4524 756 4585 tis,
774 4537 802 4573 et
820 4525 920 4585 Sepuer.
939 4525 1113 4590 supplevimus.
