3250 5292
540 375 646 424 onemo
662 377 704 422 nr.
721 377 835 422 coarat
849 377 985 422 soranos.
1309 365 1368 428 521

151 517 251 598 ludaei
273 529 343 593 olim
365 527 586 610 obstrepebant,
607 505 675 591 enm
689 529 763 590 baee
776 527 919 605 viderent,
941 547 1016 610 qnae
1030 545 1110 592 nunc
1123 529 1223 594 Amani
1238 532 1371 612 legentes
1379 553 1403 596 r.
1409 555 1456 596 aar.

151 635 256 698 nolunt
277 633 412 706 credere,
443 631 503 693 sed·
524 631 562 693 ad
589 629 786 710 blasphemias
809 630 921 710 delapsi
944 640 1023 694 sunt.
1067 631 1098 692 Si
1120 633 1185 710 quis
1207 632 1298 713 igitur
1317 635 1370 696 lu·

151 737 292 800 daeornm
315 743 345 798 et
364 733 540 796 Asianorum
562 732 649 796 rerba
671 732 751 794 inter
772 750 806 792 se
828 732 897 793 uelit
918 732 1072 806 uenture,
1095 731 1122 794 ia
1145 734 1227 796 laeila
1248 735 1368 815 perspi·
1461 759 1474 770 ·

151 839 218 912 ciet,
241 837 307 898 illos
329 836 359 898 in
382 835 505 898 eandem
527 833 649 898 omnino
672 831 872 894 infidelitatem
894 832 1061 907 incurrere,
1084 851 1244 914 paremque
1266 855 1370 899 eorum

151 941 331 1021 impietatem
354 946 384 999 et
402 937 553 1000 audaciam
576 954 611 998 ae
631 951 817 1000 oommnnem
845 934 903 996 illia
931 943 1032 997 eontra
1061 953 1118 996 nos
1141 955 1210 1000 ease
1232 937 1370 1018 pugnam.

151 1043 225 1105 Nam
246 1041 328 1104 ludai
350 1039 467 1120 quidem
489 1037 620 1102 aiebant:
658 1036 738 1112 „Qui
767 1037 830 1099 fieri
857 1045 958 1116 potest
979 1045 1011 1101 nt
1031 1037 1096 1112 ille,
1128 1039 1178 1118 qui
1201 1039 1290 1100 bomo
1313 1049 1370 1114 est,

151 1143 258 1220 „ilaus
280 1140 365 1204 sit‘l“
386 1140 486 1204 briam
507 1157 593 1216 rere:
616 1139 671 1214 „Si
693 1137 772 1201 Deua
794 1157 882 1201 verus
904 1147 951 1200 est
973 1137 1102 1215 exiled,
1124 1159 1183 1222 'ro
1204 1153 1290 1221 paeto
1312 1161 1370 1223 pe-

153 1245 237 1322 „tuit
258 1243 322 1306 tisri
344 1241 485 1306 bomol“
506 1239 607 1304 ludaei
627 1249 779 1322 praeterea
795 1240 964 1303 amudalum
978 1240 1167 1322 patiebantur
1180 1243 1372 1308 huiusmodi-

152 1367 210 1428 que
231 1345 440 1410 cavillabuntur
461 1343 574 1408 verbis:
607 1343 667 1418 „Si
688 1341 780 1404 Filius
802 1342 855 1403 Dei
877 1351 956 1406 esset
975 1343 1048 1416 iste,
1071 1363 1187 1406 muoem
1209 1364 1270 1407 non
1293 1347 1370 1410 tole-

153 1453 309 1524 ‚‚rasset“
359 1445 402 1508 lix
432 1445 561 1512 adversa.
585 1454 683 1508 auum
717 1453 802 1526 parta
833 1443 933 1506 brinni
969 1445 1041 1508 baeo
1075 1463 1132 1510 nos
1169 1447 1370 1544 interrogant:

153 1551 280 1625 „Quare
308 1561 489 1612 asseverare·
510 1547 642 1628 audetis,
675 1546 758 1610 illum
787 1547 941 1628 proprium
969 1557 1090 1610 naturae
1117 1548 1214 1613 Patris
1244 1553 1370 1616 Verbum

152 1673 265 1740 ‚‚ease‚
288 1653 338 1733 qui
361 1669 487 1732 eorpus,
510 1651 589 1731 qnod
611 1651 671 1732 peti
693 1649 806 1730 possit,
829 1647 963 1712 lrabetl“
997 1649 1097 1714 ludaei
1119 1651 1189 1714 item
1212 1654 1370 1718 bominum

152 1755 316 1818 necandum
336 1752 526 1834 quaerebant,
548 1749 628 1832 prod
649 1751 742 1812 Denm
764 1768 852 1813 sunm
874 1769 942 1813 esse
962 1759 1076 1844 patrem
1098 1753 1211 1817 diceret
1231 1757 1317 1836 eique
1337 1777 1372 1822 se

152 1875 254 1938 parem
283 1859 410 1928 bearet,
439 1871 505 1916 enm
527 1871 740 1934 sumopere,
769 1871 844 1938 qnae
866 1852 913 1916 ille
940 1855 1014 1933 agit,
1048 1863 1217 1918 testaretur.
1261 1857 1371 1920 Eadem

153 1977 272 2040 quoque
294 1966 340 2019 est
360 1955 535 2019 baianorum
556 1955 707 2029 doctrina,
737 1954 818 2016 illum
840 1973 947 2036 nempe
967 1973 1064 2036 neque
1084 1975 1186 2048 parem
1209 1977 1276 2021 esse
1298 1959 1372 2035 ileo,

152 2080 249 2142 neque
272 2059 364 2122 Deum
391 2057 544 2140 proprium
566 2076 601 2120 ao
621 2057 783 2120 naturalem
806 2057 894 2120 Verbi
922 2065 1037 2138 patrem
1065 2075 1151 2134 ease3
1184 2063 1254 2140 quin
1283 2063 1372 2126 etiam

152 2163 236 2239 illos,
265 2162 314 2244 qni
341 2163 380 2226 ita
408 2161 555 2236 sentiunt,
587 2161 624 2224 ad
646 2177 748 2222 oseem
770 2159 956 2240 perquirunt
1002 2161 1129 2243 lnsnper
1150 2161 1176 2224 is
1199 2171 1263 2226 erat
1284 2165 1372 2228 etiam

150 2265 327 2330 ludaeorum
350 2283 464 2328 sermo:
494 2261 600 2326 Νοοπα
623 2263 670 2325 bie
691 2271 738 2325 eet
759 2261 855 2324 Filios
878 2260 994 2344 loaepb,
1017 2267 1104 2326 euius
1124 2282 1182 2327 aes
1199 2275 1322 2348 petreia
1342 2279 1374 2362 et

150 2381 278 2433 matrem
299 2363 462 2431 οοοίοοοοΡ
497 2365 653 2440 monade
676 2368 771 2446 ipltur
792 2365 878 2435 dicit,
897 2369 1079 2447 priusquam
1100 2366 1252 2429 Abrabam
1272 2367 1371 2449 fieret,

150 2491 203 2555 epo
226 2489 303 2548 aum,
325 2479 356 2534 et
378 2469 412 2532 de
435 2467 518 2531 coelo
540 2465 703 2530 rimandi?
724 2466 840 2528 ludaeis
863 2467 1053 2530 consentiunt
1072 2467 1184 2542 briam,
1206 2477 1293 2548 atque
1315 2469 1371 2532 ista

84 2641 96 2662 ὓ
152 2573 264 2652 pariter
285 2573 455 2632 decantant:
478 2569 560 2644 „Qut
582 2568 648 2630 deri
671 2576 780 2649 potest,
802 2578 836 2631 ut
858 2569 905 2631 ille
930 2570 970 2632 sit
990 2569 1119 2632 Verbum
1140 2569 1188 2630 vel
1209 2568 1299 2642 Dens,
1321 2570 1372 2651 qui

155 2671 292 2747 „dormit
311 2679 344 2732 ut
364 2670 471 2744 bomo,
504 2670 554 2750 qni
581 2671 632 2732 bet
654 2679 683 2733 et
703 2669 915 2750 interrogatl“
949 2671 1068 2734 Seilioet
1089 2669 1206 2751 utrique
1228 2669 1371 2732 bumanas

154 2782 278 2853 propter
304 2771 488 2844 affectiones,
523 2769 629 2849 quibus
660 2789 716 2852 pro
739 2772 853 2846 earnis,
886 2789 973 2852 qnam
1001 2771 1113 2845 induit,
1145 2769 1317 2834 conditione
1338 2789 1372 2834 se
1381 2791 1458 2864 aare.

154 2873 282 2938 subiecit
304 2871 446 2945 Salvator,
469 2871 557 2932 Verbi
578 2873 789 2953 proprietatem
812 2881 842 2934 et
863 2873 1044 2934 divinitatem
1067 2872 1213 2934 reiieiunt
1364 2877 1368 2884 '

239 2977 290 3040 28.
335 2973 407 3034 Cum
436 2971 526 3052 igitur
553 2973 641 3036 stulta
669 2973 813 3037 eiusmodi
841 2972 973 3034 doctrina
1003 2980 1064 3034 tota
1087 2974 1127 3035 sit
1147 2973 1263 3036 ludatoa
1286 2983 1374 3056 atque

154 3073 191 3141 ex'
211 3075 364 3158 proditore
386 3073 456 3136 luda
478 3082 590 3148 exorta,
613 3075 658 3138 rel
679 3092 750 3153 ergo
772 3073 869 3154 palam
891 3073 932 3134 illi
953 3075 1115 3148 fateantur,
1138 3093 1171 3137 se
1195 3075 1322 3156 Galpbae
1344 3085 1374 3155 et

152 3179 281 3244 Herodis
303 3176 467 3257 discipulos
489 3195 567 3250 ease,
591 3193 647 3237 nee
666 3175 846 3238 ludaismum
869 3174 1086 3239 Christianismi
1109 3175 1193 3239 titulo
1217 3177 1372 3254 ooeultent,

153 3281 208 3346 sed
230 3297 408 3360 corporeum
423 3277 585 3340 Sabatoris
607 3278 762 3340 ndremnm
783 3277 915 3358 penitus,
939 3287 972 3340 ut
987 3295 1077 3358 supra
1092 3278 1231 3352 diximus,
1253 3289 1371 3361 negent,

151 3403 187 3448 ea
208 3383 286 3446 enim
309 3389 356 3444 est
376 3380 497 3462 propria
518 3377 636 3442 illorum
658 3379 792 3442 haeresis
815 3381 976 3454 sententia,
1006 3378 1052 3441 vel
1081 3380 1123 3454 si,
1153 3389 1214 3464 tum
1237 3391 1270 3444 ut
1291 3383 1372 3444 Con-

154 3485 263 3548 stantio
286 3501 346 3545 non
369 3475 554 3563 displiceant,
579 3482 780 3544 tumidorum
803 3481 909 3561 petia,
932 3499 1009 3562 quos
1031 3481 1220 3564 deceperunt,
1244 3482 1370 3546 ludaeo-

151 3607 218 3651 rum
239 3589 315 3650 ritus
337 3586 432 3666 palam
460 3585 594 3666 amplecti
625 3593 654 3646 et
681 3583 849 3647 eiroumoidi
881 3603 942 3646 non
976 3585 1098 3660 audent,
1132 3583 1270 3648 desinant
1300 3603 1371 3667 ergo
1423 3615 1425 3620 ·

151 3745 250 3798 sooner.
268 3734 313 3788 καὶ
329 3731 392 3792 τοὺς
408 3737 503 3787 ταῦτα.
541 3739 620 3790 Ceteri
637 3747 661 3788 et
677 3739 735 3788 editi
785 3732 836 3798 τὴν
854 3731 977 3798 ἰδιότητα
994 3732 1039 3786 aul
1056 3731 1183 3796 dodanta.
1210 3739 1255 3790 dlii
1273 3747 1297 3788 et
1315 3739 1371 3790 editi

150 3804 197 3859 aral
214 3802 277 3862 τοὺς
294 3800 326 3856 τὰ
344 3803 465 3856 τοιαῦτα.
786 3801 836 3865 τὴν
854 3798 998 3865 ἇῖδιᾶτητα
1013 3799 1059 3853 καὶ
1075 3799 1203 3864 νεότητα.

186 3893 208 3940 p.
226 3877 266 3928 Sic
283 3877 339 3939 lieg.
355 3877 376 3924 t.
394 3875 494 3935 Segner.
513 3872 610 3924 Gobler.
628 3872 734 3939 lJelolrm.
821 3873 842 3922 t.
861 3873 916 3933 neg.
935 3873 959 3922 2.
977 3881 1001 3922 et
1018 3872 1170 3924 Felrlrrnannl
1186 3871 1209 3921 2.
1230 3887 1282 3922 cnm
1302 3875 1372 3925 editis

154 3947 177 3996 1.
202 3944 313 3994 Ardasil.
331 3943 421 4004 anglio.
440 3941 543 3990 Feletm.
562 3939 586 3988 d.
604 3947 628 3987 ot
645 3937 736 4000 item.
782 3931 931 3997 Ἰουδαϊκῆς
948 3931 976 3987 ἐν
994 3937 1049 3988 τοῦ.
1085 3939 1163 3990 ceteri
1187 3953 1244 3990 mss
1260 3931 1373 3991 Ἶοοδαῖ·

153 4009 228 4064 ἐστιν
250 4003 352 4070 Ἰησοῦς
378 4002 392 4056 ὅ
420 3999 478 4060 οἷὸς
499 3997 611 4070 Ἰωσήφ.
645 4005 688 4054 Atti
714 4014 737 4055 et
786 4005 834 4066 νῆς
852 4004 898 4064 τῆς
915 3999 943 4054 ἰν
960 4003 1017 4053 τοῦ.
1055 4006 1181 4070 lbid.lieg.
1204 4009 1223 4057 l.
1244 4011 1398 4073 etSegner.·

153 4083 209 4133 editi
232 4073 307 4128 ἔστιν
331 4070 345 4124 ὁ
368 4068 427 4128 οἰὸς
440 4065 561 4138 Ἰωσήφ·
590 4071 663 4122 Panlo
682 4079 737 4136 poet
787 4067 914 4132 τοιαύτης
929 4065 1082 4140 παρανοίας
1099 4075 1138 4125 nbi
1157 4075 1372 4129 Gebbetl'eletrn.

152 4151 209 4212 ileo.
229 4148 252 4198 1.
270 4155 293 4197 et
311 4147 382 4208 Sego.
405 4141 463 4196 noir
479 4139 529 4190 νῦν
545 4134 622 4204 λέγει.
658 4139 736 4190 ceteri
790 4142 811 4193 t.
830 4136 982 4206 παροινίας,
1003 4141 1042 4192 alii
1057 4151 1081 4192 et
1090 4143 1146 4194 editi
1163 4147 1344 4211 παρανομίας,

153 4225 177 4268 et
195 4215 251 4266 editi
267 4213 326 4266 πῶς
343 4199 392 4260 οὖν
408 4207 485 4275 λέγει.
822 4209 837 4258 l.
862 4211 902 4260 Sia
926 4210 981 4270 lleg.
1009 4210 1030 4260 l.
1056 4210 1200 4274 et‘Segner.
1237 4213 1265 4264 to
1289 4215 1373 4266 alliot

187 4285 211 4334 b.
228 4278 274 4331 aral
292 4273 372 4330 αι’ποί
386 4279 455 4330 abeat
472 4275 569 4328 allaail.
605 4277 664 4327 lbid.
680 4277 735 4336 llere.
788 4279 844 4329 editi
862 4271 986 4344 καθάπερ
1010 4272 1055 4328 καὶ
1077 4272 1235 4346 ἔμπροσθεν
1251 4274 1370 4348 εἴπομεν.

155 4355 177 4403 l.
195 4353 293 4414 Seguer.
312 4349 410 4402 Gobler.
429 4355 451 4397 et
469 4347 572 4396 Felclm.
585 4345 606 4394 l.
625 4337 736 4394 brexoo'-
821 4361 853 4396 m.
872 4347 1009 4397 Goblerian.
1028 4355 1051 4398 et
1070 4349 1173 4399 l'elekm.
1195 4350 1215 4400 l.
1235 4339 1368 4414 ἀσέβειαν,

154 4433 240 4470 avuta.
277 4419 320 4468 Alii
340 4427 363 4468 et
381 4417 436 4468 editi
454 4409 691 4466 ἐπακολουθοῦσιν.
787 4415 857 4464 male.
892 4415 951 4465 lbid.
975 4418 999 4468 in
1022 4417 1128 4480 margine
1147 4417 1251 4468 Felelm.
1270 4417 1293 4468 2.
1312 4419 1371 4467 baso

186 4491 203 4538 l.
227 4487 268 4540 ste
290 4485 387 4550 Regul.
411 4493 435 4535 et
457 4485 596 4545 Segnerian.
631 4481 658 4532 ln
682 4481 735 4532 aliis
786 4482 888 4532 babetur
912 4491 982 4534 nota:
1013 4477 1106 4533 σκόπει
1129 4483 1188 4538 πῶς
1213 4475 1299 4538 aldione
1322 4480 1371 4532 τοῦ

154 4564 232 4606 antem
257 4555 371 4605 caeditis
395 4554 461 4603 deest
484 4543 547 4620 γάρ.
582 4551 657 4600 Panlo
680 4557 736 4614 poet
787 4545 982 4600 Κωνοοαντίοο
998 4549 1135 4618 μέμνηται
1153 4545 1167 4598 t
1185 4547 1283 4618 πατήρ.
1319 4553 1372 4600 Vide

155 4625 211 4686 lies.
231 4623 253 4672 l.
277 4623 414 4686 Segoerion.
433 4621 530 4672 Gobter.
547 4626 571 4669 et
587 4618 692 4668 deletur.
712 4619 734 4668 l.
787 4633 855 4684 poam
872 4635 950 4670 treme
969 4621 1096 4671 Constantii
1112 4621 1213 4670 mentiost
1231 4621 1303 4672 Potor.
