3226 5280
240 403 281 469 84
641 418 667 462 ε.
682 415 839 462 mmm
853 415 1078 461 ιιιτιιιιιειεσονι

152 585 230 630 m.
240 561 343 652 άχιον,
367 561 491 630 ταύταν
514 563 651 631 ίκαοτον
673 557 760 630 εἶναι
772 565 826 630 καὶ
842 558 1000 649 ὑπάρχειν
1016 562 1229 643 πιστεύοντες
1243 568 1372 649 πατέρα
1388 561 1465 652 άλη·

240 668 315 745 θῶς
336 669 466 751 πατέρα
486 666 541 731 καί
564 663 635 731 υίὸν
658 659 796 752 άληθῶς
816 661 889 731 υίὸν
903 663 959 731 καὶ
973 668 1104 750 πνεῦμα
1115 661 1210 752 άχιον
1221 659 1359 751 άληθῶς
1371 659 1469 750 άχιον

240 769 386 852 πνεῦμα,
421 763 537 843 καθὼς
564 767 618 833 καλ
647 760 665 831 5
695 764 807 851 κύριος
833 760 926 851 ήμῶν
954 759 1170 833 ἀποστέλλων
1193 765 1241 844 είς
1260 763 1300 830 τὸ
1320 763 1469 851 κήρυγμα

240 867 318 947 τοὺς
345 867 463 935 ἑαυτοῦ
491 865 649 954 μαθητάς
676 860 767 934 ελπε·
795 872 1017 952 πορευθέντες
1036 865 1271 954 μαθητεύσατε
1292 863 1403 934 πάντα
1424 865 1468 932 τὰ

241 969 340 1056 ἔθνη,
369 965 586 1054 βαπτίζοντες
608 960 727 1045 αύτούς
749 966 796 1046 εἰς
816 965 856 1032 τὸ
878 964 983 1052 ὄνομα
1004 970 1063 1033 τοῦ
1086 966 1214 1055 πατρὸς
1234 969 1289 1035 καί
1311 970 1371 1033 τοῦ
1394 967 1468 1033 υίοῦ

240 1073 296 1138 καὶ
324 1072 384 1136 τοῦ
413 1063 508 1154 άχίου
535 1066 763 1151 πνεύματσς“).
808 1069 886 1153 περὶ
909 1057 955 1134 ὧν
977 1071 1031 1135 καὶ
1053 1068 1339 1156 διαβεβαιούμεθα
1361 1061 1468 1147 οὕτως

242 1170 326 1254 ἔχειν
347 1171 401 1237 καὶ
423 1165 530 1248 ούτιος
551 1179 687 1256 φρονεῖν
709 1170 763 1235 καί
785 1167 893 1235 πάλαι
913 1165 1018 1249 οῦτως
1040 1169 1208 1258 ἐσχηκέναι
1221 1171 1276 1237 καί
1290 1174 1386 1255 μέχρι
1399 1174 1469 1236 θα-

242 1271 343 1341 νάτου
376 1266 480 1357 ’ύπέρ
512 1267 632 1357 ταύτης
660 1268 860 1336 ἐνίστασθαι
885 1272 944 1357 τῆς
971 1275 1135 1351 πίστεως,
1168 1266 1468 1358 άναθεματέζοντες

241 1376 355 1442 πᾶσαν
383 1369 488 1440 άθεον
517 1371 654 1457 αἵρεσιν.
698 1373 803 1437 ταῦτα
830 1364 900 1438 άπὸ
927 1371 1064 1457 καρδίας
1090 1374 1144 1438 καί
1167 1375 1279 1459 ψυχῆς
1300 1369 1467 1438 ῖπάντοτε

240 1478 494 1562 πεφρονηκέναι,
518 1471 555 1552 έξ
575 1461 678 1558 υῦπερ
701 1472 797 1556 ἴσμεν
820 1470 964 1552 ἑαυτούς,
987 1472 1043 1540 καί
1064 1475 1120 1540 νῦν
1143 1483 1277 1561 φρονεῖν
1292 1498 1329 1540 τε
1342 1476 1397 1539 καί
1412 1473 1468 1539 λέ-

240 1598 310 1660 γειν
332 1573 369 1654 έξ
388 1569 560 1660 ἀληθείας,
583 1572 640 1640 ἐπὶ
663 1576 722 1639 τοῦ
743 1575 828 1640 θεοῦ
849 1576 909 1640 τοῦ
931 1573 1197 1662 παντοκράτορος
1211 1576 1265 1641 καί
1279 1576 1338 1641 τοῦ
1353 1579 1466 1659 κυρίου

241 1670 335 1762 ἡμῶν
353 1669 458 1762 Ἰησοῦ
480 1677 630 1759 Χριστοῦ
657 1673 913 1762 μαρτυρόμεθα,
946 1675 1110 1752 δεικνύναι
1138 1676 1266 1760 ἔχοντες
1287 1669 1353 1742 ’δι’
1377 1668 1467 1741 ἄπο·

242 1777 375 1856 δείξεων
403 1777 458 1843 καί
485 1780 621 1843 πείθειν
650 1769 750 1862 ύμάς,
780 1771 835 1843 ὅτι
860 1779 913 1844 καὶ
935 1775 1014 1856 τοὺς
1035 1775 1311 1865 παρεληλυθότας
1329 1774 1467 1862 χρόνους

242 1874 347 1958 ούτως
369 1875 585 1960 έπιστεύομέν
606 1878 719 1944 τεκαὶ
741 1875 968 1964 έκηρύσσομεν.

326 1986 356 2046 4.
404 1975 532 2064 Ταύτης
554 1971 608 2065 ὑφ’
632 1972 725 2065 ήμῶν
746 1977 936 2066 έκτεθεέσης
957 1983 1015 2065 τῆς
1036 1985 1192 2058 πίπους,
1214 1973 1342 2046 ὀὐδενί
1357 1979 1470 2064 παρῆν

242 2073 430 2165 άντιλοχίας
456 2076 577 2160 τόπος,
609 2071 679 2144 ἀλλ’
703 2073 803 2158 αύτός
828 2105 865 2147 τε
893 2083 1026 2164 πρῶτος
1048 2073 1066 2144 5
1088 2080 1354 2167 θεοφιλέστατος
1374 2073 1467 2164 ἡμῶν

240 2175 396 2265 βασιλεύς
419 2174 590 2267 ὀρθότατα
610 2184 775 2265 περιέχειν
797 2174 897 2265 αῦτήν
919 2177 1148 2266 ἐμαρτύρησεν,
1172 2176 1259 2246 ούτω
1274 2205 1311 2247 τε
1322 2181 1376 2246 καλ
1391 2178 1468 2246 έαυ·

157 2363 161 2373 Χ
240 2280 299 2347 τὸν
328 2289 464 2369 φρονεῖν
491 2280 775 2368 ’συνωμολόχηοε,
803 2283 857 2346 καὶ
889 2277 990 2364 ταύτῃ
1013 2277 1090 2357 τοὺς
1111 2277 1241 2359 πάντας
1262 2284 1471 2367 συχκαταθέ·

243 2386 345 2461 σθαι,
367 2377 575 2470 ὑπογράφειν
596 2407 634 2450 τε
654 2393 727 2460 τοῖς
748 2381 891 2467 δύχμασι
911 2380 965 2445 καί
988 2390 1178 2467 συμφωνεῖν
1199 2379 1331 2460 τούτοις
1352 2375 1469 2459 αύτσῖς

241 2480 487 2568 παρεκελεύετο,
512 2480 585 2561 ένὸς
605 2480 708 2567 μάνου
723 2485 1027 2568 προςεχχραφέντος
1042 2478 1187 2568 ῥήματος
1200 2484 1260 2548 τοῦ
1273 2477 1466 2566 ύμοουσέου,

243 2580 261 2651 5
289 2585 343 2650 καί
372 2577 453 2650 αὐτὸ
476 2579 672 2672 ’ἡρμήνευσε
694 2584 810 2669 λέγων,
841 2578 894 2648 ὅτι
920 2581 966 2670 μή
988 2580 1071 2648 κατὰ
1092 2585 1158 2650 τῶν
1181 2582 1344 2667 σωμάτιον
1366 2581 1468 2670 πάθη

241 2685 390 2771 *λέγοιτο
413 2679 601 2769 ὁμοούσιον,
626 2679 691 2751 αὕτ’
717 2673 776 2752 οῦν
797 2681 881 2753 κατὰ
902 2685 1064 2770 διαίρεσιν
1087 2680 1164 2751 σύτε
1184 2684 1268 2752 κατά
1288 2709 1365 2752 τινα
1379 2678 1469 2750 ἀπο-

240 2784 345 2874 τομήν
372 2785 408 2852 έν
435 2787 495 2852 τοῦ
522 2784 651 2872 πατρὸς
677 2780 878 2873 ὑποστῆναι’
907 2786 991 2874 μηδὲ
1013 2783 1073 2871 γὰρ
1096 2783 1265 2853 δύνασθαι
1285 2784 1344 2871 τήν
1365 2783 1467 2852 άϋλον

240 2889 294 2953 καὶ
317 2884 433 2973 νοερὰν
454 2883 510 2953 καὶ
532 2880 710 2972 άσιύματον
732 2886 833 2976 φύσιν
856 2885 1043 2972 σωματικόν
1058 2911 1092 2953 τι
1112 2885 1230 2967 πάθος
1243 2883 1468 2974 ύφίστασθαι,

241 2993 353 3066 θείοις
375 2988 411 3054 δέ
432 2990 487 3055 καὶ
509 2981 714 3076 άποῤῥήτοις
734 2986 845 3074 λύγοις
867 2988 1062 3076 1’προςήιιειν
1076 2987 1119 3054 τὰ
1133 2993 1271 3055 τοιαῦτα
1287 2998 1383 3055 νοεῖν.
1412 2991 1467 3053 καῖ

243 3084 262 3154 5
289 3089 349 3173 μέν
377 3087 575 3175 σοφώτατος
595 3085 688 3175 ἡμῶν
709 3092 764 3158 καὶ
787 3086 1020 3176 εὐσεβέστατος
1040 3089 1196 3175 βασιλεὺς
1216 3089 1330 3157 τοίαδε
1352 3087 1469 3177 ἐφιλο-

243 3186 359 3272 σόφει,
390 3188 423 3254 σί
456 3191 492 3256 δέ
521 3189 695 3278 προφάσει
715 3195 773 3278 τῆς
794 3195 853 3258 τοῦ
876 3187 1055 3275 ύμοουσίσυ
1077 3190 1270 3277 πρσςθήκης
1291 3189 1387 3278 τήνδε
1408 3188 1468 3276 τὴν

241 3283 371 3372 γραφήν
395 3285 630 3372 πεποιήκασιν.

443 3471 471 3519 Η
488 3471 541 3520 ΕΝ
559 3473 621 3522 ΤΗΙ
638 3471 804 3524 mnam
823 3473 1125 3525 ΥΠΑΓΟΡΕΥΘΕΙΣΑ
1144 3479 1276 3532 mim.

369 3583 577 3669 Πιστεύομεν
606 3585 653 3664 είς
679 3587 737 3655 ένα
757 3587 855 3668 θεάν,
879 3595 1008 3677 πατέρα
1030 3591 1298 3681 παντοκράτσρα,
1331 3594 1470 3663 πάντων

306 3681 434 3772 ὁρατῶν
458 3711 495 3754 τε
527 3685 583 3754 καὶ
614 3679 766 3772 δοράτων
799 3689 956 3778 ποιητήν,
988 3693 1041 3757 καί
1065 3691 1113 3772 είς
1135 3693 1193 3761 ένο
1213 3693 1325 3781 κύριον
1344 3692 1467 3784 Ἰησοῦν

304 3786 462 3872 Χριστόν,
485 3786 543 3855 τὸν
565 3786 636 3856 υἱὸν
657 3791 716 3856 τοῦ
738 3792 832 3870 θεοῦ,
855 3795 1055 3879 γεννηθέντα
1077 3791 1112 3860 ἐκ
1132 3795 1192 3861 τοῦ
1214 3795 1343 3883 πατρὸς
1363 3820 1467 3883 μονο-

303 3889 389 3977 χινή,
411 3895 581 3958 τουτέστιν
603 3889 638 3958 ἐκ
658 3892 717 3978 τῆς
738 3886 853 3972 ούσίας
874 3895 932 3959 τοῦ
955 3893 1092 3981 πατρός,
1114 3893 1197 3964 θεὸν
1220 3896 1254 3966 ἓν
1275 3901 1369 3978 θεοῦ,
1393 3899 1469 3986 φιῦς

311 4078 336 4136 1)
354 4078 435 4130 unuh.
454 4077 495 4138 28,
516 4079 554 4128 19.

276 4227 297 4260 ε.
316 4213 430 4262 Socrnes
449 4203 520 4261 οῦτοι
539 4204 652 4277 σχήσειν
668 4207 752 4264 κοιλία
760 4204 830 4280 αύτῇ
915 4232 935 4266 α
954 4217 1074 4268 ῖΙιιοδοτ.
1094 4225 1118 4266 ει
1135 4216 1215 4268 Gelu.
1233 4208 1341 4284 ἔχοντες
1356 4213 1403 4268 καὶ
1422 4210 1465 4268 δι’

208 4285 215 4297 ’
241 4269 405 4327 ἐνίστασθαι
430 4277 464 4346 τῇ
487 4273 585 4329 πίστει,
626 4280 746 4331 Τίιεοδοτ.
771 4282 829 4332 ibid.
881 4274 1052 4338 άποδείξευν.
1082 4282 1142 4333 lbid.
1161 4279 1208 4330 καί
1224 4293 1279 4334 ante
1296 4281 1404 4335 πείθειν
1421 4287 1467 4336 εῖν-

241 4345 313 4396 οιῖιει
332 4341 525 4396 συνίστασθαι.
881 4358 917 4400 est
934 4365 947 4400 ι
966 4350 1075 4410 Socrate,
1093 4351 1132 4413 qui
1152 4363 1207 4400 mox
1224 4365 1269 4416 pro
1281 4345 1467 4420 παρεληλυθέ-

219 4470 222 4474 ,
273 4413 297 4464 b.
316 4415 437 4464 ῖῖιεοδοτ.
457 4414 543 4463 omittit
559 4404 692 4471 πάντοτε,
716 4427 762 4479 pro
797 4431 828 4466 οο
880 4429 928 4468 ται
946 4417 1017 4466 habet
1032 4408 1229 4484 παρελθόντας.
1267 4419 1333 4470 ῖδιοι
1351 4427 1467 4484 postm-

240 4479 355 4531 διετέλει
373 4472 555 4536 habandan,
569 4482 680 4533 ὓιΙιιῖοι
691 4497 747 4534 τετε
758 4497 828 4532 παν-
879 4475 1017 4550 ρύσσομεν
1034 4485 1100 4534 ιδδιι
1118 4475 1132 4530 5
1156 4479 1228 4538 οίως.

239 4559 311 4603 τινε,
340 4549 381 4612 qui
408 4557 533 4612 ριιειειιι
568 4562 614 4613 pro
647 4541 727 4618 ἴσμεν
756 4552 828 4602 hebet
913 4551 936 4600 δ.
954 4551 1075 4601 ῖΙιεοδοι.
1094 4540 1126 4598 ού
1144 4546 1189 4604 είς.

238 4606 372 4682 ἔγνωμεν.
493 4653 500 4660 .
908 4632 928 4668 ε.
948 4617 1069 4670 Theodec.
1082 4611 1313 4686 συνομολογήσει,
1349 4620 1466 4672 Socrates
