3226 5308
562 409 670 454 enarro
686 407 729 453 ιιι.
747 409 863 454 conrna
879 409 1012 454 cernuos.
1325 397 1386 460 587

231 573 355 626 neutum
380 561 540 635 obiiciunt,
569 567 602 621 ut
624 569 654 622 et
675 559 851 640 simplicium
874 559 981 622 animis
1005 560 1159 622 ollundant
1181 564 1334 640 tenebras,
1358 576 1387 630 et
1396 583 1472 627 eece.

258 683 309 727 sos
338 683 410 726 suae
433 663 567 726 haeresis
591 663 687 742 capiat
709 661 830 724 oblivio.
873 661 967 723 Nobis
992 661 1070 724 enim
1094 663 1178 725 velim
1201 667 1386 745 patefaciant,

282 766 386 826 rudem
409 763 457 826 illa
479 763 639 824 voluntatis
663 769 693 823 et
714 761 826 823 arbitrii
851 763 983 824 eruerint
1004 763 1161 836 vocabola,
1191 766 1237 828 vel
1259 785 1388 846 quonam

259 870 388 946 ripturae
411 866 476 927 loco
499 883 533 926 ea
556 863 775 953 expromserint
796 864 956 943 impietatis
979 864 1161 939 inventores,
1185 886 1310 946 quorum
1327 872 1394 952 uti-¹

207 1000 217 1029 ι
245 969 334 1030 verba
364 977 502 1047 suspecta
531 984 592 1026 non
621 965 732 1044 absque
764 983 850 1026 eausa
880 965 1034 1026 babemus.
1079 965 1157 1028 Sane
1179 967 1267 1030 Pater
1297 971 1384 1034 nobis

166 1070 287 1131 terbum
318 1087 405 1131 suum
434 1087 450 1130 e
479 1067 560 1128 caelo
587 1067 759 1128 huiusmodi
787 1067 910 1128 vocibus
940 1065 1098 1128 revelavit:
1132 1067 1190 1130 Hic
1219 1081 1265 1134 eet
1289 1071 1384 1135 Filius

158 1191 243 1233 meus
266 1171 404 1233 dilectus.
449 1170 499 1231 Sic
520 1169 590 1230 item
613 1167 828 1248 per-Davidem
851 1168 998 1247 loquitur:
1029 1167 1189 1234 Eructavit
1213 1189 1385 1236 cormeum

161 1271 290 1335 Verbum
311 1273 429 1334 bouum.
473 1270 576 1331 loanni
606 1287 724 1348 quoque
753 1267 851 1330 dicere
879 1269 1045 1348 praecepit:
1076 1269 1114 1331 ln
1140 1275 1294 1352 principio
1317 1287 1386 1338 erut

162 1373 299 1436 Verbum.
344 1372 386 1432 lta
415 1370 502 1432 etiam
532 1369 632 1450 psallit
652 1369 761 1432 David:
790 1371 879 1450 Apud
901 1380 928 1431 te
951 1380 997 1432 est
1018 1371 1091 1449 sous
1113 1376 1208 1448 vitoe,
1232 1384 1260 1438 ct
1282 1379 1314 1436 in
1336 1375 1386 1439 lu-

159 1477 238 1538 mine
260 1485 312 1536 tuo
334 1473 498 1535 videbimus
522 1472 632 1533 lumen.
676 1471 809 1552 [lenique
830 1469 992 1550 Apostolus
1022 1469 1142 1532 scribit:
1174 1471 1324 1546 Quicum
1346 1479 1385 1538 sit
1467 1473 1473 1487 '

160 1575 307 1657 splendor
327 1574 461 1655 pieriae,
485 1579 515 1632 et
536 1588 658 1634 rursus:
681 1576 735 1654 qui
755 1589 822 1633 utne
843 1572 1001 1650 r'u‘sorrno
1023 1572 1081 1634 liei
1100 1583 1193 1646 esset,
1218 1582 1247 1635 et
1269 1579 1322 1656 qui
1341 1587 1386 1640 eet
1463 1648 1466 1656 ,

160 1681 255 1757 inope
278 1675 336 1738 Dei
356 1673 528 1737 inuisibilis.

245 1779 296 1841 60.
340 1775 454 1854 Ubique
483 1791 588 1835 omnes
617 1772 686 1852 quid
715 1771 755 1833 sit
776 1771 904 1832 Verbum
932 1771 1055 1846 docent,
1084 1791 1231 1853 nemoque
1260 1793 1386 1855 prorsus

159 1877 257 1958 ipsum
289 1875 335 1937 vel
368 1893 404 1936 eu
432 1874 581 1938 voluntate
611 1891 677 1935 esse
704 1873 750 1933 rel
779 1872 902 1933 omuino
931 1873 1039 1934 lactum
1063 1891 1132 1935 esse
1154 1873 1203 1936 ait.
1247 1877 1292 1938 llli
1313 1896 1385 1939 vero

157 1977 279 2040 ubinam
301 1993 414 2055 quaeso
437 1983 613 2054 repererunt
635 1973 822 2050 voluntatem,
837 1981 867 2034 et
888 1973 1042 2034 arbitrium
1067 1973 1163 2036 Verbo
1187 1975 1240 2037 bei
1264 1985 1384 2039 antece-

159 2081 247 2153 dere,
275 2078 333 2140 nisi
354 2079 433 2140 forte
454 2075 556 2138 missis
580 2074 745 2154 Scripturis
769 2073 915 2136 Valentini
937 2074 1118 2154 impietatem
1141 2076 1268 2156 amplexi
1290 2079 1385 2140 simu-

157 2179 268 2242 latione
295 2176 438 2240 uteutur?
480 2177 554 2239 Narn
575 2177 763 2238 Ptolemaeus
786 2175 932 2236 Valentini
960 2173 1124 2255 discipulus
1153 2178 1270 2252 docuit,
1300 2181 1384 2242 Non·

157 2285 235 2344 lacto
258 2281 317 2342 duo
341 2299 408 2342 esse
429 2279 528 2359 paria,
560 2278 769 2357 cogitationem
791 2275 903 2338 scilicet
925 2284 955 2337 et
976 2276 1172 2352 voluntatem,
1198 2281 1386 2360 primumque

157 2385 315 2463 cogitasse,
338 2381 446 2444 deiude
468 2381 609 2454 voluisse,
631 2397 688 2441 nec
709 2397 784 2459 quae
806 2377 979 2457 cogitaverit
999 2377 1137 2457 potuisse
1159 2381 1304 2458 prolerre,
1327 2381 1385 2440 nisi

158 2503 223 2547 oum
246 2483 405 2547 voluntatis
426 2482 520 2544 virtus
543 2481 732 2544 accessisset.
777 2479 854 2541 Hine
876 2488 956 2540 certe
979 2497 1064 2540 suam
1081 2479 1247 2541 doctrinam
1262 2481 1386 2542 mutuati

158 2583 256 2644 briant
289 2585 471 2645 voluntatem
500 2591 529 2644 et
556 2583 710 2645 arbitrium
732 2581 829 2643 Verbo
858 2580 964 2642 volunt
986 2579 1169 2641 antecedere.
1216 2580 1322 2643 Verum
1345 2581 1385 2643 illi

160 2681 279 2760 quidem
293 2681 440 2742 Valentini
462 2689 653 2761 propuguent
674 2701 805 2756 errores,
827 2699 884 2743 nos
906 2690 1015 2754 autem,
1039 2677 1088 2759 qui
1111 2679 1207 2741 diviua
1224 2679 1385 2744 evolvimus

124 2835 131 2862 ,
160 2782 292 2852 oracula,
322 2780 482 2843 dictionem
510 2791 578 2844 eret
605 2783 642 2844 de
663 2783 738 2845 Filio
767 2783 909 2862 scriptam
938 2781 1122 2854 invenimus,
1151 2781 1470 2862 audirimusquefflnne,

159 2883 257 2945 solum
287 2899 354 2943 eunr
382 2881 413 2942 iu
435 2881 522 2943 Patre
550 2899 618 2944 esee
640 2891 670 2944 et
691 2883 788 2944 Patris
810 2883 968 2961 imaginent
991 2899 1071 2944 esse.
1116 2879 1278 2944 Didieimus
1300 2901 1383 2956 cero,

158 2981 233 3046 solis
265 2981 356 3044 rebus
388 2980 473 3043 lactis
503 2982 684 3044 voluntatem
718 2991 748 3044 et
773 2983 929 3044 arbitrium
959 2982 1152 3055 antecedere,
1185 2983 1294 3062 quippe
1317 3001 1383 3044 cunr

158 3081 226 3144 illae
248 3089 352 3144 natura
375 3081 531 3161 aliquando
554 3099 614 3142 non
637 3087 749 3144 esseut.
791 3082 871 3142 llaec
892 3101 948 3143 uos
964 3083 1050 3145 docet
1065 3083 1156 3146 barid
1171 3083 1290 3144 Psalmo
1306 3100 1378 3144 een-

158 3182 266 3245 tesimo
289 3182 405 3244 decimo
429 3182 527 3256 tertio,
551 3179 601 3242 ubi
623 3182 664 3243 ita
685 3179 781 3243 cauit:
803 3181 887 3242 Deus
908 3193 1008 3244 autern
1029 3197 1135 3250 notter
1155 3188 1189 3247 in
1213 3185 1293 3276 coelo
1310 3188 1385 3249 etin

155 3400 247 3451 ibidem
266 3415 352 3452 rursus
371 3401 463 3466 liepl.
482 3399 619 3450 elebabet:
637 3391 748 3449 ἔννοιαν
798 3405 822 3449 et
846 3397 903 3448 editi
921 3389 967 3447 Ιντ
1021 3393 1138 3455 tirones.
1174 3403 1264 3454 lbideur
1284 3403 1341 3464 Res.
1362 3403 1384 3455 l.

154 3463 202 3518 eet
219 3465 331 3528 θέλησιν
346 3461 413 3524 νόει,
433 3459 482 3518 obre
499 3459 626 3528 ridebuntur.
798 3464 857 3518 reis
871 3461 959 3520 belota
1026 3468 1086 3521 tore.
1121 3469 1171 3520 ttae
1196 3479 1253 3535 9002
1271 3461 1385 3530 ἦχούσα.

191 3551 211 3586 e.
230 3537 470 3598 leentuseguer.
488 3529 657 3603 προβάλλειν.
696 3537 745 3588 Ge·
794 3547 848 3602 μεν
866 3535 970 3586 l'elelm.
989 3535 1012 3586 2
1038 3546 1061 3586 et
1085 3537 1157 3588 editio
1177 3539 1293 3588 Commel.
1312 3540 1384 3588 omit·

155 3603 217 3652 bler.
237 3603 340 3653 Felelm.
354 3607 375 3653 l.
394 3611 417 3653 et
434 3603 525 3668 duplic.
543 3597 699 3669 προβαλεῖν,
719 3612 745 3653 ut
796 3611 849 3652 tunt
867 3593 943 3659 ὄντα,
964 3603 1028 3669 quod
1048 3605 1070 3652 in
1090 3605 1144 3654 eliis
1164 3619 1221 3655 mss.
1241 3605 1335 3666 legitur.

156 3680 181 3719 et
198 3673 350 3722 emendatum
369 3681 405 3721 est
423 3671 447 3720 iu
466 3672 539 3722 besil.
575 3673 615 3720 Sic
632 3673 743 3722 itembe·
829 3685 851 3732 g.
870 3672 910 3721 Sic
929 3672 1017 3734 lirul.
1037 3675 1170 3734 etSeeuer.
1205 3672 1384 3723 Ateliietediti

156 3738 197 3787 bet
213 3737 361 3802 Epiphanius
386 3739 479 3788 haeresi
499 3737 541 3789 33.
568 3739 683 3788 lrcneeus
701 3740 743 3788 lib.
794 3735 845 3786 τοῦ
860 3727 1173 3802 μὲνΔαρὶδψάλλοντοε
1189 3732 1220 3786 ἐν
1237 3737 1285 3816 rol.
1323 3739 1384 3789 lbid.

154 3805 174 3854 l.
200 3811 281 3854 eontra
306 3805 420 3853 haereses
444 3820 495 3868 cap.
514 3805 537 3856 b.
557 3799 621 3867 [121
644 3805 743 3854 verbum
794 3803 879 3864 llam
906 3807 978 3854 basil.
998 3812 1021 3853 et
1039 3803 1145 3854 Feleltrn.
1163 3805 1186 3853 b.
1206 3799 1309 3870 δεκατῳ
1328 3799 1384 3870 τρί-

154 3873 256 3922 ereittere
274 3871 313 3919 bie
330 3879 438 3932 usurpet.
474 3869 618 3920 peretot.
636 3871 744 3920 eteditlo
797 3881 843 3934 ιφ.
879 3871 936 3930 Reg.
961 3872 983 3919 l.
1010 3877 1034 3918 et
1057 3871 1197 3932 Seguerien.
1216 3867 1270 3949 ply.
1306 3874 1384 3922 Editio

156 3937 274 3988 Commel.
292 3931 469 4000 παραμενεῖν.
490 3944 516 3985 ut
533 3944 557 3986 et
575 3937 653 3999 prime
671 3951 743 3985 manu
796 3937 915 3986 Commel.
926 3937 1036 3985 etl’erie.
1055 3931 1273 4002 τριααιδεκατῳ.
1305 3941 1383 3990 Editio

154 4005 281 4067 legebatur
300 4003 322 4052 iu
333 4003 406 4052 Beeil.
424 4003 512 4062 begins
521 4001 544 4052 2.
563 4009 587 4051 et
605 4001 745 4052 esterno.
796 4009 876 4051 eutem
896 4001 1048 4052 coloniensis
1067 4003 1133 4052 nulle
1153 4013 1178 4053 ut
1195 4006 1258 4056 eolat
1276 4009 1383 4058 auctori-

153 4069 335 4138 παραγαγεῖν.
373 4068 425 4118 llox
443 4069 499 4128 neg.
514 4067 744 4130 l.Seguer..tn3lie
796 4075 844 4116 tete
864 4068 935 4117 babet
951 4061 1189 4136 πεντεκαιδεκάτῳ.
1227 4071 1318 4123 ibidem
1338 4089 1383 4138 pro

154 4139 253 4191 Gobler.
265 4145 289 4186 et
303 4135 409 4186 Felcbm.
422 4135 444 4184 l.
462 4127 577 4200 adrepe
593 4125 743 4196 ἐπεγένετο,
794 4123 948 4194 ψάλλοντος
971 4135 1068 4185 Gubler.
1088 4145 1111 4186 et
1129 4137 1233 4189 Felelrm.
1254 4143 1275 4190 1.
1295 4141 1384 4190 babent

154 4215 181 4256 ot
205 4213 228 4254 et
246 4202 319 4253 babet
337 4203 493 4266 Epiphanius.
531 4203 594 4252 lteec
611 4208 668 4250 eunt
685 4201 743 4251 item
794 4196 922 4264 λέγοντος
938 4202 1058 4268 iidemque
1076 4195 1162 4258 οὕτως
1178 4209 1298 4257 omittunt.
1326 4209 1382 4269 neg.

153 4271 246 4322 lreueei
261 4273 347 4320 rerba:
365 4285 416 4321 eum
432 4275 509 4320 oulen
525 4269 650 4319 voluntatis
667 4271 741 4319 virtue
794 4270 816 4319 l.
835 4277 859 4318 et
876 4269 977 4332 Seguer.
994 4271 1083 4320 ibidem
1103 4264 1118 4320 b
1136 4265 1165 4322 db
1182 4269 1255 4328 θεός.
1283 4275 1308 4324 lu
1327 4276 1382 4324 eliie

154 4340 254 4389 aduenit.
297 4337 359 4388 Editi
384 4337 472 4402 aliique
496 4326 640 4402 adrepet
660 4329 740 4386 luero.
793 4343 816 4388 et
834 4335 904 4386 editis
923 4329 954 4386 δέ
971 4337 1047 4388 deest.

153 4405 245 4456 lbidem
257 4407 313 4466 ltee.
326 4405 347 4454 l.
366 4412 390 4454 et
398 4406 498 4466 sepner.
516 4396 599 4452 ἔνθεν
616 4415 630 4449 o
657 4393 741 4470 ’Λρει-
826 4403 851 4454 b.
869 4405 909 4454 Sic
928 4413 1028 4472 uterque
1047 4407 1102 4470 lleg.
1121 4407 1222 4472 Sepuer.
1241 4406 1339 4459 Gobler.
1358 4415 1382 4456 et

154 4467 224 4520 evol.
262 4471 360 4524 Gobler.
385 4479 409 4521 et
432 4469 537 4520 Felelm.
560 4461 741 4521 suasmet
792 4470 945 4522 Felcbmanul
967 4473 988 4524 l.
1023 4475 1052 4523 lt
1076 4475 1117 4524 elii
1142 4483 1165 4525 et
1189 4476 1245 4524 editt
1270 4474 1383 4523 omittunt

154 4529 189 4586 ol.
224 4537 303 4590 Ceteri
321 4546 345 4590 et
362 4537 419 4588 editi
439 4529 505 4588 ὅθεν
520 4529 566 4586 nul
584 4529 619 4585 ei.
791 4531 890 4588 πάντα.
927 4539 978 4590 tter
1002 4537 1086 4590 netto
1109 4543 1179 4593 ebert
1203 4555 1216 4590 e
1240 4541 1339 4594 Gobter.
1357 4547 1382 4588 et

188 4603 205 4653 l.
228 4603 284 4666 lien.
303 4605 328 4654 l.
346 4613 369 4656 et
387 4595 668 4670 Senuer.brru10'rree.
694 4605 741 4655 ttit
793 4605 898 4656 Felelm.
918 4605 942 4656 l.
