3226 5308
575 391 684 436 omaro
699 393 738 436 u.
754 393 1019 440 eorruomtaos.
1215 441 1221 456 ,
1328 389 1388 454 stt·
1484 397 1490 404 ’

163 547 219 609 sed
246 545 386 618 baeondo
415 541 520 605 eodem
549 539 698 614 dieantur,
732 541 811 606 idem
832 543 923 623 igitur
946 544 993 608 sui
1015 563 1102 608 eausa
1125 555 1156 608 et
1177 550 1301 614 elleotos
1324 555 1389 630 erit,
1400 575 1476 621 uuo.

165 647 247 711 idem
280 645 359 725 qnod
390 645 520 725 gignitur
552 651 582 705 et
613 643 722 722 gignit3
753 644 834 723 quod
863 644 982 724 quidem
1011 646 1175 710 absurdum
1205 669 1241 712 ex
1270 652 1391 716 Sabellii

162 767 269 810 errore
290 763 414 828 manare
435 755 589 808 ostensum
612 751 668 805 est
716 744 852 815 Quodsi
875 763 910 806 ex
933 746 999 825 ipso
1021 748 1139 826 quidem
1162 761 1210 812 est
1223 771 1279 815 neo
1292 761 1392 816 tamen

160 851 243 914 aliod
265 849 302 910 ab
324 868 372 922 eo,
395 848 530 928 sequitur
551 854 584 908 nt
603 846 682 908 idem
705 845 746 906 sit
767 853 797 907 et
818 845 944 925 gignens
965 856 996 908 et
1017 865 1079 910 non
1097 851 1231 929 gignens,
1253 855 1390 934 gignens,

163 951 234 1032 quia
256 969 291 1012 ex
313 969 347 1012 se
368 949 439 1012 illud
460 948 583 1028 profert,
606 965 668 1008 non
690 945 827 1025 gignens,
851 947 919 1026 quia
941 947 1020 1010 aliud
1042 949 1130 1012 abeo
1146 963 1279 1015 nonest.
1302 956 1390 1028 Quod

164 1061 351 1132 postremum
374 1051 400 1111 si
421 1049 602 1122 admittatur,
625 1047 772 1126 colligitur
794 1037 922 1110 eundern
945 1049 1125 1127 cogitatione
1146 1059 1258 1116 tanturn
1273 1055 1390 1120 Patrem

164 1151 323 1214 etlilium
354 1151 421 1213 dici.
466 1150 525 1212 Sed
554 1149 580 1210 si
610 1149 640 1210 id
666 1148 828 1211 absurdum
858 1156 920 1220 est,
949 1149 1038 1229 igitur
1060 1151 1119 1213 duo
1143 1163 1231 1216 erunt
1251 1156 1340 1218 Potor
1361 1166 1392 1219 et

166 1253 269 1314 Filius.
313 1252 408 1314 Unum
437 1253 507 1314 item
534 1249 625 1314 iidem
653 1257 757 1325 erunt,
786 1249 854 1329 quia
876 1249 967 1314 Filius
989 1269 1050 1314 non
1072 1253 1258 1317 extrinsecus
1280 1257 1333 1318 sed
1355 1275 1391 1318 ex

166 1351 230 1414 lieo
258 1353 375 1432 genitus
404 1361 458 1434 est.
504 1351 536 1414 Si
566 1352 633 1431 quis
665 1360 763 1413 eutem
786 1350 913 1414 Verbum
941 1353 1033 1414 letoni
1054 1353 1118 1415 sive
1139 1355 1270 1434 genitum
1292 1356 1392 1420 diuers

165 1454 354 1528 reformidat,
381 1455 539 1533 ipsumque
567 1471 632 1515 curu
654 1452 716 1514 Deo
740 1452 869 1514 existere
888 1459 973 1532 putet
994 1457 1200 1516 tantummodo
1222 1457 1390 1532 dioendum,

164 1564 265 1617 eareat
297 1555 346 1617 ille
378 1573 418 1616 ne
450 1553 571 1614 nomine
594 1553 764 1632 Scripturas
795 1553 904 1615 usitato
933 1552 975 1613 nti
1003 1555 1154 1632 refugiens
1177 1555 1208 1617 in
1232 1557 1391 1620 absurdam

59 1719 65 1726 ,
164 1655 277 1718 ineidat
299 1655 488 1734 opinionem,
512 1672 568 1732 qua
589 1653 683 1714 lleurn
705 1653 831 1732 duplicis
853 1661 978 1714 naturae
999 1653 1129 1716 inducat.
1174 1657 1207 1718 Si
1228 1659 1307 1720 enim
1329 1678 1391 1722 non

162 1757 310 1829 oonoedit,
333 1753 462 1818 Verbum
485 1773 521 1816 er
543 1755 655 1815 unitate
677 1771 756 1823 esse,
772 1754 825 1814 sed
848 1761 960 1836 mutum
981 1771 1047 1814 oum
1069 1754 1156 1817 Patre
1178 1753 1273 1821 iuiss'e
1295 1779 1389 1839 oopu-

162 1858 271 1930 latum,
305 1857 379 1917 duas
412 1865 491 1916 eerte
519 1852 647 1916 admittit
668 1853 830 1927 essentias,
862 1871 985 1932 quarum
1008 1864 1115 1916 nentm
1137 1855 1258 1920 alterius
1280 1877 1390 1938 parens
1482 1863 1487 1870 '

167 1965 226 2020 est.
268 1957 350 2018 ldem
381 1956 468 2030 etiam
498 1956 535 2018 do
564 1953 673 2017 virtute
703 1955 766 2016 sire
793 1955 927 2033 potentia
956 1954 1114 2018 dicendum
1137 1967 1194 2020 est.
1237 1958 1271 2019 ld
1293 1968 1390 2022 antem

165 2057 280 2122 laoilius
301 2057 414 2137 poterit
434 2057 572 2136 intelligi,
601 2056 627 2118 si
649 2051 680 2116 iu
702 2056 789 2116 Patre
811 2064 972 2135 spectetur.
1016 2055 1099 2119 Unus
1123 2059 1201 2120 enim
1224 2069 1271 2122 est
1290 2060 1389 2136 Pater,

162 2177 224 2220 non
247 2159 323 2233 duo,
353 2158 407 2220 sed
429 2177 465 2219 ex
487 2175 547 2220 uno
570 2164 617 2218 est
637 2156 739 2218 Filius.
786 2156 824 2217 Ut
845 2174 916 2235 ergo
938 2175 1000 2218 non
1021 2165 1092 2220 sunt
1113 2158 1172 2221 duo
1194 2169 1313 2240 patres,
1336 2161 1390 2224 ssd

162 2279 257 2333 unus,
291 2259 330 2322 ita
358 2259 500 2320 nondun
523 2258 668 2338 principia
690 2247 774 2331 sont,
809 2257 863 2317 sed
891 2275 999 2331 nuum,
1028 2266 1114 2320 etex
1136 2278 1197 2321 uno
1219 2261 1389 2323 essentialis

162 2361 264 2424 existit
284 2361 386 2422 Filius.
430 2361 545 2440 liursus
568 2377 638 2421 vero
660 2357 786 2420 brianus
807 2357 1035 2437 interrogemus.
1079 2358 1152 2420 Narn
1175 2361 1254 2438 quod
1276 2361 1313 2422 ad
1330 2361 1476 2422 Sa-r.oao.

163 2461 244 2524 bettti
267 2470 430 2524 sectatores
453 2461 566 2533 attinet,
589 2459 630 2521 illi
653 2477 687 2520 er
703 2459 769 2520 Filii
791 2457 896 2522 notitia
917 2457 1071 2521 refellendi
1094 2468 1174 2533 sunt,
1196 2458 1296 2536 Ariani
1317 2477 1389 2522 roro

163 2580 199 2622 ex
220 2563 316 2624 Patris
338 2563 472 2624 notione.

122 2647 130 2658 ⁸
250 2646 280 2724 42
324 2663 375 2724 Sie
401 2663 491 2741 igitur
518 2661 726 2724 disserendum
749 2669 811 2722 est:
835 2661 888 2724 Vol
908 2661 1062 2725 neeesse
1082 2661 1219 2740 sepiens,
1247 2680 1304 2722 nee
1324 2662 1391 2724 siue

168 2761 264 2822 Verbo
292 2762 355 2822 sire
377 2763 518 2837 Ratione,
544 2763 591 2824 vel
612 2771 714 2830 oonua
738 2763 803 2823 sine
825 2762 969 2842 sapientia
992 2769 1039 2822 est
1061 2770 1091 2822 et
1112 2762 1208 2823 Verbo
1231 2780 1284 2824 seu
1305 2762 1391 2823 Rati-

167 2859 249 2923 onei
293 2863 325 2922 Si
355 2862 516 2923 seeundum
545 2864 723 2936 admittitur,
756 2863 785 2924 id
814 2881 869 2942 per
890 2881 924 2924 se
946 2861 1108 2924 absurdum
1132 2881 1202 2924 esse
1223 2862 1329 2942 liquet,
1362 2863 1390 2924 si

164 2965 292 3043 primurn
315 2963 497 3037 conceditur,
519 2981 623 3024 rursus
646 2963 856 3026 sciscitandum
879 2971 934 3034 est,
958 2947 1086 3040 quonam
1109 2963 1198 3024 modo
1215 2963 1255 3024 sit
1270 2964 1390 3042 sapiens

167 3082 223 3126 neo
242 3063 309 3125 sine
331 3062 429 3124 Verbo
452 3083 504 3126 seu
527 3063 668 3136 llatione,
691 3065 914 3123 extrinsecusne
936 3061 1111 3141 sapientiam
1134 3071 1164 3124 et
1185 3063 1328 3136 Verbum,
1352 3081 1391 3125 an

166 3183 238 3226 roro
261 3183 297 3228 er
319 3164 420 3244 seipso
443 3164 559 3226 babeat.
603 3164 635 3224 Si
659 3163 844 3224 extrinsecus
867 3161 971 3235 hebet,
1001 3162 1108 3242 aliquis
1131 3164 1221 3241 igitur
1240 3166 1325 3243 prius
1347 3160 1389 3226 illi

164 3265 254 3340 dedit,
277 3266 402 3345 ipseque
424 3275 579 3343 antequam
601 3264 757 3342 acciperet,
780 3262 845 3322 sine
868 3262 1011 3342 sapientia
1030 3271 1060 3323 et
1074 3263 1170 3325 Verbo
1185 3263 1247 3326 sive
1262 3255 1389 3328 Ratione

164 3376 237 3428 erat.
275 3365 370 3450 ¹Quod
399 3365 427 3426 si
456 3384 492 3426 ex
519 3365 622 3444 seipso
644 3363 734 3424 babet
755 3361 893 3437 Verbum,
911 3362 1007 3441 palam
1031 3363 1203 3442 igiturest,
1233 3365 1331 3446 ipsum
1353 3385 1390 3428 ex

165 3465 258 3528 nibilo
288 3484 349 3528 non
378 3485 463 3541 esse,
494 3484 590 3545 neque
617 3465 711 3526 inisse
740 3463 897 3542 aliquabdo
926 3481 992 3540 euna
1014 3481 1077 3526 non
1099 3475 1191 3528 esset
1236 3467 1388 3547 Siquidem

166 3585 285 3648 semper
305 3567 369 3642 tuit,
393 3569 500 3648 quippe
522 3585 588 3629 eum
610 3565 670 3639 ille,
693 3564 777 3630 mins
798 3565 896 3644 imago
919 3573 976 3639 est,
1000 3583 1120 3645 semper
1141 3567 1258 3628 existat.
1301 3569 1389 3630 Atei

162 3655 388 3749 responderint,
416 3669 510 3732 bourn
540 3667 703 3748 sapientem
726 3667 844 3746 quidem
868 3685 937 3729 esse
958 3663 1014 3728 noe
1035 3668 1220 3744 sineVerbo
1243 3671 1306 3731 sive
1327 3671 1388 3732 lia-

163 3771 256 3844 tioue,
280 3771 333 3832 sod
355 3772 507 3850 propriam
530 3770 561 3830 iu
583 3771 684 3848 seipso
707 3769 817 3830 babere
831 3767 1006 3846 sapiendam
1020 3769 1388 3848 propriumqueVerbum,

164 3887 224 3931 non
248 3877 346 3930 autem
363 3869 522 3943 Christum,
546 3869 652 3930 sedin
675 3886 733 3946 quo
757 3869 856 3946 ipsum
871 3869 959 3928 etiam
975 3868 1126 3929 Christum
1142 3869 1262 3944 lecerit,
1284 3870 1388 3931 dieen-

164 3971 245 4042 dum,
269 3971 348 4049 quod
371 3970 398 4030 si
413 3969 548 4030 Christus
569 3970 601 4028 in
623 3967 674 4028 illo
690 3966 787 4028 Verbo
809 3968 902 4028 laetus
925 3967 974 4040 sit,
998 3964 1062 4026 sine
1085 3967 1174 4030 dttbio
1197 3971 1296 4032 omnia
1310 3989 1388 4050 quo·

167 4091 224 4152 que
246 4071 278 4131 in
301 4069 406 4131 eodem
428 4071 501 4130 laeta
524 4077 603 4143 suut,
627 4069 783 4146 ipsumque
804 4065 876 4127 illud
898 4073 946 4127 est
966 4065 1105 4141 Verbum,
1128 4068 1164 4130 de
1186 4089 1246 4150 quo
1261 4072 1389 4133 loannes

161 4171 249 4233 dicit:
275 4172 382 4232 Omoio
400 4175 580 4250 peripsum
601 4171 688 4249 [oeta
708 4178 790 4240 suat,
812 4176 843 4230 et
861 4167 1032 4230 Psalmista:
1058 4169 1166 4232 Omnia
1186 4175 1220 4233 iu
1240 4174 1392 4252 sapientis

165 4253 277 4354 [ddisti.
323 4271 402 4344 Quin
424 4280 454 4334 et
474 4271 540 4350 ipse
564 4271 697 4332 Christus
719 4270 859 4332 mentitus
882 4288 952 4332 esse
976 4270 1150 4352 reperietur,
1174 4291 1239 4334 cum
1256 4273 1309 4333 ait:
1326 4272 1388 4350 Epo

162 4377 196 4435 iu
216 4373 325 4446 Patre,
355 4371 591 4454 quandoquidem
621 4372 695 4434 elius
718 4373 816 4434 estin
838 4373 934 4436 Patre.
977 4372 1096 4436 Falsum
1119 4375 1189 4436 item
1211 4393 1247 4442 ex
1268 4357 1398 4433 illorum'

162 4463 311 4536 'sententia
340 4474 411 4549 erit,
440 4473 520 4556 quod
549 4473 671 4570 dieitur:
703 4473 832 4538 Verbum
861 4491 932 4538 coro
959 4476 1079 4554 sartum
1107 4485 1162 4538 est.
1206 4474 1338 4554 Namque
1360 4473 1389 4534 si

1129 4670 1183 4723 ³9*
