3250 5292
556 392 666 438 enarro
682 393 725 458 τοι.
742 393 859 437 conrm
872 393 1009 438 caunos.
1322 375 1385 459 495
1483 375 1488 380 ’
1598 394 1604 404 ’

156 545 315 620 sententia,
337 545 506 629 complures
528 545 665 625 prolecto
688 543 761 606 deos
777 552 959 624 agnoscunt3
981 543 1133 606 bucsnim
1148 543 1267 605 devenit
1282 557 1477 606 commuue.

160 647 312 728 impietas,
339 646 391 726 qui
412 646 449 708 ab
471 663 531 708 uno
553 646 616 709 Deo
639 645 818 707 desciscunt.
863 645 923 706 Gur
945 664 1016 724 ergo
1037 645 1136 708 ddani
1159 645 1198 706 itn
1221 645 1385 708 sentientes

160 749 278 827 seipsos
301 765 367 809 cum
386 746 553 828 Gentilibus
575 765 637 808 non
659 755 865 819 annumerant,
888 763 955 808 oum
978 746 1034 825 ipsi
1056 745 1181 826 perinde
1202 763 1236 808 ac
1251 745 1384 806 Gentiles

156 849 202 911 rei
225 857 340 911 creatae
360 850 461 929 potius
483 848 622 921 servient,
646 865 732 927 quam
748 848 811 911 Deo
828 847 960 909 omnium
976 845 1124 910 creatori?
1148 845 1254 909 Verum
1271 855 1303 909 ut
1317 864 1385 909 orc-
1462 895 1468 912 .

158 951 245 1013 dulos
268 940 298 1012 et
315 950 465 1031 simplices
485 949 606 1030 possint
620 949 840 1020 cirmmvenire,
864 966 973 1010 nomen
988 947 1106 1028 quidem
1122 946 1247 1009 Gentilis
1262 949 1388 1027 lugiunt,

158 1053 212 1114 sed
235 1059 333 1114 tamen
356 1051 483 1113 similem
507 1049 620 1112 occulte
643 1057 763 1112 tuentur
783 1049 968 1112 sententiam.
1001 1047 1154 1128 Siquidem
1176 1057 1294 1111 acutum
1317 1049 1387 1112 illud

156 1154 277 1226 dictum,
300 1153 380 1234 quod
403 1171 548 1232 usurpare
570 1151 681 1214 solent:
711 1152 778 1212 Non
799 1153 973 1214 confitemur
995 1152 1054 1214 duo
1078 1153 1244 1224 non-iacta,
1268 1149 1388 1220 nonnisi

158 1256 195 1318 ad
218 1255 396 1334 simplicium
418 1253 533 1316 animos
557 1252 587 1314 in
602 1270 734 1314 errorem
759 1252 942 1314 inducendos
965 1253 1179 1332 excogitavere.
1223 1252 1386 1314 Nemeum

158 1355 275 1418 dicunt:
309 1339 375 1416 No'n
397 1355 573 1418 confitemur
596 1354 656 1415 duo
678 1354 851 1427 non-iacta,
881 1354 958 1416 duos
981 1354 1080 1434 utique
1101 1353 1280 1416 confitentur
1302 1353 1386 1428 dces,

158 1457 209 1538 qui
239 1457 372 1520 divorsas
404 1454 533 1518 babeant
564 1464 703 1528 naturas,
738 1455 787 1517 hic
819 1457 950 1526 laetam,
974 1453 1022 1516 ille
1055 1456 1251 1517 non-laetam.
1298 1455 1388 1529 Quod

158 1561 185 1620 si
208 1558 339 1620 Gentiles
370 1559 420 1620 uni
448 1559 605 1619 non-lacto
629 1566 659 1618 et
686 1556 786 1618 multis
816 1556 900 1618 lectis
930 1549 1077 1630 serviunt,
1109 1555 1151 1618 illi
1179 1564 1278 1618 autem
1306 1574 1385 1618 non-

156 1662 234 1722 laoto
258 1670 287 1722 et
308 1659 359 1720 uni
381 1659 479 1732 lacto,
501 1676 563 1719 non
586 1677 638 1719 eos
660 1657 770 1719 idcirco
794 1676 810 1718 a
832 1656 999 1720 Gentilibus
1021 1657 1201 1720 credendum
1225 1667 1270 1721 est
1292 1657 1385 1721 dissi·
1434 1729 1436 1732 ¹

157 1762 238 1823 dere.
282 1761 442 1820 Enimvero
475 1759 539 1832 hic,
573 1775 661 1838 quem
696 1759 802 1820 lectum
829 1758 949 1832 dicunt,
984 1777 1061 1821 unus
1083 1768 1131 1820 est
1153 1777 1187 1820 ex
1209 1759 1328 1832 multis,
1357 1768 1387 1822 et

158 1861 253 1934 multi,
278 1880 354 1940 quos
374 1859 505 1922 Gentiles
529 1867 719 1934 venerantur,
742 1859 864 1921 eandem
887 1879 922 1922 ac
943 1861 999 1922 iste
1021 1877 1100 1921 unus
1115 1859 1226 1923 habent
1240 1867 1385 1934 naturam,
1395 1875 1471 1920 esso.

158 1981 224 2025 cum
249 1963 357 2024 eliste
380 1969 411 2022 et
432 1960 472 2022 illi
495 1960 632 2022 similiter
655 1960 716 2022 sint
737 1962 838 2022 creati.
882 1962 982 2023 lliseri
1006 1981 1077 2023 sanc
1100 1961 1152 2034 illi,
1175 1981 1271 2043 eoque
1293 1965 1387 2044 magis

157 2064 235 2143 quod
260 2072 318 2124 tam
341 2081 480 2142 perverse
507 2061 545 2123 de
568 2061 686 2123 Gbristo
715 2062 871 2124 sentiendo
902 2083 961 2124 non
989 2063 1053 2126 leve
1081 2063 1142 2125 sibi·
1166 2063 1224 2144 ipsi
1247 2066 1386 2128 damnum

156 2165 320 2236 intulerint,
344 2171 445 2243 utpote
467 2164 518 2242 qui
533 2183 550 2224 a
565 2162 687 2225 veritate
710 2163 899 2238 desciverint,
923 2175 953 2225 et
968 2165 1116 2228 Christum
1133 2176 1275 2246 negantes
1290 2169 1386 2248 ipsam

155 2267 332 2328 ludaeorum
356 2264 555 2345 proditionem
579 2283 632 2327 sua
655 2267 826 2344 superarint
848 2266 1008 2346 impietate,
1030 2267 1070 2328 ita
1093 2275 1126 2328 ut
1142 2267 1202 2330 lleo
1224 2268 1310 2332 invisi
1328 2270 1384 2332 iam

157 2387 222 2430 eum
256 2367 421 2430 Gentilibus
455 2368 642 2439 volutentur,
676 2368 719 2428 rei
753 2377 868 2430 creatae
900 2350 1016 2448 diisipue
1049 2369 1177 2430 dirersis
1212 2370 1386 2433 servientes.

156 2470 238 2532 Unus
261 2469 339 2531 enlm
364 2477 410 2532 est
432 2469 528 2542 Deus,
564 2485 625 2529 non
647 2468 753 2541 multi,
786 2487 877 2530 unum
900 2469 970 2530 item
994 2469 1058 2532 eius
1081 2479 1127 2532 est
1149 2470 1293 2544 Verbum,
1327 2489 1388 2533 non

82 2591 85 2596 ¹
157 2573 264 2644 multa,
286 2591 353 2632 nam
370 2571 450 2632 Deus
473 2579 519 2632 est
534 2569 673 2643 Verbum,
697 2570 776 2650 quod
799 2579 829 2632 et
851 2570 947 2632 solum
969 2580 1122 2650 paternam
1145 2571 1274 2650 speciem
1291 2571 1387 2633 babet.

159 2669 236 2730 llinc
256 2689 322 2730 cum
346 2671 412 2731 talis
435 2679 517 2732 esset
547 2671 698 2745 Salvator,
732 2672 857 2734 ludaeos
887 2673 934 2734 bis
963 2672 1061 2734 verbis
1095 2671 1287 2748 coarguebat:
1321 2673 1392 2746 'Qut'

160 2773 242 2830 mr'eit
263 2788 307 2830 me
331 2769 438 2840 Peter,
460 2769 512 2832 ille
534 2778 737 2836 testimouium
762 2775 917 2856 perbibuit
940 2775 975 2836 de
995 2791 1058 2846 me;
1086 2789 1182 2853 oeque
1203 2791 1302 2835 eorem
1325 2777 1388 2835 eiua

159 2888 292 2950 ecquem
324 2871 467 2941 credistis,
501 2889 594 2951 neque
624 2871 754 2953 speciem
770 2880 835 2936 eius
864 2876 998 2944 vidistis,
1031 2885 1059 2937 et
1095 2871 1220 2936 Verbum
1242 2877 1306 2936 eius
1327 2893 1389 2936 reon

160 2971 274 3033 laudetis
298 2975 330 3032 iar
352 2971 437 3032 uobis
459 2989 593 3043 monens,
618 2977 687 3054 perio
710 2993 794 3054 poem
815 2978 898 3035 misit
921 2973 982 3043 ille,
1008 2973 1076 3034 duic
1098 2991 1152 3036 eos
1174 2975 1387 3037 concreditis.

158 3071 239 3134 Bene
262 3071 310 3134 ille
334 3070 460 3132 Verbum
492 3089 558 3133 com
592 3075 692 3153 specie
725 3075 896 3146 coniunxit,
930 3083 964 3134 ut
993 3074 1165 3137 ostenderet
1187 3075 1238 3136 llei
1261 3075 1388 3137 llerbum

159 3173 333 3252 imaginem,
367 3174 489 3252 liguram
524 3183 555 3234 et
582 3175 711 3253 speciem
742 3175 788 3236 sui
811 3175 906 3236 Patris
935 3193 1018 3248 esse,
1054 3176 1238 3256 ludaeosque
1259 3176 1388 3238 Verbum

158 3275 273 3353 ipsum,
304 3275 383 3353 quod
407 3274 459 3336 Dei
484 3274 600 3354 speeies
624 3285 685 3348 est,
716 3295 777 3337 non
799 3276 966 3355 recepisse,
989 3295 1055 3338 cum
1080 3295 1163 3352 rum,
1186 3278 1236 3356 qui
1259 3277 1317 3338 illis
1340 3275 1387 3338 lo-

158 3375 318 3454 quebatur,
354 3376 488 3462 recipere
522 3377 689 3438 noluerunt.
734 3377 818 3439 llunc
850 3378 948 3457 ipsum
977 3395 1042 3437 cum
1071 3377 1196 3439 vidisset
1218 3378 1304 3439 lacob
1326 3377 1386 3438 Pa·
1426 3360 1432 3372 ⁸

157 3475 300 3550 triarchas,
335 3477 511 3538 benedictus
545 3487 607 3551 est,
642 3485 672 3538 et
699 3496 755 3558 pro
785 3477 873 3540 laoob
904 3477 997 3540 lsrael
1019 3477 1062 3539 ub
1085 3497 1121 3540 eo
1145 3487 1192 3540 est
1212 3479 1387 3560 appellatus,

158 3577 404 3654 quemadmodum
428 3577 525 3638 divina
549 3579 701 3658 Scriptura
724 3578 770 3640 lris
792 3578 891 3641 verbis
922 3589 1082 3641 memoret:
1115 3579 1172 3643 Sol
1199 3591 1299 3644 eutem
1328 3583 1390 3659 ipsi

159 3719 212 3844 {ge
228 3721 318 3846 pidpui
331 3721 397 3806 ‘orep’
410 3721 509 3778 αὐτῶν.
522 3729 627 3850 ΙΙοὶοίοιτςο
639 3733 709 3846 eidem
722 3741 748 3846 it
798 3717 836 3785 ele
850 3725 1005 3849 Ιγὰρῢθὴῖός
1027 3724 1232 3846 ilpr'ekiiderlnqnp
1246 3730 1345 3846 5ilrideran
1365 3739 1389 3846 ἲι

96 3841 99 3848 ,
156 3813 219 3911 toti.
252 3810 557 3912 ,Βοοῆψοόινοόοόόόιόόόῗῇ
572 3811 747 3917 einittriirtntolm
799 3806 1038 3928 όῃξόόοουυλόῖός.
1057 3811 1389 3916 edirlnr'irro'etecelitalissirmln‘:

158 3931 202 3979 alii
222 3941 243 3978 et
263 3933 320 3980 editi
346 3923 489 3994 λεγόμενος
506 3915 545 3982 ele·
565 3925 694 3993 γενητὸς,
720 3925 749 3978 ὲκ
799 3918 836 3984 sic
851 3928 906 3995 ’γάρ
924 3925 984 3978 loro
1006 3925 1051 3977 καὶ
1070 3922 1102 3977 ori
1119 3925 1229 3985 πολλοὶ,
1255 3927 1300 3980 καὶ
1324 3926 1388 3992 θοός

157 3993 272 4046 πολλῶν.
312 3999 370 4046 ltem
396 3999 453 4044 itio,
478 3997 575 4046 Gerlrler.
602 3999 705 4046 t'elclnr.
726 3999 747 4046 l.
799 3991 875 4045 lom
898 3991 912 4044 ό
939 3991 1020 4060 λόγος
1042 3991 1128 4062 μόνος
1149 3991 1204 4064 γὰρ
1230 3982 1388 4066 ebroe-iper.

159 4075 182 4114 et
201 4067 256 4126 lleg.
276 4064 297 4113 2,
317 4057 362 4111 καὶ
381 4055 408 4110 οἱ
424 4057 516 4110 πολλοὶ
533 4057 623 4112 πόλιν.
799 4065 825 4114 ΑΙ
846 4066 901 4125 lleg.
923 4066 944 4114 l.
963 4068 1063 4124 Segrrer.
1083 4065 1180 4115 Golrlrr.
1199 4075 1223 4116 et
1241 4069 1345 4117 Felclm.
1367 4069 1389 4118 l.

192 4133 208 4179 l.
236 4133 420 4209 Uterque'tteg.
445 4133 584 4208 seguerian.
610 4131 708 4208 Goblgr.
726 4139 749 4182 et
800 4126 866 4210 Sede
890 4124 945 4210 γάρ
971 4124 1046 4180 ἔστιν
1072 4123 1086 4178 ό
1109 4125 1205 4198 λόγος,
1233 4129 1278 4183 καὶ
1302 4127 1390 4200 μόνος

159 4198 265 4248 ielelm.
287 4199 307 4247 l.
327 4211 412 4250 οοτος.
438 4197 465 4246 dt
478 4200 517 4246 vlu
536 4205 559 4246 et
577 4200 633 4248 edrtr
653 4211 746 4251 ουτως.
801 4213 884 4252 ουτος
900 4211 962 4264 εχει.

158 4265 209 4314 llos
235 4268 290 4322 lleg.
315 4268 334 4315 l.
359 4269 458 4326 Segrrer.
483 4264 579 4316 Goblrr.
599 4275 623 4315 et
642 4267 745 4316 i'elrlrm.
832 4268 855 4316 b.
875 4259 959 4315 αὐτοῦ
977 4268 1045 4316 deest
1063 4269 1086 4317 in
1106 4269 1194 4331 Regi.
1214 4278 1237 4318 et
1255 4271 1353 4332 Segncr.

160 4329 301 4382 Latrim.
338 4334 382 4382 alii
407 4333 512 4398 aditique
530 4329 617 4382 πλέον.
655 4334 745 4383 ibidem
833 4338 847 4384 i.
877 4337 932 4396 lleg.
954 4336 974 4384 l.
994 4343 1017 4385 et
1035 4337 1135 4398 Seguer.
1154 4338 1268 4387 omittunt
1291 4329 1337 4384 aei
1354 4324 1388 4384 al·

157 4401 213 4462 lleg.
236 4403 256 4450 l.
276 4411 297 4450 el
317 4402 416 4462 Segrrer.
434 4393 631 4469 φρονήσαντες.
668 4403 746 4453 Ceteri
798 4395 845 4455 δός
869 4395 928 4450 iore
955 4405 1074 4467 iidemque
1105 4413 1129 4452 et
1157 4405 1213 4462 lleg.
1240 4403 1262 4452 2.
1289 4405 1386 4454 Gobler.

157 4477 181 4516 et
200 4469 256 4516 eristi
275 4467 449 4532 φρονοῦντες.
799 4471 904 4520 Felelm.
928 4464 1259 4537 incircumcisionem.
1285 4471 1346 4520 Editi
1365 4477 1390 4520 et

193 4551 215 4594 g.
235 4537 290 4594 lleg.
306 4537 326 4585 l.
346 4545 368 4586 et
386 4541 485 4595 Srgoer.
504 4532 640 4603 aetiopiam.
667 4537 747 4586 etrier
798 4538 838 4588 elii
858 4531 1028 4602 reinceptis
1047 4530 1139 4585 αὐτοῦ.

158 4601 216 4664 editi
238 4598 376 4668 stirpare
413 4605 463 4653 llos
488 4605 544 4666 lleg.
566 4607 587 4654 l.
606 4613 629 4654 et
646 4606 745 4666 Segner.
832 4606 855 4655 l.
883 4606 939 4666 lleg.
965 4613 1065 4668 uterque
1089 4613 1112 4654 et
1135 4604 1275 4666 Segoerien.
1300 4593 1388 4665 όςπερ.
