<?xml version="1.0" encoding="UTF-8"?>
<!DOCTYPE html PUBLIC "-//W3C//DTD XHTML 1.0 Transitional//EN"
    "http://www.w3.org/TR/xhtml1/DTD/xhtml1-transitional.dtd">
<html xmlns="http://www.w3.org/1999/xhtml" xml:lang="en" lang="en">
 <head>
  <title>
</title>
<meta http-equiv="Content-Type" content="text/html;charset=utf-8" />
  <meta name='ocr-system' content='tesseract 3.04.00' />
  <meta name='ocr-capabilities' content='ocr_page ocr_carea ocr_par ocr_line ocrx_word'/>
</head>
<body>
  <div class='ocr_page' id='page_1' title='image "./sanctiathanasii00athagoog_0248.png"; bbox 0 0 3212 5272; ppageno 0'>
   <div class='ocr_carea' id='block_1_1' title="bbox 548 325 1368 388">
    <p class='ocr_par' dir='ltr' id='par_1_1' title="bbox 548 325 1368 388">
     <span class='ocr_line' id='line_1_1' title="bbox 548 325 1368 388; baseline 0.013 -13"><span class='ocrx_word' id='word_1_1' title='bbox 548 329 655 376; x_wconf 76' lang='lat' dir='ltr'><strong>orario</strong></span> <span class='ocrx_word' id='word_1_2' title='bbox 672 333 691 376; x_wconf 87' lang='lat'><strong>1.</strong></span> <span class='ocrx_word' id='word_1_3' title='bbox 709 334 824 378; x_wconf 77' lang='lat' dir='ltr'><strong>aeunni</strong></span> <span class='ocrx_word' id='word_1_4' title='bbox 838 335 973 379; x_wconf 73' lang='lat' dir='ltr'><strong>marnoa.</strong></span> <span class='ocrx_word' id='word_1_5' title='bbox 1307 325 1368 388; x_wconf 81' lang='lat'><strong>201</strong></span> 
     </span>
    </p>
   </div>
   <div class='ocr_carea' id='block_1_2' title="bbox 14 482 1563 4272">
    <p class='ocr_par' dir='ltr' id='par_1_2' title="bbox 135 482 1456 1880">
     <span class='ocr_line' id='line_1_2' title="bbox 135 482 1456 568; baseline -0.002 -15"><span class='ocrx_word' id='word_1_6' title='bbox 135 505 305 552; x_wconf 75' lang='lat' dir='ltr'><strong>numerere.</strong></span> <span class='ocrx_word' id='word_1_7' title='bbox 349 483 464 562; x_wconf 82' lang='lat' dir='ltr'><strong>Nempe</strong></span> <span class='ocrx_word' id='word_1_8' title='bbox 484 482 512 542; x_wconf 88' lang='lat' dir='ltr'><strong>si</strong></span> <span class='ocrx_word' id='word_1_9' title='bbox 531 489 670 561; x_wconf 81' lang='lat' dir='ltr'><strong>parentes</strong></span> <span class='ocrx_word' id='word_1_10' title='bbox 691 483 729 545; x_wconf 91' lang='lat' dir='ltr'><strong>de</strong></span> <span class='ocrx_word' id='word_1_11' title='bbox 745 483 820 546; x_wconf 87' lang='lat' dir='ltr'><strong>Filio</strong></span> <span class='ocrx_word' id='word_1_12' title='bbox 842 483 933 546; x_wconf 83' lang='lat' dir='ltr'><strong>velint</strong></span> <span class='ocrx_word' id='word_1_13' title='bbox 953 501 1078 565; x_wconf 88' lang='lat' dir='ltr'><strong>prorsus</strong></span> <span class='ocrx_word' id='word_1_14' title='bbox 1101 485 1297 568; x_wconf 80' lang='lat' dir='ltr'><strong>interrogare,</strong></span> <span class='ocrx_word' id='word_1_15' title='bbox 1319 489 1456 550; x_wconf 67' lang='lat' dir='ltr'><strong>immiso.</strong></span> 
     </span>
     <span class='ocr_line' id='line_1_3' title="bbox 137 583 1369 668; baseline 0.003 -20"><span class='ocrx_word' id='word_1_16' title='bbox 137 591 269 668; x_wconf 77' lang='lat' dir='ltr'><strong>redigant</strong></span> <span class='ocrx_word' id='word_1_17' title='bbox 291 584 366 666; x_wconf 84' lang='lat' dir='ltr'><strong>ipsi,</strong></span> <span class='ocrx_word' id='word_1_18' title='bbox 395 583 475 645; x_wconf 85' lang='lat' dir='ltr'><strong>unde</strong></span> <span class='ocrx_word' id='word_1_19' title='bbox 502 583 541 644; x_wconf 89' lang='lat' dir='ltr'><strong>sit</strong></span> <span class='ocrx_word' id='word_1_20' title='bbox 563 583 657 660; x_wconf 86' lang='lat' dir='ltr'><strong>lilius,</strong></span> <span class='ocrx_word' id='word_1_21' title='bbox 686 585 735 664; x_wconf 90' lang='lat' dir='ltr'><strong>qul</strong></span> <span class='ocrx_word' id='word_1_22' title='bbox 765 583 904 664; x_wconf 77' lang='lat' dir='ltr'><strong>gignitur.</strong></span> <span class='ocrx_word' id='word_1_23' title='bbox 947 585 1014 648; x_wconf 82' lang='lat' dir='ltr'><strong>Etsi</strong></span> <span class='ocrx_word' id='word_1_24' title='bbox 1037 587 1115 648; x_wconf 91' lang='lat' dir='ltr'><strong>enim</strong></span> <span class='ocrx_word' id='word_1_25' title='bbox 1138 589 1255 666; x_wconf 88' lang='lat' dir='ltr'><strong>genitor</strong></span> <span class='ocrx_word' id='word_1_26' title='bbox 1276 589 1369 652; x_wconf 85' lang='lat' dir='ltr'><strong>lilium</strong></span> 
     </span>
     <span class='ocr_line' id='line_1_4' title="bbox 137 685 1456 766; baseline 0 -14"><span class='ocrx_word' id='word_1_27' title='bbox 137 709 196 752; x_wconf 91' lang='lat' dir='ltr'><strong>non</strong></span> <span class='ocrx_word' id='word_1_28' title='bbox 217 687 321 762; x_wconf 87' lang='lat' dir='ltr'><strong>babet,</strong></span> <span class='ocrx_word' id='word_1_29' title='bbox 344 693 503 764; x_wconf 89' lang='lat' dir='ltr'><strong>antequam</strong></span> <span class='ocrx_word' id='word_1_30' title='bbox 518 703 585 746; x_wconf 89' lang='lat' dir='ltr'><strong>eum</strong></span> <span class='ocrx_word' id='word_1_31' title='bbox 605 685 750 764; x_wconf 75' lang='lat' dir='ltr'>genuerit,</span> <span class='ocrx_word' id='word_1_32' title='bbox 772 694 870 748; x_wconf 88' lang='lat' dir='ltr'><strong>tamen</strong></span> <span class='ocrx_word' id='word_1_33' title='bbox 884 695 1041 766; x_wconf 79' lang='lat' dir='ltr'><strong>postquam</strong></span> <span class='ocrx_word' id='word_1_34' title='bbox 1058 706 1126 750; x_wconf 91' lang='lat' dir='ltr'><strong>eum</strong></span> <span class='ocrx_word' id='word_1_35' title='bbox 1141 689 1285 766; x_wconf 85' lang='lat' dir='ltr'><strong>babuerit,</strong></span> <span class='ocrx_word' id='word_1_36' title='bbox 1307 707 1456 754; x_wconf 75' lang='lat' dir='ltr'><strong>nonnisi.</strong></span> 
     </span>
     <span class='ocr_line' id='line_1_5' title="bbox 136 785 1369 870; baseline 0 -16"><span class='ocrx_word' id='word_1_37' title='bbox 136 792 216 854; x_wconf 90' lang='lat' dir='ltr'><strong>illum</strong></span> <span class='ocrx_word' id='word_1_38' title='bbox 240 797 324 850; x_wconf 89' lang='lat' dir='ltr'><strong>certe</strong></span> <span class='ocrx_word' id='word_1_39' title='bbox 345 785 532 848; x_wconf 83' lang='lat' dir='ltr'><strong>extrinsecos</strong></span> <span class='ocrx_word' id='word_1_40' title='bbox 555 804 611 848; x_wconf 88' lang='lat' dir='ltr'><strong>neo</strong></span> <span class='ocrx_word' id='word_1_41' title='bbox 631 787 776 860; x_wconf 90' lang='lat' dir='ltr'><strong>alienum,</strong></span> <span class='ocrx_word' id='word_1_42' title='bbox 806 787 858 848; x_wconf 88' lang='lat' dir='ltr'><strong>sed</strong></span> <span class='ocrx_word' id='word_1_43' title='bbox 882 807 918 850; x_wconf 83' lang='lat' dir='ltr'><strong>ex</strong></span> <span class='ocrx_word' id='word_1_44' title='bbox 940 789 1042 867; x_wconf 88' lang='lat' dir='ltr'><strong>seipso</strong></span> <span class='ocrx_word' id='word_1_45' title='bbox 1063 790 1275 870; x_wconf 90' lang='lat' dir='ltr'><strong>propriumque</strong></span> <span class='ocrx_word' id='word_1_46' title='bbox 1297 811 1369 854; x_wconf 85' lang='lat' dir='ltr'><strong>suae</strong></span> 
     </span>
     <span class='ocr_line' id='line_1_6' title="bbox 136 886 1372 970; baseline -0.001 -15"><span class='ocrx_word' id='word_1_47' title='bbox 136 903 260 955; x_wconf 79' lang='lat' dir='ltr'><strong>naturae</strong></span> <span class='ocrx_word' id='word_1_48' title='bbox 281 897 370 968; x_wconf 87' lang='lat' dir='ltr'><strong>atque</strong></span> <span class='ocrx_word' id='word_1_49' title='bbox 393 888 439 950; x_wconf 87' lang='lat' dir='ltr'><strong>sui</strong></span> <span class='ocrx_word' id='word_1_50' title='bbox 462 886 642 950; x_wconf 81' lang='lat' dir='ltr'><strong>simillimam</strong></span> <span class='ocrx_word' id='word_1_51' title='bbox 662 887 819 967; x_wconf 76' lang='lat' dir='ltr'><strong>imaginem</strong></span> <span class='ocrx_word' id='word_1_52' title='bbox 843 887 959 966; x_wconf 85' lang='lat' dir='ltr'><strong>babuit,</strong></span> <span class='ocrx_word' id='word_1_53' title='bbox 993 889 1034 952; x_wconf 88' lang='lat' dir='ltr'><strong>ita</strong></span> <span class='ocrx_word' id='word_1_54' title='bbox 1064 899 1097 951; x_wconf 93' lang='lat' dir='ltr'><strong>ut</strong></span> <span class='ocrx_word' id='word_1_55' title='bbox 1123 889 1173 952; x_wconf 90' lang='lat' dir='ltr'><strong>ille</strong></span> <span class='ocrx_word' id='word_1_56' title='bbox 1200 891 1319 970; x_wconf 87' lang='lat' dir='ltr'><strong>inipso</strong></span> <span class='ocrx_word' id='word_1_57' title='bbox 1342 901 1372 954; x_wconf 93' lang='lat' dir='ltr'><strong>et</strong></span> 
     </span>
     <span class='ocr_line' id='line_1_7' title="bbox 138 987 1371 1074; baseline -0.002 -18"><span class='ocrx_word' id='word_1_58' title='bbox 138 992 254 1074; x_wconf 86' lang='lat' dir='ltr'><strong>ipsein</strong></span> <span class='ocrx_word' id='word_1_59' title='bbox 278 991 330 1052; x_wconf 91' lang='lat' dir='ltr'><strong>illo</strong></span> <span class='ocrx_word' id='word_1_60' title='bbox 352 987 497 1052; x_wconf 83' lang='lat' dir='ltr'><strong>videatur.</strong></span> <span class='ocrx_word' id='word_1_61' title='bbox 542 989 573 1050; x_wconf 89' lang='lat' dir='ltr'><strong>Si</strong></span> <span class='ocrx_word' id='word_1_62' title='bbox 596 989 686 1068; x_wconf 86' lang='lat' dir='ltr'><strong>igitur</strong></span> <span class='ocrx_word' id='word_1_63' title='bbox 706 990 845 1052; x_wconf 88' lang='lat' dir='ltr'><strong>humanis</strong></span> <span class='ocrx_word' id='word_1_64' title='bbox 867 989 1011 1070; x_wconf 83' lang='lat' dir='ltr'><strong>exemplis</strong></span> <span class='ocrx_word' id='word_1_65' title='bbox 1038 999 1157 1070; x_wconf 85' lang='lat' dir='ltr'><strong>tempus</strong></span> <span class='ocrx_word' id='word_1_66' title='bbox 1189 990 1371 1070; x_wconf 77' lang='lat' dir='ltr'><strong>gignentium</strong></span> 
     </span>
     <span class='ocr_line' id='line_1_8' title="bbox 140 1090 1373 1174; baseline 0 -18"><span class='ocrx_word' id='word_1_67' title='bbox 140 1094 294 1166; x_wconf 84' lang='lat' dir='ltr'><strong>definiunt,</strong></span> <span class='ocrx_word' id='word_1_68' title='bbox 319 1106 372 1152; x_wconf 89' lang='lat' dir='ltr'><strong>our</strong></span> <span class='ocrx_word' id='word_1_69' title='bbox 394 1109 456 1152; x_wconf 90' lang='lat' dir='ltr'><strong>nou</strong></span> <span class='ocrx_word' id='word_1_70' title='bbox 477 1109 510 1152; x_wconf 79' lang='lat' dir='ltr'><strong>ei</strong></span> <span class='ocrx_word' id='word_1_71' title='bbox 532 1090 641 1152; x_wconf 88' lang='lat' dir='ltr'><strong>iisdem</strong></span> <span class='ocrx_word' id='word_1_72' title='bbox 663 1091 805 1170; x_wconf 85' lang='lat' dir='ltr'><strong>exemplis</strong></span> <span class='ocrx_word' id='word_1_73' title='bbox 820 1091 900 1154; x_wconf 89' lang='lat' dir='ltr'><strong>lilios</strong></span> <span class='ocrx_word' id='word_1_74' title='bbox 916 1101 1019 1154; x_wconf 85' lang='lat' dir='ltr'><strong>natura</strong></span> <span class='ocrx_word' id='word_1_75' title='bbox 1042 1091 1157 1154; x_wconf 86' lang='lat' dir='ltr'><strong>similes</strong></span> <span class='ocrx_word' id='word_1_76' title='bbox 1174 1093 1373 1174; x_wconf 87' lang='lat' dir='ltr'><strong>propriosque</strong></span> 
     </span>
     <span class='ocr_line' id='line_1_9' title="bbox 140 1192 1374 1276; baseline -0.001 -18"><span class='ocrx_word' id='word_1_77' title='bbox 140 1214 262 1258; x_wconf 82' lang='lat' dir='ltr'><strong>suorum</strong></span> <span class='ocrx_word' id='word_1_78' title='bbox 285 1201 443 1274; x_wconf 88' lang='lat' dir='ltr'><strong>parentum</strong></span> <span class='ocrx_word' id='word_1_79' title='bbox 466 1211 534 1254; x_wconf 87' lang='lat' dir='ltr'><strong>esse</strong></span> <span class='ocrx_word' id='word_1_80' title='bbox 556 1192 734 1272; x_wconf 83' lang='lat' dir='ltr'><strong>percipiunt,</strong></span> <span class='ocrx_word' id='word_1_81' title='bbox 760 1193 813 1255; x_wconf 88' lang='lat' dir='ltr'><strong>sed</strong></span> <span class='ocrx_word' id='word_1_82' title='bbox 830 1201 1001 1274; x_wconf 77' lang='lat' dir='ltr'><strong>serpentum</strong></span> <span class='ocrx_word' id='word_1_83' title='bbox 1017 1211 1102 1254; x_wconf 91' lang='lat' dir='ltr'><strong>more</strong></span> <span class='ocrx_word' id='word_1_84' title='bbox 1117 1193 1147 1254; x_wconf 91' lang='lat' dir='ltr'><strong>id</strong></span> <span class='ocrx_word' id='word_1_85' title='bbox 1162 1195 1270 1268; x_wconf 86' lang='lat' dir='ltr'><strong>solum,</strong></span> <span class='ocrx_word' id='word_1_86' title='bbox 1293 1195 1374 1276; x_wconf 91' lang='lat' dir='ltr'><strong>quod</strong></span> 
     </span>
     <span class='ocr_line' id='line_1_10' title="bbox 140 1293 1372 1376; baseline 0.002 -19"><span class='ocrx_word' id='word_1_87' title='bbox 140 1316 251 1360; x_wconf 79' lang='lat' dir='ltr'><strong>veneno</strong></span> <span class='ocrx_word' id='word_1_88' title='bbox 273 1301 378 1376; x_wconf 89' lang='lat' dir='ltr'><strong>aptum</strong></span> <span class='ocrx_word' id='word_1_89' title='bbox 402 1301 459 1367; x_wconf 86' lang='lat' dir='ltr'><strong>est,</strong></span> <span class='ocrx_word' id='word_1_90' title='bbox 481 1313 497 1355; x_wconf 92' lang='lat' dir='ltr'><strong>e</strong></span> <span class='ocrx_word' id='word_1_91' title='bbox 519 1302 598 1354; x_wconf 88' lang='lat' dir='ltr'><strong>terra</strong></span> <span class='ocrx_word' id='word_1_92' title='bbox 621 1293 772 1372; x_wconf 72' lang='lat' dir='ltr'><strong>seligunt?</strong></span> <span class='ocrx_word' id='word_1_93' title='bbox 818 1297 895 1356; x_wconf 89' lang='lat' dir='ltr'><strong>Sane</strong></span> <span class='ocrx_word' id='word_1_94' title='bbox 918 1313 985 1357; x_wconf 89' lang='lat' dir='ltr'><strong>oum</strong></span> <span class='ocrx_word' id='word_1_95' title='bbox 1007 1293 1047 1355; x_wconf 92' lang='lat' dir='ltr'><strong>illi</strong></span> <span class='ocrx_word' id='word_1_96' title='bbox 1070 1304 1208 1374; x_wconf 86' lang='lat' dir='ltr'><strong>parentes</strong></span> <span class='ocrx_word' id='word_1_97' title='bbox 1229 1296 1278 1358; x_wconf 90' lang='lat' dir='ltr'><strong>bis</strong></span> <span class='ocrx_word' id='word_1_98' title='bbox 1301 1315 1372 1358; x_wconf 84' lang='lat' dir='ltr'><strong>rer·</strong></span> 
     </span>
     <span class='ocr_line' id='line_1_11' title="bbox 139 1393 1371 1478; baseline -0.002 -17"><span class='ocrx_word' id='word_1_99' title='bbox 139 1399 183 1461; x_wconf 84' lang='lat' dir='ltr'><strong>bis</strong></span> <span class='ocrx_word' id='word_1_100' title='bbox 204 1394 448 1476; x_wconf 87' lang='lat' dir='ltr'><strong>interrogabant:</strong></span> <span class='ocrx_word' id='word_1_101' title='bbox 473 1393 669 1467; x_wconf 88' lang='lat' dir='ltr'><strong>„llabuistine</strong></span> <span class='ocrx_word' id='word_1_102' title='bbox 687 1395 777 1458; x_wconf 91' lang='lat' dir='ltr'><strong>lilium</strong></span> <span class='ocrx_word' id='word_1_103' title='bbox 794 1403 949 1475; x_wconf 89' lang='lat' dir='ltr'><strong>antequam</strong></span> <span class='ocrx_word' id='word_1_104' title='bbox 972 1393 1160 1474; x_wconf 77' lang='lat' dir='ltr'><strong>gigneresi“</strong></span> <span class='ocrx_word' id='word_1_105' title='bbox 1185 1397 1257 1458; x_wconf 88' lang='lat' dir='ltr'><strong>haee</strong></span> <span class='ocrx_word' id='word_1_106' title='bbox 1277 1395 1371 1478; x_wconf 87' lang='lat' dir='ltr'><strong>op&#39;or-</strong></span> 
     </span>
     <span class='ocr_line' id='line_1_12' title="bbox 141 1495 1373 1570; baseline -0.001 -9"><span class='ocrx_word' id='word_1_107' title='bbox 141 1507 236 1561; x_wconf 82' lang='lat' dir='ltr'><strong>ureret</strong></span> <span class='ocrx_word' id='word_1_108' title='bbox 258 1497 385 1560; x_wconf 87' lang='lat' dir='ltr'><strong>addere:</strong></span> <span class='ocrx_word' id='word_1_109' title='bbox 415 1495 469 1570; x_wconf 91' lang='lat' dir='ltr'><strong>„Si</strong></span> <span class='ocrx_word' id='word_1_110' title='bbox 498 1495 590 1557; x_wconf 90' lang='lat' dir='ltr'><strong>babes</strong></span> <span class='ocrx_word' id='word_1_111' title='bbox 618 1495 726 1570; x_wconf 87' lang='lat' dir='ltr'><strong>lilium,</strong></span> <span class='ocrx_word' id='word_1_112' title='bbox 754 1513 825 1558; x_wconf 91' lang='lat' dir='ltr'><strong>num</strong></span> <span class='ocrx_word' id='word_1_113' title='bbox 854 1496 1039 1558; x_wconf 84' lang='lat' dir='ltr'><strong>extrinsecus</strong></span> <span class='ocrx_word' id='word_1_114' title='bbox 1068 1497 1147 1558; x_wconf 89' lang='lat' dir='ltr'><strong>velut</strong></span> <span class='ocrx_word' id='word_1_115' title='bbox 1173 1497 1293 1560; x_wconf 89' lang='lat' dir='ltr'><strong>domum</strong></span> <span class='ocrx_word' id='word_1_116' title='bbox 1321 1508 1373 1562; x_wconf 91' lang='lat' dir='ltr'><strong>aut</strong></span> 
     </span>
     <span class='ocr_line' id='line_1_13' title="bbox 143 1595 1390 1679; baseline 0 -17"><span class='ocrx_word' id='word_1_117' title='bbox 143 1600 278 1679; x_wconf 90' lang='lat' dir='ltr'><strong>„aliquid</strong></span> <span class='ocrx_word' id='word_1_118' title='bbox 302 1597 382 1660; x_wconf 91' lang='lat' dir='ltr'><strong>aliud</strong></span> <span class='ocrx_word' id='word_1_119' title='bbox 406 1595 535 1658; x_wconf 83' lang='lat' dir='ltr'><strong>emis‘l“</strong></span> <span class='ocrx_word' id='word_1_120' title='bbox 560 1605 592 1658; x_wconf 90' lang='lat' dir='ltr'><strong>ut</strong></span> <span class='ocrx_word' id='word_1_121' title='bbox 615 1596 727 1660; x_wconf 84' lang='lat' dir='ltr'><strong>scilieet</strong></span> <span class='ocrx_word' id='word_1_122' title='bbox 748 1597 802 1658; x_wconf 90' lang='lat' dir='ltr'><strong>tibi</strong></span> <span class='ocrx_word' id='word_1_123' title='bbox 823 1597 1033 1676; x_wconf 83' lang='lat' dir='ltr'><strong>responderet:</strong></span> <span class='ocrx_word' id='word_1_124' title='bbox 1068 1598 1155 1672; x_wconf 89' lang='lat' dir='ltr'><strong>„Non</strong></span> <span class='ocrx_word' id='word_1_125' title='bbox 1177 1600 1390 1672; x_wconf 83' lang='lat' dir='ltr'><strong>extrinsecus,-</strong></span> 
     </span>
     <span class='ocr_line' id='line_1_14' title="bbox 140 1698 1371 1778; baseline 0 -16"><span class='ocrx_word' id='word_1_126' title='bbox 140 1701 222 1774; x_wconf 90' lang='lat' dir='ltr'><strong>„sed</strong></span> <span class='ocrx_word' id='word_1_127' title='bbox 246 1719 282 1761; x_wconf 86' lang='lat' dir='ltr'><strong>ex</strong></span> <span class='ocrx_word' id='word_1_128' title='bbox 305 1717 352 1760; x_wconf 91' lang='lat' dir='ltr'><strong>me</strong></span> <span class='ocrx_word' id='word_1_129' title='bbox 375 1707 434 1760; x_wconf 84' lang='lat' dir='ltr'><strong>est.</strong></span> <span class='ocrx_word' id='word_1_130' title='bbox 480 1698 562 1770; x_wconf 83' lang='lat' dir='ltr'><strong>Quae</strong></span> <span class='ocrx_word' id='word_1_131' title='bbox 585 1698 663 1760; x_wconf 89' lang='lat' dir='ltr'><strong>enim</strong></span> <span class='ocrx_word' id='word_1_132' title='bbox 679 1699 864 1770; x_wconf 82' lang='lat' dir='ltr'><strong>extrinsecus</strong></span> <span class='ocrx_word' id='word_1_133' title='bbox 881 1699 1035 1773; x_wconf 88' lang='lat' dir='ltr'><strong>habentur,</strong></span> <span class='ocrx_word' id='word_1_134' title='bbox 1058 1699 1269 1778; x_wconf 85' lang='lat' dir='ltr'><strong>possessiones</strong></span> <span class='ocrx_word' id='word_1_135' title='bbox 1290 1709 1371 1775; x_wconf 89' lang='lat' dir='ltr'><strong>sunt,</strong></span> 
     </span>
     <span class='ocr_line' id='line_1_15' title="bbox 142 1799 1371 1880; baseline 0.002 -18"><span class='ocrx_word' id='word_1_136' title='bbox 142 1810 258 1880; x_wconf 86' lang='lat' dir='ltr'><strong>„etque</strong></span> <span class='ocrx_word' id='word_1_137' title='bbox 279 1800 314 1862; x_wconf 82' lang='lat' dir='ltr'><strong>ab</strong></span> <span class='ocrx_word' id='word_1_138' title='bbox 336 1799 394 1861; x_wconf 87' lang='lat' dir='ltr'><strong>alio</strong></span> <span class='ocrx_word' id='word_1_139' title='bbox 417 1799 454 1860; x_wconf 88' lang='lat' dir='ltr'><strong>ad</strong></span> <span class='ocrx_word' id='word_1_140' title='bbox 477 1799 564 1862; x_wconf 83' lang='lat' dir='ltr'><strong>atium</strong></span> <span class='ocrx_word' id='word_1_141' title='bbox 588 1807 760 1873; x_wconf 77' lang='lat' dir='ltr'><strong>transeunt3</strong></span> <span class='ocrx_word' id='word_1_142' title='bbox 793 1801 921 1862; x_wconf 81' lang='lat' dir='ltr'><strong>attilius</strong></span> <span class='ocrx_word' id='word_1_143' title='bbox 945 1819 982 1862; x_wconf 83' lang='lat' dir='ltr'><strong>ex</strong></span> <span class='ocrx_word' id='word_1_144' title='bbox 1003 1819 1050 1862; x_wconf 94' lang='lat' dir='ltr'><strong>me</strong></span> <span class='ocrx_word' id='word_1_145' title='bbox 1073 1810 1130 1873; x_wconf 88' lang='lat' dir='ltr'><strong>est,</strong></span> <span class='ocrx_word' id='word_1_146' title='bbox 1154 1818 1294 1880; x_wconf 84' lang='lat' dir='ltr'><strong>meaeque</strong></span> <span class='ocrx_word' id='word_1_147' title='bbox 1315 1819 1371 1864; x_wconf 87' lang='lat' dir='ltr'><strong>na·</strong></span> 
     </span>
    </p>

    <p class='ocr_par' dir='ltr' id='par_1_3' title="bbox 14 1900 1373 1981">
     <span class='ocr_line' id='line_1_16' title="bbox 14 1900 1373 1981; baseline 0.001 -19"><span class='ocrx_word' id='word_1_148' title='bbox 14 1959 15 1968; x_wconf 72' lang='grc'>,</span> <span class='ocrx_word' id='word_1_149' title='bbox 135 1909 261 1976; x_wconf 78' lang='lat' dir='ltr'><strong>„tome</strong></span> <span class='ocrx_word' id='word_1_150' title='bbox 281 1902 418 1981; x_wconf 86' lang='lat' dir='ltr'><strong>proprius</strong></span> <span class='ocrx_word' id='word_1_151' title='bbox 442 1909 490 1962; x_wconf 91' lang='lat' dir='ltr'><strong>est</strong></span> <span class='ocrx_word' id='word_1_152' title='bbox 511 1917 545 1964; x_wconf 89' lang='lat' dir='ltr'><strong>ao</strong></span> <span class='ocrx_word' id='word_1_153' title='bbox 567 1900 691 1975; x_wconf 89' lang='lat' dir='ltr'><strong>similis,</strong></span> <span class='ocrx_word' id='word_1_154' title='bbox 714 1919 774 1962; x_wconf 90' lang='lat' dir='ltr'><strong>non</strong></span> <span class='ocrx_word' id='word_1_155' title='bbox 797 1901 913 1963; x_wconf 83' lang='lat' dir='ltr'><strong>exalia</strong></span> <span class='ocrx_word' id='word_1_156' title='bbox 934 1901 966 1962; x_wconf 91' lang='lat' dir='ltr'><strong>in</strong></span> <span class='ocrx_word' id='word_1_157' title='bbox 989 1920 1037 1963; x_wconf 89' lang='lat' dir='ltr'><strong>me</strong></span> <span class='ocrx_word' id='word_1_158' title='bbox 1059 1903 1168 1974; x_wconf 77' lang='lat' dir='ltr'><strong>laetans,</strong></span> <span class='ocrx_word' id='word_1_159' title='bbox 1193 1901 1246 1963; x_wconf 84' lang='lat' dir='ltr'><strong>sed</strong></span> <span class='ocrx_word' id='word_1_160' title='bbox 1268 1921 1304 1964; x_wconf 84' lang='lat' dir='ltr'><strong>ex</strong></span> <span class='ocrx_word' id='word_1_161' title='bbox 1325 1921 1373 1964; x_wconf 89' lang='lat' dir='ltr'><strong>me</strong></span> 
     </span>
    </p>

    <p class='ocr_par' dir='ltr' id='par_1_4' title="bbox 14 1981 1375 2888">
     <span class='ocr_line' id='line_1_17' title="bbox 14 1981 1373 2086; baseline 0 -22"><span class='ocrx_word' id='word_1_162' title='bbox 14 1981 15 2008; x_wconf 50' lang='lat'>¹</span> <span class='ocrx_word' id='word_1_163' title='bbox 146 2001 307 2082; x_wconf 78' lang='lat' dir='ltr'><strong>„genitus3</strong></span> <span class='ocrx_word' id='word_1_164' title='bbox 328 2002 403 2064; x_wconf 90' lang='lat' dir='ltr'><strong>unde</strong></span> <span class='ocrx_word' id='word_1_165' title='bbox 425 2011 506 2064; x_wconf 85' lang='lat' dir='ltr'><strong>totus</strong></span> <span class='ocrx_word' id='word_1_166' title='bbox 530 2010 560 2063; x_wconf 91' lang='lat' dir='ltr'><strong>et</strong></span> <span class='ocrx_word' id='word_1_167' title='bbox 579 2001 694 2080; x_wconf 81' lang='lat' dir='ltr'><strong>integer</strong></span> <span class='ocrx_word' id='word_1_168' title='bbox 716 2002 746 2064; x_wconf 90' lang='lat' dir='ltr'><strong>iu</strong></span> <span class='ocrx_word' id='word_1_169' title='bbox 767 2001 818 2062; x_wconf 89' lang='lat' dir='ltr'><strong>illo</strong></span> <span class='ocrx_word' id='word_1_170' title='bbox 842 2021 919 2075; x_wconf 88' lang='lat' dir='ltr'><strong>sum,</strong></span> <span class='ocrx_word' id='word_1_171' title='bbox 944 2021 1066 2064; x_wconf 89' lang='lat' dir='ltr'><strong>manens</strong></span> <span class='ocrx_word' id='word_1_172' title='bbox 1086 2001 1150 2086; x_wconf 91' lang='lat' dir='ltr'><strong>ipse</strong></span> <span class='ocrx_word' id='word_1_173' title='bbox 1173 2003 1252 2082; x_wconf 90' lang='lat' dir='ltr'><strong>quod</strong></span> <span class='ocrx_word' id='word_1_174' title='bbox 1274 2007 1373 2064; x_wconf 88' lang='lat' dir='ltr'><strong>sum.“</strong></span> 
     </span>
     <span class='ocr_line' id='line_1_18' title="bbox 142 2102 1372 2184; baseline 0.001 -19"><span class='ocrx_word' id='word_1_175' title='bbox 142 2103 257 2184; x_wconf 85' lang='lat' dir='ltr'><strong>Nempe</strong></span> <span class='ocrx_word' id='word_1_176' title='bbox 278 2103 370 2164; x_wconf 78' lang='lat' dir='ltr'><strong>itane</strong></span> <span class='ocrx_word' id='word_1_177' title='bbox 392 2121 442 2165; x_wconf 87' lang='lat' dir='ltr'><strong>res</strong></span> <span class='ocrx_word' id='word_1_178' title='bbox 464 2102 570 2176; x_wconf 71' lang='lat' dir='ltr'><strong>babet,</strong></span> <span class='ocrx_word' id='word_1_179' title='bbox 593 2103 711 2164; x_wconf 86' lang='lat' dir='ltr'><strong>tametsi</strong></span> <span class='ocrx_word' id='word_1_180' title='bbox 732 2103 849 2182; x_wconf 84' lang='lat' dir='ltr'><strong>genitor</strong></span> <span class='ocrx_word' id='word_1_181' title='bbox 869 2113 1005 2184; x_wconf 88' lang='lat' dir='ltr'><strong>tempore</strong></span> <span class='ocrx_word' id='word_1_182' title='bbox 1027 2123 1042 2164; x_wconf 93' lang='lat' dir='ltr'><strong>a</strong></span> <span class='ocrx_word' id='word_1_183' title='bbox 1061 2103 1121 2165; x_wconf 88' lang='lat' dir='ltr'><strong>lilio</strong></span> <span class='ocrx_word' id='word_1_184' title='bbox 1137 2103 1244 2177; x_wconf 79' lang='lat' dir='ltr'><strong>differt,</strong></span> <span class='ocrx_word' id='word_1_185' title='bbox 1267 2103 1372 2166; x_wconf 88' lang='lat' dir='ltr'><strong>utbo-</strong></span> 
     </span>
     <span class='ocr_line' id='line_1_19' title="bbox 142 2203 1374 2284; baseline 0 -18"><span class='ocrx_word' id='word_1_186' title='bbox 142 2224 207 2278; x_wconf 92' lang='lat' dir='ltr'><strong>mo,</strong></span> <span class='ocrx_word' id='word_1_187' title='bbox 237 2206 288 2284; x_wconf 93' lang='lat' dir='ltr'><strong>qui</strong></span> <span class='ocrx_word' id='word_1_188' title='bbox 311 2212 341 2266; x_wconf 91' lang='lat' dir='ltr'><strong>et</strong></span> <span class='ocrx_word' id='word_1_189' title='bbox 361 2205 428 2284; x_wconf 86' lang='lat' dir='ltr'><strong>ipse</strong></span> <span class='ocrx_word' id='word_1_190' title='bbox 450 2222 570 2283; x_wconf 89' lang='lat' dir='ltr'><strong>quoque</strong></span> <span class='ocrx_word' id='word_1_191' title='bbox 592 2203 623 2264; x_wconf 92' lang='lat' dir='ltr'><strong>in</strong></span> <span class='ocrx_word' id='word_1_192' title='bbox 647 2212 780 2283; x_wconf 90' lang='lat' dir='ltr'><strong>tempore</strong></span> <span class='ocrx_word' id='word_1_193' title='bbox 810 2211 897 2266; x_wconf 87' lang='lat' dir='ltr'><strong>natus</strong></span> <span class='ocrx_word' id='word_1_194' title='bbox 920 2214 981 2280; x_wconf 82' lang='lat' dir='ltr'><strong>est3</strong></span> <span class='ocrx_word' id='word_1_195' title='bbox 1012 2205 1100 2266; x_wconf 73' lang='lat' dir='ltr'><strong>simod</strong></span> <span class='ocrx_word' id='word_1_196' title='bbox 1129 2212 1225 2266; x_wconf 89' lang='lat' dir='ltr'><strong>tamen</strong></span> <span class='ocrx_word' id='word_1_197' title='bbox 1254 2225 1374 2284; x_wconf 87' lang='lat' dir='ltr'><strong>semper</strong></span> 
     </span>
     <span class='ocr_line' id='line_1_20' title="bbox 142 2304 1372 2387; baseline 0 -20"><span class='ocrx_word' id='word_1_198' title='bbox 142 2325 246 2367; x_wconf 85' lang='lat' dir='ltr'><strong>seeum</strong></span> <span class='ocrx_word' id='word_1_199' title='bbox 268 2306 443 2368; x_wconf 82' lang='lat' dir='ltr'><strong>existentem</strong></span> <span class='ocrx_word' id='word_1_200' title='bbox 465 2305 558 2366; x_wconf 87' lang='lat' dir='ltr'><strong>lilium</strong></span> <span class='ocrx_word' id='word_1_201' title='bbox 581 2304 668 2366; x_wconf 87' lang='lat' dir='ltr'><strong>etiam</strong></span> <span class='ocrx_word' id='word_1_202' title='bbox 690 2304 757 2384; x_wconf 89' lang='lat' dir='ltr'><strong>ipse</strong></span> <span class='ocrx_word' id='word_1_203' title='bbox 779 2306 921 2379; x_wconf 90' lang='lat' dir='ltr'><strong>haberet,</strong></span> <span class='ocrx_word' id='word_1_204' title='bbox 944 2306 1003 2368; x_wconf 88' lang='lat' dir='ltr'><strong>uisi</strong></span> <span class='ocrx_word' id='word_1_205' title='bbox 1025 2306 1157 2368; x_wconf 83' lang='lat' dir='ltr'><strong>obstaret</strong></span> <span class='ocrx_word' id='word_1_206' title='bbox 1177 2315 1372 2387; x_wconf 90' lang='lat' dir='ltr'><strong>repugnaret-</strong></span> 
     </span>
     <span class='ocr_line' id='line_1_21' title="bbox 141 2405 1373 2486; baseline 0.001 -17"><span class='ocrx_word' id='word_1_207' title='bbox 141 2425 200 2486; x_wconf 90' lang='lat' dir='ltr'><strong>que</strong></span> <span class='ocrx_word' id='word_1_208' title='bbox 222 2415 344 2468; x_wconf 83' lang='lat' dir='ltr'><strong>naturae</strong></span> <span class='ocrx_word' id='word_1_209' title='bbox 365 2405 561 2468; x_wconf 80' lang='lat' dir='ltr'><strong>imbecillitas.</strong></span> <span class='ocrx_word' id='word_1_210' title='bbox 607 2405 684 2466; x_wconf 89' lang='lat' dir='ltr'><strong>Hine</strong></span> <span class='ocrx_word' id='word_1_211' title='bbox 698 2405 768 2468; x_wconf 84' lang='lat' dir='ltr'><strong>beri</strong></span> <span class='ocrx_word' id='word_1_212' title='bbox 791 2415 853 2468; x_wconf 91' lang='lat' dir='ltr'><strong>tum</strong></span> <span class='ocrx_word' id='word_1_213' title='bbox 868 2408 988 2486; x_wconf 84' lang='lat' dir='ltr'><strong>quidem</strong></span> <span class='ocrx_word' id='word_1_214' title='bbox 1010 2408 1040 2468; x_wconf 93' lang='lat' dir='ltr'><strong>in</strong></span> <span class='ocrx_word' id='word_1_215' title='bbox 1056 2407 1165 2470; x_wconf 91' lang='lat' dir='ltr'><strong>lumbis</strong></span> <span class='ocrx_word' id='word_1_216' title='bbox 1180 2408 1284 2486; x_wconf 87' lang='lat' dir='ltr'><strong>proavi</strong></span> <span class='ocrx_word' id='word_1_217' title='bbox 1299 2417 1373 2481; x_wconf 87' lang='lat' dir='ltr'><strong>erat,</strong></span> 
     </span>
     <span class='ocr_line' id='line_1_22' title="bbox 137 2506 1373 2588; baseline 0 -18"><span class='ocrx_word' id='word_1_218' title='bbox 137 2527 204 2570; x_wconf 83' lang='lat' dir='ltr'><strong>eum</strong></span> <span class='ocrx_word' id='word_1_219' title='bbox 233 2508 367 2570; x_wconf 89' lang='lat' dir='ltr'><strong>nondum</strong></span> <span class='ocrx_word' id='word_1_220' title='bbox 399 2506 467 2586; x_wconf 92' lang='lat' dir='ltr'><strong>ipse</strong></span> <span class='ocrx_word' id='word_1_221' title='bbox 494 2514 575 2568; x_wconf 85' lang='lat' dir='ltr'><strong>esset</strong></span> <span class='ocrx_word' id='word_1_222' title='bbox 596 2506 730 2585; x_wconf 89' lang='lat' dir='ltr'><strong>genitus,</strong></span> <span class='ocrx_word' id='word_1_223' title='bbox 763 2526 888 2588; x_wconf 90' lang='lat' dir='ltr'><strong>eumque</strong></span> <span class='ocrx_word' id='word_1_224' title='bbox 917 2529 989 2571; x_wconf 87' lang='lat' dir='ltr'><strong>avus</strong></span> <span class='ocrx_word' id='word_1_225' title='bbox 1018 2508 1180 2588; x_wconf 83' lang='lat' dir='ltr'><strong>genuisset.</strong></span> <span class='ocrx_word' id='word_1_226' title='bbox 1226 2509 1373 2582; x_wconf 81' lang='lat' dir='ltr'><strong>Quocirca</strong></span> 
     </span>
     <span class='ocr_line' id='line_1_23' title="bbox 139 2606 1374 2702; baseline -0.004 -30"><span class='ocrx_word' id='word_1_227' title='bbox 139 2629 206 2672; x_wconf 87' lang='lat' dir='ltr'><strong>oum</strong></span> <span class='ocrx_word' id='word_1_228' title='bbox 228 2611 323 2671; x_wconf 89' lang='lat' dir='ltr'><strong>bomo</strong></span> <span class='ocrx_word' id='word_1_229' title='bbox 346 2609 377 2670; x_wconf 93' lang='lat' dir='ltr'><strong>id</strong></span> <span class='ocrx_word' id='word_1_230' title='bbox 400 2608 506 2670; x_wconf 83' lang='lat' dir='ltr'><strong>aetatis</strong></span> <span class='ocrx_word' id='word_1_231' title='bbox 528 2606 668 2687; x_wconf 88' lang='lat' dir='ltr'><strong>attigerit,</strong></span> <span class='ocrx_word' id='word_1_232' title='bbox 691 2606 721 2670; x_wconf 90' lang='lat' dir='ltr'><strong>in</strong></span> <span class='ocrx_word' id='word_1_233' title='bbox 744 2628 800 2689; x_wconf 92' lang='lat' dir='ltr'><strong>qua</strong></span> <span class='ocrx_word' id='word_1_234' title='bbox 822 2610 983 2688; x_wconf 88' lang='lat' dir='ltr'><strong>generandi</strong></span> <span class='ocrx_word' id='word_1_235' title='bbox 1004 2611 1170 2702; x_wconf 80' lang='lat' dir='ltr'><strong>facultatem</strong></span> <span class='ocrx_word' id='word_1_236' title='bbox 1193 2609 1297 2670; x_wconf 90' lang='lat' dir='ltr'><strong>tribuit</strong></span> <span class='ocrx_word' id='word_1_237' title='bbox 1318 2624 1374 2668; x_wconf 88' lang='lat' dir='ltr'><strong>na·</strong></span> 
     </span>
     <span class='ocr_line' id='line_1_24' title="bbox 141 2707 1375 2790; baseline -0.003 -18"><span class='ocrx_word' id='word_1_238' title='bbox 141 2721 220 2782; x_wconf 91' lang='lat' dir='ltr'><strong>tura,</strong></span> <span class='ocrx_word' id='word_1_239' title='bbox 243 2709 347 2769; x_wconf 84' lang='lat' dir='ltr'><strong>statim</strong></span> <span class='ocrx_word' id='word_1_240' title='bbox 368 2707 458 2788; x_wconf 78' lang='lat' dir='ltr'><strong>bomo</strong></span> <span class='ocrx_word' id='word_1_241' title='bbox 480 2717 585 2770; x_wconf 87' lang='lat' dir='ltr'><strong>natura</strong></span> <span class='ocrx_word' id='word_1_242' title='bbox 607 2708 643 2770; x_wconf 90' lang='lat' dir='ltr'><strong>ab</strong></span> <span class='ocrx_word' id='word_1_243' title='bbox 667 2709 747 2772; x_wconf 88' lang='lat' dir='ltr'><strong>omni</strong></span> <span class='ocrx_word' id='word_1_244' title='bbox 769 2711 828 2773; x_wconf 91' lang='lat' dir='ltr'><strong>iam</strong></span> <span class='ocrx_word' id='word_1_245' title='bbox 850 2710 941 2773; x_wconf 89' lang='lat' dir='ltr'><strong>libera</strong></span> <span class='ocrx_word' id='word_1_246' title='bbox 958 2709 1169 2790; x_wconf 91' lang='lat' dir='ltr'><strong>impedimento</strong></span> <span class='ocrx_word' id='word_1_247' title='bbox 1192 2707 1255 2780; x_wconf 85' lang='lat' dir='ltr'><strong>lilii,</strong></span> <span class='ocrx_word' id='word_1_248' title='bbox 1278 2707 1375 2786; x_wconf 87' lang='lat' dir='ltr'><strong>quiex</strong></span> 
     </span>
     <span class='ocr_line' id='line_1_25' title="bbox 145 2807 467 2888; baseline -0.012 -18"><span class='ocrx_word' id='word_1_249' title='bbox 145 2810 216 2888; x_wconf 86' lang='lat' dir='ltr'><strong>ipso</strong></span> <span class='ocrx_word' id='word_1_250' title='bbox 241 2816 300 2878; x_wconf 88' lang='lat' dir='ltr'><strong>est,</strong></span> <span class='ocrx_word' id='word_1_251' title='bbox 322 2807 356 2866; x_wconf 87' lang='lat' dir='ltr'><strong>lit</strong></span> <span class='ocrx_word' id='word_1_252' title='bbox 377 2814 467 2885; x_wconf 87' lang='lat' dir='ltr'><strong>pater.</strong></span> 
     </span>
    </p>

    <p class='ocr_par' dir='ltr' id='par_1_5' title="bbox 145 2901 1563 3798">
     <span class='ocr_line' id='line_1_26' title="bbox 234 2901 1563 2991; baseline 0.001 -23"><span class='ocrx_word' id='word_1_253' title='bbox 234 2909 287 2968; x_wconf 75' lang='lat'><strong>27.</strong></span> <span class='ocrx_word' id='word_1_254' title='bbox 330 2905 430 2985; x_wconf 89' lang='lat' dir='ltr'><strong>ltaque</strong></span> <span class='ocrx_word' id='word_1_255' title='bbox 450 2909 475 2970; x_wconf 86' lang='lat' dir='ltr'><strong>si</strong></span> <span class='ocrx_word' id='word_1_256' title='bbox 495 2918 633 2988; x_wconf 88' lang='lat' dir='ltr'><strong>parentes</strong></span> <span class='ocrx_word' id='word_1_257' title='bbox 661 2911 698 2973; x_wconf 87' lang='lat' dir='ltr'><strong>de</strong></span> <span class='ocrx_word' id='word_1_258' title='bbox 727 2909 858 2991; x_wconf 87' lang='lat' dir='ltr'><strong>propriis</strong></span> <span class='ocrx_word' id='word_1_259' title='bbox 888 2910 1135 2989; x_wconf 82' lang='lat' dir='ltr'><strong>interrogaverint</strong></span> <span class='ocrx_word' id='word_1_260' title='bbox 1165 2905 1268 2970; x_wconf 89' lang='lat' dir='ltr'><strong>liberis</strong></span> <span class='ocrx_word' id='word_1_261' title='bbox 1290 2925 1365 2968; x_wconf 85' lang='lat' dir='ltr'><strong>eom</strong></span> <span class='ocrx_word' id='word_1_262' title='bbox 1440 2901 1451 2922; x_wconf 87' lang='lat'>&#39;</span> <span class='ocrx_word' id='word_1_263' title='bbox 1559 2915 1563 2922; x_wconf 84' lang='grc'><em>“</em></span> 
     </span>
     <span class='ocr_line' id='line_1_27' title="bbox 149 3007 1375 3088; baseline 0.002 -21"><span class='ocrx_word' id='word_1_264' title='bbox 149 3007 349 3088; x_wconf 79' lang='lat' dir='ltr'><strong>pereriotqoe,</strong></span> <span class='ocrx_word' id='word_1_265' title='bbox 371 3007 447 3070; x_wconf 85' lang='lat' dir='ltr'><strong>lilios</strong></span> <span class='ocrx_word' id='word_1_266' title='bbox 468 3010 617 3072; x_wconf 85' lang='lat' dir='ltr'><strong>naturales</strong></span> <span class='ocrx_word' id='word_1_267' title='bbox 638 3029 700 3072; x_wconf 92' lang='lat' dir='ltr'><strong>non</strong></span> <span class='ocrx_word' id='word_1_268' title='bbox 722 3011 906 3073; x_wconf 84' lang='lat' dir='ltr'><strong>extrinsecus</strong></span> <span class='ocrx_word' id='word_1_269' title='bbox 930 3009 1023 3082; x_wconf 85' lang='lat' dir='ltr'><strong>nasei,</strong></span> <span class='ocrx_word' id='word_1_270' title='bbox 1050 3009 1104 3070; x_wconf 88' lang='lat' dir='ltr'><strong>sed</strong></span> <span class='ocrx_word' id='word_1_271' title='bbox 1127 3024 1163 3070; x_wconf 86' lang='lat' dir='ltr'><strong>ex</strong></span> <span class='ocrx_word' id='word_1_272' title='bbox 1184 3007 1375 3088; x_wconf 85' lang='lat' dir='ltr'><strong>parentibus;</strong></span> 
     </span>
     <span class='ocr_line' id='line_1_28' title="bbox 151 3108 1376 3189; baseline 0.002 -19"><span class='ocrx_word' id='word_1_273' title='bbox 151 3110 296 3170; x_wconf 77' lang='lat' dir='ltr'><strong>fateantur</strong></span> <span class='ocrx_word' id='word_1_274' title='bbox 316 3127 431 3189; x_wconf 90' lang='lat' dir='ltr'><strong>quoque</strong></span> <span class='ocrx_word' id='word_1_275' title='bbox 454 3111 544 3189; x_wconf 89' lang='lat' dir='ltr'><strong>igitur</strong></span> <span class='ocrx_word' id='word_1_276' title='bbox 566 3113 694 3174; x_wconf 81' lang='lat' dir='ltr'><strong>Verbum</strong></span> <span class='ocrx_word' id='word_1_277' title='bbox 716 3113 770 3174; x_wconf 87' lang='lat' dir='ltr'><strong>Dei</strong></span> <span class='ocrx_word' id='word_1_278' title='bbox 792 3119 888 3172; x_wconf 89' lang='lat' dir='ltr'><strong>totum</strong></span> <span class='ocrx_word' id='word_1_279' title='bbox 911 3129 981 3172; x_wconf 84' lang='lat' dir='ltr'><strong>ease</strong></span> <span class='ocrx_word' id='word_1_280' title='bbox 1004 3127 1039 3169; x_wconf 83' lang='lat' dir='ltr'><strong>ex</strong></span> <span class='ocrx_word' id='word_1_281' title='bbox 1061 3109 1157 3171; x_wconf 90' lang='lat' dir='ltr'><strong>Patre.</strong></span> <span class='ocrx_word' id='word_1_282' title='bbox 1188 3109 1275 3182; x_wconf 83' lang='lat' dir='ltr'><strong>Quod</strong></span> <span class='ocrx_word' id='word_1_283' title='bbox 1297 3108 1324 3170; x_wconf 90' lang='lat' dir='ltr'><strong>si</strong></span> <span class='ocrx_word' id='word_1_284' title='bbox 1339 3109 1376 3172; x_wconf 93' lang='lat' dir='ltr'><strong>de</strong></span> 
     </span>
     <span class='ocr_line' id='line_1_29' title="bbox 148 3209 1375 3290; baseline 0.004 -21"><span class='ocrx_word' id='word_1_285' title='bbox 148 3216 281 3288; x_wconf 86' lang='lat' dir='ltr'><strong>tempore</strong></span> <span class='ocrx_word' id='word_1_286' title='bbox 301 3218 421 3272; x_wconf 80' lang='lat' dir='ltr'><strong>movent</strong></span> <span class='ocrx_word' id='word_1_287' title='bbox 442 3211 659 3286; x_wconf 86' lang='lat' dir='ltr'><strong>difficultatem,</strong></span> <span class='ocrx_word' id='word_1_288' title='bbox 688 3210 903 3290; x_wconf 85' lang='lat' dir='ltr'><strong>respondeant,</strong></span> <span class='ocrx_word' id='word_1_289' title='bbox 937 3209 1077 3290; x_wconf 82' lang='lat' dir='ltr'><strong>quidnam</strong></span> <span class='ocrx_word' id='word_1_290' title='bbox 1097 3211 1160 3272; x_wconf 86' lang='lat' dir='ltr'><strong>Deo</strong></span> <span class='ocrx_word' id='word_1_291' title='bbox 1188 3211 1285 3290; x_wconf 84' lang='lat' dir='ltr'><strong>possit</strong></span> <span class='ocrx_word' id='word_1_292' title='bbox 1307 3229 1375 3274; x_wconf 85' lang='lat' dir='ltr'><strong>esse</strong></span> 
     </span>
     <span class='ocr_line' id='line_1_30' title="bbox 145 3309 1374 3392; baseline 0.004 -21"><span class='ocrx_word' id='word_1_293' title='bbox 145 3309 366 3390; x_wconf 75' lang='lat' dir='ltr'><strong>inpedimento.</strong></span> <span class='ocrx_word' id='word_1_294' title='bbox 411 3311 470 3373; x_wconf 86' lang='lat' dir='ltr'><strong>Par</strong></span> <span class='ocrx_word' id='word_1_295' title='bbox 493 3312 572 3374; x_wconf 87' lang='lat' dir='ltr'><strong>eninr</strong></span> <span class='ocrx_word' id='word_1_296' title='bbox 596 3323 651 3387; x_wconf 80' lang='lat' dir='ltr'><strong>est,</strong></span> <span class='ocrx_word' id='word_1_297' title='bbox 674 3331 727 3376; x_wconf 88' lang='lat' dir='ltr'><strong>eos</strong></span> <span class='ocrx_word' id='word_1_298' title='bbox 751 3330 786 3373; x_wconf 84' lang='lat' dir='ltr'><strong>ex</strong></span> <span class='ocrx_word' id='word_1_299' title='bbox 809 3311 855 3372; x_wconf 89' lang='lat' dir='ltr'><strong>bis</strong></span> <span class='ocrx_word' id='word_1_300' title='bbox 877 3311 962 3390; x_wconf 86' lang='lat' dir='ltr'><strong>ipsis,</strong></span> <span class='ocrx_word' id='word_1_301' title='bbox 986 3328 1061 3391; x_wconf 90' lang='lat' dir='ltr'><strong>quae</strong></span> <span class='ocrx_word' id='word_1_302' title='bbox 1079 3312 1204 3374; x_wconf 91' lang='lat' dir='ltr'><strong>ridendo</strong></span> <span class='ocrx_word' id='word_1_303' title='bbox 1220 3324 1374 3392; x_wconf 84' lang='lat' dir='ltr'><strong>quaerunt,</strong></span> 
     </span>
     <span class='ocr_line' id='line_1_31' title="bbox 147 3411 1376 3493; baseline 0.003 -21"><span class='ocrx_word' id='word_1_304' title='bbox 147 3413 304 3491; x_wconf 84' lang='lat' dir='ltr'><strong>impietatis</strong></span> <span class='ocrx_word' id='word_1_305' title='bbox 327 3411 476 3473; x_wconf 83' lang='lat' dir='ltr'><strong>nonrinoi.</strong></span> <span class='ocrx_word' id='word_1_306' title='bbox 519 3411 623 3474; x_wconf 83' lang='lat' dir='ltr'><strong>Dicant</strong></span> <span class='ocrx_word' id='word_1_307' title='bbox 644 3413 749 3493; x_wconf 88' lang='lat' dir='ltr'><strong>igitur,</strong></span> <span class='ocrx_word' id='word_1_308' title='bbox 778 3412 848 3492; x_wconf 91' lang='lat' dir='ltr'><strong>quid</strong></span> <span class='ocrx_word' id='word_1_309' title='bbox 869 3411 1025 3492; x_wconf 89' lang='lat' dir='ltr'><strong>impediat,</strong></span> <span class='ocrx_word' id='word_1_310' title='bbox 1053 3414 1212 3493; x_wconf 86' lang='lat' dir='ltr'><strong>quominus</strong></span> <span class='ocrx_word' id='word_1_311' title='bbox 1235 3413 1314 3478; x_wconf 85' lang='lat' dir='ltr'><strong>Deus</strong></span> <span class='ocrx_word' id='word_1_312' title='bbox 1336 3416 1376 3478; x_wconf 88' lang='lat' dir='ltr'><strong>sit</strong></span> 
     </span>
     <span class='ocr_line' id='line_1_32' title="bbox 146 3511 1376 3595; baseline 0.004 -23"><span class='ocrx_word' id='word_1_313' title='bbox 146 3527 262 3592; x_wconf 82' lang='lat' dir='ltr'><strong>semper</strong></span> <span class='ocrx_word' id='word_1_314' title='bbox 283 3511 352 3574; x_wconf 86' lang='lat' dir='ltr'><strong>Filii</strong></span> <span class='ocrx_word' id='word_1_315' title='bbox 374 3511 489 3574; x_wconf 82' lang='lat' dir='ltr'><strong>l’ater‘l</strong></span> <span class='ocrx_word' id='word_1_316' title='bbox 534 3513 607 3576; x_wconf 89' lang='lat' dir='ltr'><strong>Nam</strong></span> <span class='ocrx_word' id='word_1_317' title='bbox 630 3532 805 3576; x_wconf 80' lang='lat' dir='ltr'><strong>conoessum</strong></span> <span class='ocrx_word' id='word_1_318' title='bbox 828 3521 884 3588; x_wconf 83' lang='lat' dir='ltr'><strong>eet,</strong></span> <span class='ocrx_word' id='word_1_319' title='bbox 907 3513 947 3589; x_wconf 91' lang='lat' dir='ltr'><strong>id,</strong></span> <span class='ocrx_word' id='word_1_320' title='bbox 971 3515 1050 3593; x_wconf 91' lang='lat' dir='ltr'><strong>quod</strong></span> <span class='ocrx_word' id='word_1_321' title='bbox 1072 3515 1211 3595; x_wconf 90' lang='lat' dir='ltr'><strong>gignitur,</strong></span> <span class='ocrx_word' id='word_1_322' title='bbox 1235 3533 1270 3576; x_wconf 86' lang='lat' dir='ltr'><strong>ex</strong></span> <span class='ocrx_word' id='word_1_323' title='bbox 1292 3525 1376 3595; x_wconf 81' lang='lat' dir='ltr'><strong>patre</strong></span> 
     </span>
     <span class='ocr_line' id='line_1_33' title="bbox 147 3611 1375 3708; baseline 0.006 -36"><span class='ocrx_word' id='word_1_324' title='bbox 147 3629 224 3672; x_wconf 83' lang='lat' dir='ltr'><strong>esee.</strong></span> <span class='ocrx_word' id='word_1_325' title='bbox 267 3612 308 3674; x_wconf 88' lang='lat' dir='ltr'><strong>Ut</strong></span> <span class='ocrx_word' id='word_1_326' title='bbox 329 3620 429 3673; x_wconf 88' lang='lat' dir='ltr'><strong>autem</strong></span> <span class='ocrx_word' id='word_1_327' title='bbox 451 3611 492 3686; x_wconf 92' lang='lat' dir='ltr'><strong>bi,</strong></span> <span class='ocrx_word' id='word_1_328' title='bbox 516 3614 567 3692; x_wconf 93' lang='lat' dir='ltr'><strong>qui</strong></span> <span class='ocrx_word' id='word_1_329' title='bbox 589 3614 648 3676; x_wconf 89' lang='lat' dir='ltr'><strong>ista</strong></span> <span class='ocrx_word' id='word_1_330' title='bbox 669 3615 706 3677; x_wconf 89' lang='lat' dir='ltr'><strong>de</strong></span> <span class='ocrx_word' id='word_1_331' title='bbox 728 3615 790 3677; x_wconf 83' lang='lat' dir='ltr'><strong>Deo</strong></span> <span class='ocrx_word' id='word_1_332' title='bbox 814 3616 953 3696; x_wconf 78' lang='lat' dir='ltr'><strong>eogitant,</strong></span> <span class='ocrx_word' id='word_1_333' title='bbox 976 3615 1006 3678; x_wconf 90' lang='lat' dir='ltr'><strong>in</strong></span> <span class='ocrx_word' id='word_1_334' title='bbox 1029 3636 1064 3679; x_wconf 89' lang='lat' dir='ltr'><strong>se</strong></span> <span class='ocrx_word' id='word_1_335' title='bbox 1084 3617 1170 3708; x_wconf 69' lang='lat' dir='ltr'><strong>ipsos</strong></span> <span class='ocrx_word' id='word_1_336' title='bbox 1187 3617 1281 3678; x_wconf 85' lang='lat' dir='ltr'><strong>ierant</strong></span> <span class='ocrx_word' id='word_1_337' title='bbox 1303 3635 1375 3679; x_wconf 86' lang='lat' dir='ltr'><strong>sen·</strong></span> 
     </span>
     <span class='ocr_line' id='line_1_34' title="bbox 146 3711 1375 3798; baseline 0.006 -26"><span class='ocrx_word' id='word_1_338' title='bbox 146 3711 277 3785; x_wconf 83' lang='lat' dir='ltr'><strong>tentiam,</strong></span> <span class='ocrx_word' id='word_1_339' title='bbox 301 3713 550 3792; x_wconf 88' lang='lat' dir='ltr'><strong>quemadmodum</strong></span> <span class='ocrx_word' id='word_1_340' title='bbox 573 3715 630 3795; x_wconf 90' lang='lat' dir='ltr'><strong>ipsi</strong></span> <span class='ocrx_word' id='word_1_341' title='bbox 652 3716 790 3779; x_wconf 90' lang='lat' dir='ltr'><strong>mulieres</strong></span> <span class='ocrx_word' id='word_1_342' title='bbox 806 3718 843 3779; x_wconf 94' lang='lat' dir='ltr'><strong>de</strong></span> <span class='ocrx_word' id='word_1_343' title='bbox 858 3727 992 3798; x_wconf 90' lang='lat' dir='ltr'><strong>tempore</strong></span> <span class='ocrx_word' id='word_1_344' title='bbox 1008 3718 1241 3795; x_wconf 80' lang='lat' dir='ltr'><strong>interrogavere,</strong></span> <span class='ocrx_word' id='word_1_345' title='bbox 1264 3718 1307 3779; x_wconf 87' lang='lat' dir='ltr'><strong>sie</strong></span> <span class='ocrx_word' id='word_1_346' title='bbox 1322 3737 1375 3798; x_wconf 75' lang='lat' dir='ltr'><strong>sq-</strong></span> 
     </span>
    </p>

    <p class='ocr_par' dir='ltr' id='par_1_6' title="bbox 145 3855 1380 4070">
     <span class='ocr_line' id='line_1_35' title="bbox 178 3855 1377 3932; baseline 0.006 -19"><span class='ocrx_word' id='word_1_347' title='bbox 178 3877 202 3924; x_wconf 62' lang='grc' dir='ltr'><strong>ε.</strong></span> <span class='ocrx_word' id='word_1_348' title='bbox 220 3863 322 3925; x_wconf 82' lang='lat' dir='ltr'><strong>Segner.</strong></span> <span class='ocrx_word' id='word_1_349' title='bbox 346 3855 361 3910; x_wconf 81' lang='lat' dir='ltr'><strong>d</strong></span> <span class='ocrx_word' id='word_1_350' title='bbox 385 3855 465 3917; x_wconf 72' lang='lat' dir='ltr'><strong>Aeeta</strong></span> <span class='ocrx_word' id='word_1_351' title='bbox 487 3856 530 3914; x_wconf 79' lang='grc' dir='ltr'><strong>ἔτι</strong></span> <span class='ocrx_word' id='word_1_352' title='bbox 552 3857 582 3914; x_wconf 75' lang='grc' dir='ltr'><strong>ἔν</strong></span> <span class='ocrx_word' id='word_1_353' title='bbox 598 3863 632 3932; x_wconf 72' lang='grc' dir='ltr'><strong>τῇ</strong></span> <span class='ocrx_word' id='word_1_354' title='bbox 651 3857 740 3932; x_wconf 70' lang='lat' dir='ltr'><strong>domui</strong></span> <span class='ocrx_word' id='word_1_355' title='bbox 823 3869 838 3919; x_wconf 91' lang='lat' dir='ltr'><strong>i.</strong></span> <span class='ocrx_word' id='word_1_356' title='bbox 857 3871 957 3930; x_wconf 83' lang='lat' dir='ltr'><strong>Seguer.</strong></span> <span class='ocrx_word' id='word_1_357' title='bbox 981 3865 1029 3916; x_wconf 79' lang='lat' dir='ltr'><strong>tori</strong></span> <span class='ocrx_word' id='word_1_358' title='bbox 1055 3859 1085 3924; x_wconf 74' lang='grc' dir='ltr'><strong>ἐξ</strong></span> <span class='ocrx_word' id='word_1_359' title='bbox 1101 3857 1194 3916; x_wconf 72' lang='grc' dir='ltr'><strong>αὐτοῦ.</strong></span> <span class='ocrx_word' id='word_1_360' title='bbox 1228 3869 1280 3918; x_wconf 87' lang='lat' dir='ltr'><strong>llor</strong></span> <span class='ocrx_word' id='word_1_361' title='bbox 1305 3870 1377 3929; x_wconf 85' lang='lat' dir='ltr'><strong>idern,</strong></span> 
     </span>
     <span class='ocr_line' id='line_1_36' title="bbox 148 3917 1380 4014; baseline 0.008 -37"><span class='ocrx_word' id='word_1_362' title='bbox 148 3927 195 3978; x_wconf 75' lang='lat' dir='ltr'><strong>ud</strong></span> <span class='ocrx_word' id='word_1_363' title='bbox 205 3917 432 4010; x_wconf 53' lang='lat' dir='ltr'><strong>ypondqnopdr,</strong></span> <span class='ocrx_word' id='word_1_364' title='bbox 451 3925 518 4010; x_wconf 55' lang='lat' dir='ltr'><strong>npirg</strong></span> <span class='ocrx_word' id='word_1_365' title='bbox 535 3925 618 4012; x_wconf 54' lang='grc' dir='ltr'><strong>αὖτρς</strong></span> <span class='ocrx_word' id='word_1_366' title='bbox 634 3947 737 4012; x_wconf 64' lang='lat' dir='ltr'><strong>yrygr·</strong></span> <span class='ocrx_word' id='word_1_367' title='bbox 790 3936 895 4010; x_wconf 41' lang='lat' dir='ltr'><strong>cablon,</strong></span> <span class='ocrx_word' id='word_1_368' title='bbox 916 3944 938 3984; x_wconf 87' lang='lat' dir='ltr'><strong>et</strong></span> <span class='ocrx_word' id='word_1_369' title='bbox 963 3935 1067 4012; x_wconf 79' lang='lat' dir='ltr'><strong>Felolm.</strong></span> <span class='ocrx_word' id='word_1_370' title='bbox 1088 3935 1108 3984; x_wconf 92' lang='grc' dir='ltr'><strong>Ι.</strong></span> <span class='ocrx_word' id='word_1_371' title='bbox 1134 3927 1279 4014; x_wconf 58' lang='lat' dir='ltr'><strong>dubitavero.</strong></span> <span class='ocrx_word' id='word_1_372' title='bbox 1317 3937 1380 4012; x_wconf 73' lang='lat' dir='ltr'><strong>Editl</strong></span> 
     </span>
     <span class='ocr_line' id='line_1_37' title="bbox 145 3992 1379 4070; baseline 0.009 -27"><span class='ocrx_word' id='word_1_373' title='bbox 145 3998 226 4063; x_wconf 58' lang='lat' dir='ltr'><strong>nvp,</strong></span> <span class='ocrx_word' id='word_1_374' title='bbox 245 3992 293 4045; x_wconf 74' lang='lat' dir='ltr'><strong>sol</strong></span> <span class='ocrx_word' id='word_1_375' title='bbox 310 4012 445 4054; x_wconf 77' lang='grc' dir='ltr'><em>οπαππος</em></span> <span class='ocrx_word' id='word_1_376' title='bbox 452 4013 563 4065; x_wconf 70' lang='lat' dir='ltr'><strong>ywqoet</strong></span> <span class='ocrx_word' id='word_1_377' title='bbox 578 4015 648 4050; x_wconf 80' lang='grc' dir='ltr'><strong>οταν</strong></span> <span class='ocrx_word' id='word_1_378' title='bbox 658 4015 736 4064; x_wconf 73' lang='lat' dir='ltr'><strong>your.</strong></span> <span class='ocrx_word' id='word_1_379' title='bbox 790 3993 988 4050; x_wconf 62' lang='lat' dir='ltr'><strong>inurbanam.</strong></span> <span class='ocrx_word' id='word_1_380' title='bbox 1019 4003 1076 4051; x_wconf 85' lang='lat' dir='ltr'><strong>llud.</strong></span> <span class='ocrx_word' id='word_1_381' title='bbox 1096 4003 1194 4065; x_wconf 80' lang='lat' dir='ltr'><strong>Seguer.</strong></span> <span class='ocrx_word' id='word_1_382' title='bbox 1214 4017 1257 4052; x_wconf 81' lang='lat' dir='ltr'><strong>on</strong></span> <span class='ocrx_word' id='word_1_383' title='bbox 1275 3997 1309 4052; x_wconf 77' lang='grc' dir='ltr'><strong>τὰ</strong></span> <span class='ocrx_word' id='word_1_384' title='bbox 1327 4017 1379 4070; x_wconf 83' lang='grc' dir='ltr'><strong>φυ-</strong></span> 
     </span>
    </p>

    <p class='ocr_par' dir='ltr' id='par_1_7' title="bbox 146 4059 1379 4272">
     <span class='ocr_line' id='line_1_38' title="bbox 179 4059 1379 4138; baseline 0.005 -24"><span class='ocrx_word' id='word_1_385' title='bbox 179 4065 204 4114; x_wconf 93' lang='lat' dir='ltr'><strong>b.</strong></span> <span class='ocrx_word' id='word_1_386' title='bbox 222 4065 264 4115; x_wconf 87' lang='lat' dir='ltr'><strong>Sio</strong></span> <span class='ocrx_word' id='word_1_387' title='bbox 287 4068 388 4130; x_wconf 81' lang='lat' dir='ltr'><strong>Segner.</strong></span> <span class='ocrx_word' id='word_1_388' title='bbox 413 4068 511 4118; x_wconf 84' lang='lat' dir='ltr'><strong>Gobler.</strong></span> <span class='ocrx_word' id='word_1_389' title='bbox 544 4077 567 4118; x_wconf 88' lang='lat' dir='ltr'><strong>et</strong></span> <span class='ocrx_word' id='word_1_390' title='bbox 590 4068 695 4118; x_wconf 83' lang='lat' dir='ltr'><strong>Felalrm.</strong></span> <span class='ocrx_word' id='word_1_391' title='bbox 716 4069 737 4118; x_wconf 91' lang='lat' dir='ltr'><strong>l.</strong></span> <span class='ocrx_word' id='word_1_392' title='bbox 790 4079 832 4118; x_wconf 75' lang='lat' dir='ltr'><strong>oet</strong></span> <span class='ocrx_word' id='word_1_393' title='bbox 849 4065 929 4118; x_wconf 77' lang='grc' dir='ltr'><em>τέκνα</em></span> <span class='ocrx_word' id='word_1_394' title='bbox 947 4059 995 4118; x_wconf 75' lang='lat' dir='ltr'><strong>odat</strong></span> <span class='ocrx_word' id='word_1_395' title='bbox 1011 4061 1122 4126; x_wconf 70' lang='grc' dir='ltr'><strong>ἔξωθεν,</strong></span> <span class='ocrx_word' id='word_1_396' title='bbox 1142 4061 1201 4119; x_wconf 77' lang='grc' dir='ltr'><strong>ἀλλ’</strong></span> <span class='ocrx_word' id='word_1_397' title='bbox 1221 4064 1249 4122; x_wconf 78' lang='lat' dir='ltr'><strong>bt</strong></span> <span class='ocrx_word' id='word_1_398' title='bbox 1266 4070 1379 4138; x_wconf 72' lang='lat' dir='ltr'><strong>rairyo-</strong></span> 
     </span>
     <span class='ocr_line' id='line_1_39' title="bbox 146 4127 1378 4205; baseline 0.006 -25"><span class='ocrx_word' id='word_1_399' title='bbox 146 4134 174 4180; x_wconf 83' lang='lat' dir='ltr'><strong>tt</strong></span> <span class='ocrx_word' id='word_1_400' title='bbox 191 4131 263 4182; x_wconf 81' lang='lat' dir='ltr'><strong>Basil.</strong></span> <span class='ocrx_word' id='word_1_401' title='bbox 275 4134 332 4195; x_wconf 78' lang='lat' dir='ltr'><strong>fleg.</strong></span> <span class='ocrx_word' id='word_1_402' title='bbox 352 4141 375 4186; x_wconf 89' lang='lat' dir='ltr'><strong>et</strong></span> <span class='ocrx_word' id='word_1_403' title='bbox 388 4133 478 4198; x_wconf 80' lang='lat' dir='ltr'><strong>buglis.</strong></span> <span class='ocrx_word' id='word_1_404' title='bbox 493 4127 642 4201; x_wconf 66' lang='grc' dir='ltr'><strong>ἄνθρωπος</strong></span> <span class='ocrx_word' id='word_1_405' title='bbox 660 4127 675 4195; x_wconf 80' lang='grc' dir='ltr'><strong><em>ἢ</em></strong></span> <span class='ocrx_word' id='word_1_406' title='bbox 693 4129 739 4186; x_wconf 78' lang='grc' dir='ltr'><strong>καὶ</strong></span> <span class='ocrx_word' id='word_1_407' title='bbox 788 4133 866 4186; x_wconf 77' lang='grc' dir='ltr'><strong><em>νέων.</em></strong></span> <span class='ocrx_word' id='word_1_408' title='bbox 903 4137 964 4186; x_wconf 80' lang='lat' dir='ltr'><strong>Editi</strong></span> <span class='ocrx_word' id='word_1_409' title='bbox 990 4146 1014 4186; x_wconf 85' lang='lat' dir='ltr'><strong>et</strong></span> <span class='ocrx_word' id='word_1_410' title='bbox 1036 4139 1076 4188; x_wconf 82' lang='lat' dir='ltr'><strong>alii</strong></span> <span class='ocrx_word' id='word_1_411' title='bbox 1101 4129 1145 4186; x_wconf 77' lang='grc' dir='ltr'><strong>ὅτι</strong></span> <span class='ocrx_word' id='word_1_412' title='bbox 1162 4132 1197 4188; x_wconf 80' lang='grc' dir='ltr'><strong>τὰ</strong></span> <span class='ocrx_word' id='word_1_413' title='bbox 1214 4134 1318 4205; x_wconf 76' lang='grc' dir='ltr'><strong><em>φυσικὰ</em></strong></span> <span class='ocrx_word' id='word_1_414' title='bbox 1336 4133 1378 4188; x_wconf 77' lang='grc' dir='ltr'><strong>τέ·</strong></span> 
     </span>
     <span class='ocr_line' id='line_1_40' title="bbox 148 4190 1342 4272; baseline 0.009 -29"><span class='ocrx_word' id='word_1_415' title='bbox 148 4190 178 4244; x_wconf 75' lang='grc' dir='ltr'><strong>τό</strong></span> <span class='ocrx_word' id='word_1_416' title='bbox 196 4208 240 4248; x_wconf 76' lang='lat' dir='ltr'><strong>etr.</strong></span> <span class='ocrx_word' id='word_1_417' title='bbox 276 4201 339 4250; x_wconf 80' lang='lat' dir='ltr'><strong>Editi</strong></span> <span class='ocrx_word' id='word_1_418' title='bbox 357 4193 422 4267; x_wconf 71' lang='grc' dir='ltr'><strong>ἔλθῃ</strong></span> <span class='ocrx_word' id='word_1_419' title='bbox 439 4194 455 4250; x_wconf 81' lang='lat' dir='ltr'><strong>d</strong></span> <span class='ocrx_word' id='word_1_420' title='bbox 474 4193 631 4272; x_wconf 68' lang='grc' dir='ltr'><strong><em>ἄνθρωπος,</em></strong></span> <span class='ocrx_word' id='word_1_421' title='bbox 649 4195 738 4253; x_wconf 73' lang='grc' dir='ltr'><strong><em>καὶτὸ</em></strong></span> <span class='ocrx_word' id='word_1_422' title='bbox 789 4219 841 4253; x_wconf 71' lang='lat' dir='ltr'><strong>aru</strong></span> <span class='ocrx_word' id='word_1_423' title='bbox 858 4195 905 4253; x_wconf 71' lang='grc' dir='ltr'><strong>οὒκ</strong></span> <span class='ocrx_word' id='word_1_424' title='bbox 921 4197 1024 4261; x_wconf 72' lang='grc' dir='ltr'><strong><em>ἔξωθεν</em></strong></span> <span class='ocrx_word' id='word_1_425' title='bbox 1041 4195 1100 4254; x_wconf 68' lang='lat' dir='ltr'><strong>itt·</strong></span> <span class='ocrx_word' id='word_1_426' title='bbox 1120 4198 1149 4255; x_wconf 75' lang='lat' dir='ltr'><strong>br</strong></span> <span class='ocrx_word' id='word_1_427' title='bbox 1165 4204 1214 4254; x_wconf 83' lang='grc' dir='ltr'><strong>τοῦ</strong></span> <span class='ocrx_word' id='word_1_428' title='bbox 1231 4201 1342 4270; x_wconf 71' lang='grc' dir='ltr'><strong>γονέως.</strong></span> 
     </span>
    </p>
   </div>
   <div class='ocr_carea' id='block_1_3' title="bbox 148 4258 1379 4405">
    <p class='ocr_par' dir='ltr' id='par_1_8' title="bbox 148 4258 1379 4405">
     <span class='ocr_line' id='line_1_41' title="bbox 148 4258 1379 4405; baseline -0.011 -34"><span class='ocrx_word' id='word_1_429' title='bbox 148 4258 286 4384; x_wconf 62' lang='lat' dir='ltr'><strong>i&#39;ffi&#39;j,</strong></span> <span class='ocrx_word' id='word_1_430' title='bbox 305 4267 740 4405; x_wconf 52' lang='lat' dir='ltr'><strong>{i&#39;‘ss,{f⁸,2{{,·,1⁷2‘1}&#39;‘²,}&#39;,‘5„⁰2¹2&#39;3}2</strong></span> <span class='ocrx_word' id='word_1_431' title='bbox 825 4305 847 4358; x_wconf 81' lang='lat' dir='ltr'><strong>r.</strong></span> <span class='ocrx_word' id='word_1_432' title='bbox 866 4307 965 4370; x_wconf 65' lang='lat' dir='ltr'><strong>segne.</strong></span> <span class='ocrx_word' id='word_1_433' title='bbox 984 4307 1040 4369; x_wconf 63' lang='lat' dir='ltr'><strong>neg.</strong></span> <span class='ocrx_word' id='word_1_434' title='bbox 1060 4307 1158 4360; x_wconf 69' lang='lat' dir='ltr'><strong>enarer.</strong></span> <span class='ocrx_word' id='word_1_435' title='bbox 1168 4307 1273 4358; x_wconf 70' lang='lat' dir='ltr'><strong>aeream.</strong></span> <span class='ocrx_word' id='word_1_436' title='bbox 1287 4305 1308 4357; x_wconf 89' lang='lat'><strong>1.</strong></span> <span class='ocrx_word' id='word_1_437' title='bbox 1319 4315 1342 4357; x_wconf 71' lang='lat' dir='ltr'><strong>a</strong></span> <span class='ocrx_word' id='word_1_438' title='bbox 1355 4305 1379 4358; x_wconf 83' lang='lat'><strong>5.</strong></span> 
     </span>
    </p>
   </div>
   <div class='ocr_carea' id='block_1_4' title="bbox 14 4363 1051 4472">
    <p class='ocr_par' dir='ltr' id='par_1_9' title="bbox 14 4363 1051 4472">
     <span class='ocr_line' id='line_1_42' title="bbox 14 4363 1051 4472; baseline -0.026 -2"><span class='ocrx_word' id='word_1_439' title='bbox 14 4407 19 4472; x_wconf 76' lang='lat' dir='ltr'><strong>i</strong></span> <span class='ocrx_word' id='word_1_440' title='bbox 144 4409 190 4464; x_wconf 71' lang='lat' dir='ltr'><strong>ss·</strong></span> <span class='ocrx_word' id='word_1_441' title='bbox 227 4402 286 4451; x_wconf 83' lang='lat' dir='ltr'><strong>ltem</strong></span> <span class='ocrx_word' id='word_1_442' title='bbox 305 4403 362 4452; x_wconf 89' lang='lat' dir='ltr'><strong>ibid.</strong></span> <span class='ocrx_word' id='word_1_443' title='bbox 380 4406 591 4467; x_wconf 56' lang='lat' dir='ltr'><strong>Sequerdobler.</strong></span> <span class='ocrx_word' id='word_1_444' title='bbox 611 4416 635 4459; x_wconf 90' lang='lat' dir='ltr'><strong>et</strong></span> <span class='ocrx_word' id='word_1_445' title='bbox 652 4408 739 4458; x_wconf 80' lang='lat' dir='ltr'><strong>Felel-</strong></span> <span class='ocrx_word' id='word_1_446' title='bbox 790 4363 866 4428; x_wconf 56' lang='lat' dir='ltr'><strong>ms·</strong></span> <span class='ocrx_word' id='word_1_447' title='bbox 902 4375 964 4425; x_wconf 55' lang='grc' dir='ltr'><strong>ΕΜ</strong></span> <span class='ocrx_word' id='word_1_448' title='bbox 982 4365 1051 4429; x_wconf 62' lang='lat'><em>3²⁰5·</em></span> 
     </span>
    </p>
   </div>
   <div class='ocr_carea' id='block_1_5' title="bbox 14 4459 1379 4736">
    <p class='ocr_par' dir='ltr' id='par_1_10' title="bbox 14 4459 1379 4736">
     <span class='ocr_line' id='line_1_43' title="bbox 148 4459 1379 4542; baseline 0.006 -27"><span class='ocrx_word' id='word_1_449' title='bbox 148 4477 211 4542; x_wconf 65' lang='lat' dir='ltr'><strong>mss.</strong></span> <span class='ocrx_word' id='word_1_450' title='bbox 225 4468 246 4518; x_wconf 93' lang='lat' dir='ltr'><strong>l.</strong></span> <span class='ocrx_word' id='word_1_451' title='bbox 270 4459 465 4536; x_wconf 59' lang='lat' dir='ltr'><strong>temporina»</strong></span> <span class='ocrx_word' id='word_1_452' title='bbox 488 4473 524 4534; x_wconf 75' lang='grc' dir='ltr'><strong>τῆ</strong></span> <span class='ocrx_word' id='word_1_453' title='bbox 547 4466 639 4539; x_wconf 77' lang='grc' dir='ltr'><strong><em>φύσει.</em></strong></span> <span class='ocrx_word' id='word_1_454' title='bbox 676 4475 738 4526; x_wconf 78' lang='lat' dir='ltr'><strong>Editl</strong></span> <span class='ocrx_word' id='word_1_455' title='bbox 824 4475 841 4524; x_wconf 92' lang='lat' dir='ltr'><strong>l.</strong></span> <span class='ocrx_word' id='word_1_456' title='bbox 860 4475 900 4526; x_wconf 83' lang='lat' dir='ltr'><strong>Sia</strong></span> <span class='ocrx_word' id='word_1_457' title='bbox 918 4473 1058 4538; x_wconf 74' lang='lat' dir='ltr'><strong>segestina.</strong></span> <span class='ocrx_word' id='word_1_458' title='bbox 1077 4475 1175 4525; x_wconf 82' lang='lat' dir='ltr'><strong>Gobler.</strong></span> <span class='ocrx_word' id='word_1_459' title='bbox 1194 4482 1217 4524; x_wconf 87' lang='lat' dir='ltr'><strong>et</strong></span> <span class='ocrx_word' id='word_1_460' title='bbox 1234 4473 1340 4524; x_wconf 79' lang='lat' dir='ltr'><strong>Felelrm.</strong></span> <span class='ocrx_word' id='word_1_461' title='bbox 1356 4475 1379 4522; x_wconf 93' lang='lat'><strong>1.</strong></span> 
     </span>
     <span class='ocr_line' id='line_1_44' title="bbox 14 4531 1290 4736; baseline -0.002 -144"><span class='ocrx_word' id='word_1_462' title='bbox 14 4599 17 4736; x_wconf 72' lang='grc' dir='ltr'>Ι</span> <span class='ocrx_word' id='word_1_463' title='bbox 149 4531 361 4596; x_wconf 60' lang='lat' dir='ltr'><strong>“remedietur</strong></span> <span class='ocrx_word' id='word_1_464' title='bbox 790 4542 835 4592; x_wconf 78' lang='lat' dir='ltr'><strong>Alit</strong></span> <span class='ocrx_word' id='word_1_465' title='bbox 853 4551 932 4592; x_wconf 78' lang='lat' dir='ltr'><strong>antem</strong></span> <span class='ocrx_word' id='word_1_466' title='bbox 950 4550 974 4592; x_wconf 81' lang='lat' dir='ltr'><strong>ot</strong></span> <span class='ocrx_word' id='word_1_467' title='bbox 992 4543 1048 4593; x_wconf 72' lang='lat' dir='ltr'><strong>editi</strong></span> <span class='ocrx_word' id='word_1_468' title='bbox 1066 4533 1095 4590; x_wconf 77' lang='grc' dir='ltr'><strong>ἐκ</strong></span> <span class='ocrx_word' id='word_1_469' title='bbox 1114 4537 1162 4589; x_wconf 80' lang='grc' dir='ltr'><strong>τοῦ</strong></span> <span class='ocrx_word' id='word_1_470' title='bbox 1178 4533 1290 4606; x_wconf 68' lang='grc' dir='ltr'><strong>πατρός.</strong></span> 
     </span>
    </p>
   </div>
   <div class='ocr_carea' id='block_1_6' title="bbox 0 0 1626 5272">
    <p class='ocr_par' dir='ltr' id='par_1_11' title="bbox 0 0 1626 5272">
     <span class='ocr_line' id='line_1_45' title="bbox 0 0 1626 5272; baseline 0 0"><span class='ocrx_word' id='word_1_471' title='bbox 0 0 1626 5272; x_wconf 95' lang='lat' dir='ltr'><strong> </strong></span> 
     </span>
    </p>
   </div>
  </div>
 </body>
</html>
