3176 5304
211 379 250 440 14
608 391 806 446 snrsmssn
818 391 1043 438 οιτοιινιιοοιι

123 541 343 616 αιτιΡαιτοοι,
365 562 432 606 enne
453 544 594 622 refertor
615 542 655 606 od
675 541 793 620 Filium.
835 542 882 605 oc
904 559 975 606 roes
996 533 1151 625 ἀγινήτου
1173 542 1298 606 disserit
1316 563 1434 628 qnoque

211 645 299 707 Orci.
315 643 341 706 1.
365 657 474 720 contro
495 642 657 719 Λήιτον)
678 653 709 705 et
729 648 762 704 in
784 642 913 722 epistoio
935 645 970 705 de
984 641 1113 722 Synodis
1129 643 1261 706 Arimini
1281 655 1310 707 et
1324 643 1439 708 Scim-

197 744 309 822 .eioo²),
331 748 366 806 in
385 761 444 824 ηνο
467 747 549 805 circo
569 743 660 823 finem
678 742 782 805 iocum
803 744 898 824 offert
917 743 1064 822 epistolae
1085 742 1116 805 S.
1139 743 1253 823 ipriotii
1272 746 1312 808 od
1332 743 1434 825 tipic-

209 850 270 914 sios
299 844 476 914 scribentis,
505 843 668 904 Dominum
692 862 757 905 esse
785 843 877 904 simoi
912 838 1046 926 γενητόν
1078 845 1187 908 iscium
1215 857 1245 908 st
1277 835 1433 929 ἀγένητον

207 946 407 1010 non-iscium.
452 941 582 1016 Scilicet,
606 954 641 1005 set
663 943 794 1022 explicat
808 942 839 1002 S.
855 943 986 1016 Doctor,
1009 944 1157 1008 dominos
1179 941 1312 1030 γενητός
1332 945 1432 1008 saccus

208 1046 330 1114 dicitnr,
348 1054 496 1124 qnatenus
508 1043 603 1116 horno,
616 1055 646 1106 et
660 1034 815 1127 ἀγένητος
830 1045 1016 1118 noo-iactus,
1032 1057 1178 1126 qnatenus
1193 1047 1286 1110 Dens.
1320 1046 1433 1110 isicem

180 1205 186 1216 ,
208 1162 323 1226 quoqne
337 1161 401 1206 non
415 1157 513 1222 nepot,
536 1143 656 1228 olipnos
665 1156 737 1226 post
749 1144 901 1224 Ipnotinoe
912 1145 1060 1208 Doctores
1070 1147 1170 1209 scion
1180 1147 1302 1210 Pon-em
1316 1148 1433 1210 dimisse

208 1237 1433 1330 dyirpcornon-iaotum:otrsspondeteositoioontos,nonpnodFilinmysrp-

135 1361 137 1364 ·
207 1341 264 1410 τόν
287 1347 395 1406 iactum
413 1357 571 1426 potarent,
594 1347 646 1407 sed
666 1357 701 1407 nt
713 1345 834 1407 Patrem
856 1345 974 1408 nnllam
996 1352 1047 1408 sni
1060 1366 1182 1409 consorn
1193 1347 1433 1427 dooerssipnifi-

199 1457 323 1526 carent,
346 1465 467 1526 esseque
483 1446 606 1508 Potreon
627 1449 799 1526 sapientiae,
820 1464 879 1526 per
900 1464 989 1528 ηιιοοι
1013 1451 1113 1508 omnio
1126 1444 1244 1531 γενητά
1258 1449 1332 1510 iaco
1346 1449 1430 1527 [ecit.

291 1547 352 1608 vti.
397 1546 448 1630 Ero
475 1546 521 1608 nis
547 1563 647 1626 porro
675 1545 801 1626 oliispne
831 1548 918 1624 infra
940 1548 980 1608 od
1000 1566 1082 1609 nnnc.
1099 1550 1150 1612 28.
1174 1549 1304 1611 dicendis
1327 1547 1432 1628 iiqnet,

208 1639 363 1730 ἀγένητον
386 1647 539 1726 lependnm
562 1663 718 1717 essenon
741 1664 813 1709 cero
837 1637 1020 1730 ἀγέννητον.
1058 1647 1136 1708 Nom
1157 1638 1312 1731 ἀγένητον
1334 1648 1455 1710 stim

206 1752 313 1812 nosins
335 1764 453 1827 semper
474 1751 599 1831 opponit
619 1745 667 1828 τῷ
689 1745 821 1830 γενητῷ.
867 1750 906 1809 At
927 1739 1100 1830 ἀγέννητον
1122 1749 1273 1829 sipnificot
1293 1765 1430 1826 noo-ge·

208 1857 280 1922 tom,
304 1834 526 1927 opponitnrpne
546 1845 594 1929 τῷ
608 1846 750 1930 γεννητῷ
773 1848 883 1926 genito,
907 1866 964 1928 ηιιο
987 1867 1060 1910 sone
1081 1850 1169 1912 modo
1185 1867 1292 1911 vernos
1307 1857 1361 1920 est,
1378 1865 1433 1910 so-

207 1947 269 2010 insn
290 1947 412 2010 Patrem
433 1965 496 2008 esse
518 1937 700 2031 ἀγέννητον,
724 1959 753 2008 et
776 1948 886 2010 Filinns
905 1945 1057 2031 γεννητόν
1079 1958 1245 2028 orporea
1268 1947 1359 2010 Potre
1380 1965 1433 2026 ςι-

70 2059 72 2064 ’
205 2053 311 2120 ναίιιινι,
334 2051 382 2111 nti
402 2047 572 2124 inspienter
593 2049 679 2112 docet
700 2049 732 2110 S.
756 2047 887 2110 ioannes
903 2048 1107 2111 Iicmosccnns
1130 2049 1180 2112 lii.
1193 2048 1219 2110 1.
1244 2047 1434 2110 orthodonos

104 2133 107 2138 ¹
205 2150 278 2229 fidei
298 2167 364 2229 cop.
380 2149 411 2212 9.
435 2149 481 2209 liis
504 2149 622 2210 cerdis:
643 2144 703 2231 χρὴ
724 2145 786 2231 γὰρ
803 2144 933 2225 εἰδέναι,
958 2141 1012 2212 ότι
1025 2143 1065 2210 τὸ
1081 2140 1235 2231 ἀγένητον
1258 2137 1299 2210 δι’
1324 2143 1430 2222 ἑνὸςν

196 2246 413 2335 γραφόμενον
433 2246 472 2312 τό
488 2241 643 2312 ἀκτιστον
657 2245 735 2333 ἤτοι
747 2244 791 2334 μὴ
807 2244 981 2331 γενόμενον
997 2252 1159 2332 σημαίνει.
1190 2243 1230 2311 τό
1245 2245 1282 2311 δὲ
1296 2239 1431 2332 ἀγέννη-

205 2371 263 2414 τον
285 2345 342 2414 όιὰ
362 2349 429 2414 τῶν
450 2345 508 2412 doio
524 2373 560 2413 νν
574 2345 783 2434 γραφόμενον
800 2347 895 2434 δηλοῖ
909 2344 947 2412 τὸ
961 2345 1007 2434 μὴ
1021 2351 1179 2432 γεννηθέν
1197 2395 1330 2412 .......
1347 2343 1431 2413 κατὰ

205 2451 266 2536 μὲν
293 2438 350 2515 σόν
369 2445 411 2518 ,τό
432 2451 567 2534 πρῶτον
589 2445 829 2534 σημαινόμενον
850 2450 1064 2515 κοινωνοῦσιν
1087 2447 1123 2512 αἱ
1148 2457 1238 2533 τρεῖς
1258 2449 1316 2533 τῆς
1336 2441 1432 2532 ἆγίας

205 2548 368 2637 θεότητος
388 2545 553 2634 ότιέρόεσι
567 2539 785 2626 ότισστόσοις·
807 2544 984 2633 όμοοόσιοι
1002 2547 1063 2634 γὰρ
1083 2549 1137 2614 καὶ
1159 2546 1309 2615 ἀντιστοι
1322 2543 1431 2634 ἀντάρ-

204 2674 309 2734 χονσα
346 2649 430 2717 κατὰ
451 2650 487 2716 δὲ
509 2649 548 2715 τό
570 2648 721 2735 δεύτερον
743 2649 983 2736 σημαινόμενον
1006 2644 1168 2733 οὐδαμῶς.
1205 2647 1307 2734 μόνος
1326 2643 1430 2734 γὰρό
1466 2665 1478 2686 “

206 2751 316 2838 πατὴρ
333 2745 521 2836 ἀγέννητσς·
538 2748 652 2836 οὐγὰρ
669 2749 705 2830 ἐξ
719 2750 833 2836 ἑτέρας
848 2747 937 2817 ἐστὶν
953 2744 1041 2838 αὕτη]
1057 2745 1273 2828 ὑποστάσεως
1283 2748 1323 2814 τὸ
1334 2743 1429 2816 εἶναι.

208 2856 245 2918 Id
266 2868 327 2920 est:
351 2854 508 2918 Sciendum
532 2862 578 2916 est
599 2874 703 2916 vocem
725 2845 879 2940 ἀγένητον
901 2873 957 2935 por
971 2853 1430 2934 cnumosoriptamsignifiearc

208 2958 287 3039 quod
308 2957 469 3019 increatum
492 2962 548 3029 est,
572 2955 633 3017 sive
655 2955 735 3035 quod
757 2975 817 3016 non
841 2958 1026 3018 estfactum.
1069 2956 1107 3018 At
1120 2975 1177 3018 vos
1189 2947 1362 3038 ἀγέννητον
1376 2971 1432 3033 por

208 3059 266 3120 duo
288 3081 324 3122 νν
347 3059 457 3138 scripta
479 3057 634 3136 significat,
657 3057 736 3135 quod
759 3075 820 3118 non
843 3065 889 3117 est
909 3057 1041 3134 genitum
1058 3101 1170 3118 ......
1187 3055 1228 3116 Ea
1244 3073 1299 3116 vox
1321 3072 1430 3116 seorsu-

207 3160 276 3222 dum
305 3161 430 3238 primam
462 3154 705 3238 significationom
734 3154 900 3217 communis
930 3163 977 3214 ost
1005 3153 1100 3214 tribus
1124 3162 1244 3214 sanotae
1266 3154 1430 3216 divinitatis

206 3258 415 3336 hypostasibus
437 3258 646 3320 divinissimis:
668 3275 736 3318 nam
759 3251 1025 3317 consubstantiales
1048 3260 1118 3312 suoi
1138 3259 1168 3311 et
1188 3251 1353 3328 increatam
1376 3253 1433 3316 ssd

207 3359 285 3418 iuxta
308 3355 468 3417 secundam
492 3355 737 3431 significationem
759 3373 819 3414 non
842 3361 890 3414 ssi
911 3351 1093 3426 communis3
1116 3350 1263 3430 siquidem
1278 3351 1359 3414 solus
1369 3352 1430 3414 Po-

172 3490 180 3498 -
207 3467 254 3520 ter
275 3465 322 3518 est
344 3447 516 3536 ἀγέννητος
537 3455 752 3530 non-penitus,
781 3451 890 3530 quippe
913 3449 964 3529 qui
986 3469 1046 3512 non
1069 3451 1109 3514 sit
1130 3471 1166 3514 ox
1188 3451 1243 3514 olio
1266 3452 1430 3532 hypostasi.

207 3557 317 3622 Eodsrn
339 3553 460 3618 totidem
482 3553 583 3614 seriis
606 3561 731 3614 crotoni
751 3553 784 3612 in
808 3551 886 3614 iiico
910 3551 944 3612 de
966 3549 999 3612 S.
1019 3551 1166 3618 i'rinirote
1188 3573 1252 3634 cop.
1269 3555 1299 3620 8.
1321 3558 1355 3616 in
1368 3553 1431 3633 fine

208 3661 238 3724 6.
263 3656 346 3718 Tomi
366 3671 491 3735 opernm
513 3649 546 3712 S.
572 3651 681 3730 Gpriili
701 3651 914 3714 Alexandrini.
943 3727 948 3734 Ι

291 3755 365 3818 vni.
414 3751 536 3815 Videtur
564 3761 662 3814 tomen
692 3755 824 3833 ontipnis
854 3755 1056 3833 scriptoribus
1079 3759 1182 3834 ipnoto
1202 3758 1300 3835 [nisse
1322 3756 1431 3820 inins-

206 3859 289 3922 enodi
309 3857 474 3920 distinctio.
519 3853 652 3934 Nornpne
670 3853 771 3916 Cicero
797 3853 956 3917 Toscnlon.
976 3853 1033 3931 1³)
1054 3849 1094 3918 τό
1116 3845 1271 3940 ἀγέννητον
1293 3862 1386 3922 vertit
1400 3856 1429 3918 id

207 3957 292 4020 ouius
315 3956 396 4017 nulls
417 3964 465 4017 ost
486 3955 588 4036 origo,
609 3967 640 4020 st
660 3955 739 4035 quod
761 3973 821 4018 non
844 3955 940 4018 oritur
961 3956 1005 4017 vel
1026 3957 1172 4020 nascitur:
1194 3962 1239 4021 sio
1261 3962 1337 4020 ensin
1359 3957 1431 4020 denec

209 4058 349 4122 Plotonis
379 4061 412 4118 in
434 4055 573 4120 Pkoedro
595 4060 689 4120 cerdo
710 4058 810 4121 reddit
831 4049 912 4142 ἀργὴ
928 4055 964 4121 δὲ
980 4049 1149 4142 ἀγένητον,
1176 4057 1314 4137 principii
1333 4067 1430 4120 autem

208 4159 288 4222 nolis
318 4165 366 4219 oso
386 4156 486 4235 origo:
516 4151 631 4240 ἐπειδὴ
653 4155 690 4220 δὲ
710 4149 866 4246 ἀγένητόν
886 4155 975 4234 ἐστι,
1002 4160 1082 4236 quod
1105 4159 1131 4220 si
1152 4143 1298 4234 nusquam
1319 4156 1429 4220 oritur:

208 4253 244 4336 έξ
257 4250 397 4342 ἀνάγκης
410 4249 566 4340 ἀγένητόν
580 4277 616 4320 τι
636 4254 690 4320 καὶ
706 4247 878 4322 ἀθάνατον
892 4253 981 4340 ψυχὴ
997 4249 1037 4320 όν
1053 4255 1113 4340 εἴη,
1136 4263 1239 4318 natum
1261 4255 1352 4318 animi
1372 4273 1429 4318 ne-

170 4429 174 4436 ,
207 4367 354 4438 quossis
375 4366 455 4419 corte
477 4366 534 4431 est,
557 4365 587 4419 et
607 4363 727 4419 osterna
749 4367 803 4420 ost.
850 4356 958 4419 Vernos
979 4374 1033 4418 nec
1047 4355 1097 4417 iiii
1109 4359 1199 4418 etism
1213 4357 1357 4420 videntur
1368 4371 1430 4434 po-

275 4509 301 4576 i)
319 4525 385 4562 nom.
404 4507 513 4571 soseqq.
548 4509 589 4560 id.
609 4509 678 4557 inire.
782 4508 808 4571 2)
827 4521 891 4558 oum.
910 4505 951 4556 47.
986 4507 1049 4572 opp.
1068 4507 1106 4558 sd.
1125 4506 1182 4559 Beo.
1201 4507 1269 4559 Tem.
1288 4506 1306 4557 l.
1325 4505 1429 4556 Porsil.

205 4595 231 4645 p.
249 4579 307 4632 toi.
393 4577 419 4638 3)
437 4592 457 4626 c.
476 4574 518 4626 ²³.
536 4577 577 4626 eii.
595 4577 654 4626 Pisi.
674 4573 775 4624 Pisedr.
793 4591 819 4640 p.
837 4573 894 4625 245.
914 4573 953 4626 ed.
971 4575 1055 4640 Steph.
