3212 5272
414 323 562 368 caterona
576 323 615 367 oa
630 321 773 368 oaonnms
787 323 932 368 nicomas
947 323 1063 369 smoor.
1313 311 1352 373 77

152 475 195 546 nit
212 473 312 554 spernit
333 483 366 536 et
387 475 520 538 Patrem.
565 473 695 553 Namque
716 473 814 554 primo
836 473 951 536 etiamsi
964 473 1058 537 Deum
1073 473 1113 536 ita
1130 474 1438 555 appellaverintraas.

148 591 196 636 noo
219 574 283 636 inde
310 583 414 637 umen
447 573 603 637 conficitur
623 573 751 637 Verbum
780 593 816 637 ex
842 575 925 638 iactis
954 573 1045 636 rebus
1078 593 1156 638 esse.
1203 576 1241 638 Ut
1272 577 1351 640 enim

144 677 195 754 poe
212 677 284 738 totns
306 685 356 738 est
379 675 568 738 substantiae
588 673 696 746 Patris.
719 677 764 738 sic
785 675 861 756 apud
882 675 964 738 iilum
986 683 1132 755 perpetuo
1154 675 1261 742 existit.
1291 677 1353 740 Nec

141 775 203 837 arina
222 775 277 837 boo
298 795 416 839 nomen
440 785 573 840 naturam
595 775 661 838 biiii
682 776 824 851 destruit,
846 795 942 855 neqom
963 792 1021 836 vox
1043 774 1100 838 ista
1122 777 1281 838 non-docti
1301 795 1351 840 re·

138 878 216 938 testor
233 877 269 938 ad
291 877 424 953 Filium,
448 878 502 940 aed
525 878 563 939 ad
585 895 634 951 ea,
663 895 739 957 quae
759 895 814 958 por
834 875 940 940 Filium
964 877 1038 938 iacta
1061 883 1141 937 sunt.
1185 875 1227 938 Ac
1247 894 1353 956 quom

136 977 273 1040 admodum
297 979 352 1058 qui
375 978 572 1040 architectum
593 978 700 1039 domus
722 976 768 1039 vel
789 977 874 1040 urbis
899 976 1117 1039 aedificatorem
1132 977 1269 1058 appellnt,
1292 995 1352 1042 non

135 1078 287 1140 itiusmodi
311 1078 462 1140 vocabolo
484 1077 577 1140 fitium
599 1096 634 1140 ex
655 1077 722 1158 ipso
744 1077 873 1158 genitum
896 1077 1129 1158 comprehendit,
1153 1078 1206 1139 sed
1223 1077 1282 1140 bec
1296 1096 1353 1140 no·

134 1177 212 1252 nine,
239 1180 323 1259 quod
354 1180 478 1260 quidem
505 1179 547 1242 itti
575 1179 613 1241 ob
643 1197 726 1242 suam
754 1179 785 1241 in
813 1178 954 1241 aedificiis
976 1179 1185 1246 construendis
1207 1185 1302 1240 artem
1323 1186 1355 1242 ot

131 1280 270 1342 edendam
293 1280 451 1355 tribuitur,
473 1280 619 1360 significat
640 1299 708 1342 enm
729 1279 855 1343 similem
879 1297 938 1341 noo
961 1279 1108 1353 eusebis,
1130 1297 1205 1358 quoe
1226 1278 1263 1341 ob
1286 1279 1353 1360 ipso

130 1380 193 1442 iacta
220 1391 307 1456 sont,
342 1399 416 1444 coam
446 1390 543 1443 antem
571 1381 723 1444 architecti
750 1390 885 1442 naturam
912 1379 990 1444 idem
1017 1398 1079 1442 non
1106 1381 1238 1460 ignoret,
1270 1381 1355 1442 norit

130 1499 232 1560 tpcqne
254 1499 337 1556 oum,
361 1482 416 1560 qui
439 1499 475 1543 ex
496 1481 546 1544 illo
567 1481 684 1562 genitus
704 1489 761 1556 est,
783 1481 873 1544 atium
896 1483 1018 1545 omnino
1041 1500 1109 1544 esse
1130 1480 1166 1544 ab
1187 1480 1245 1542 illis
1267 1481 1351 1544 aedi·

130 1581 205 1654 tois,
226 1601 261 1645 ec
280 1581 418 1662 proinde
438 1589 560 1662 propter
581 1581 674 1645 fliium
696 1583 794 1664 ipsum
815 1592 928 1664 patrem
950 1591 1044 1657 vocat,
1067 1592 1097 1646 et
1117 1590 1240 1663 propter
1261 1601 1353 1662 opera

130 1691 284 1744 oratorem
307 1692 340 1746 et
364 1684 555 1756 effectorem
583 1685 691 1746 eodem
718 1683 805 1764 piane
826 1685 930 1758 modo,
959 1685 1009 1765 qui
1030 1684 1124 1746 Deum
1151 1685 1353 1746 non-iactum

131 1781 204 1858 dicit,
224 1803 260 1846 ox
281 1784 364 1865 ipsis
389 1783 532 1864 operibus
555 1803 622 1847 enm
644 1783 684 1848 ita
700 1785 833 1848 nominat
846 1785 1059 1865 significatque,
1082 1783 1165 1846 itlom
1181 1800 1242 1844 non
1258 1783 1354 1844 solnm

131 1899 190 1944 non
210 1903 273 1947 osse
293 1887 421 1958 iactum,
446 1885 500 1946 sed
522 1885 622 1964 potios
644 1903 743 1948 rerum
766 1887 908 1948 tactorum
930 1893 1080 1947 auctorem
1103 1903 1182 1948 esse.
1202 1918 1206 1932 .
1226 1882 1356 1946 Verbum

133 1991 224 2046 antem
244 1985 322 2048 aliud
347 2004 366 2047 a
388 1985 475 2047 iactis
497 1985 587 2048 rebus
609 2003 678 2048 esse
699 1986 778 2048 idem
799 1985 890 2062 nent,
914 1985 1070 2065 solumque
1087 1986 1240 2065 proprium
1256 1983 1354 2046 Patris

130 2085 217 2146 rotomo
236 2105 315 2161 esse,
341 2105 400 2167 por
421 2105 511 2166 quem
533 2087 620 2148 etiam
642 2087 741 2149 omnia
762 2087 838 2150 dacto
860 2095 929 2150 sunt
949 2107 984 2150 ac
1005 2085 1182 2150 consistunt.

216 2490 269 2554 30.
312 2489 370 2553 Nec
390 2490 471 2552 enim
493 2488 552 2569 ipsi
575 2505 693 2568 quoquo
713 2489 891 2569 prophetae,
921 2488 971 2568 qui
999 2488 1092 2550 Deum
1121 2490 1355 2569 omnipotentem

137 2586 329 2665 appellabant,
348 2609 414 2654 enm
434 2592 494 2653 boc
515 2589 697 2652 exornabant
717 2590 848 2664 nominc,
870 2597 904 2651 ιιι
923 2589 1096 2664 indicarent,
1119 2589 1246 2652 Verbum
1261 2605 1355 2652 unum

142 2701 213 2744 esse
233 2703 268 2746 ca
290 2690 438 2766 omnibns3
470 2693 580 2770 quippo
607 2691 758 2753 comitiis
785 2698 975 2772 perspectum
1003 2697 1099 2764 esset,
1131 2690 1235 2752 Filium
1265 2689 1440 2754 aliumnaoo.

147 2801 216 2846 ease
238 2801 254 2844 a
275 2786 352 2848 iactis
369 2790 471 2865 rebus,
500 2809 627 2871 eumque
657 2791 695 2853 ob
724 2809 808 2853 suom
836 2809 902 2853 cnm
924 2791 1011 2852 Patre
1039 2790 1262 2854 similitudinem
1285 2807 1353 2851 om-

148 2883 233 2944 nium
256 2903 364 2966 quoque
384 2907 448 2952 esee
468 2891 635 2966 dominom3
658 2892 712 2954 sed
733 2892 800 2970 quia
823 2891 965 2964 omnium,
988 2909 1063 2970 qnae
1085 2909 1140 2968 per
1154 2889 1260 2950 Filium
1277 2889 1355 2962 tecit,

152 2983 217 3062 ipse
239 2985 364 3051 dominns
385 3000 430 3052 eet
449 3011 610 3072 eorumque
631 2999 809 3072 potestatem
824 2992 900 3054 Filio
921 2991 1012 3063 dedit,
1035 3009 1094 3069 quo
1115 2990 1182 3050 date
1204 2990 1269 3068 ipso
1287 3007 1356 3054 mnr-

152 3099 204 3145 sns
225 3087 348 3152 omnibns
368 3111 424 3172 per
445 3092 573 3156 Verbum
600 3092 780 3156 dominatur.
824 3093 964 3154 Similiter
990 3091 1084 3152 Deum
1113 3089 1266 3154 dominum
1294 3089 1356 3152 vir-

147 3192 236 3248 tutum
257 3189 365 3265 dinero,
398 3211 462 3255 non
489 3194 558 3272 qnia
579 3193 709 3255 Verbum
736 3211 793 3254 uno
823 3193 910 3255 etiam
939 3202 1019 3256 esset
1046 3210 1081 3254 ex
1110 3193 1168 3255 illis
1189 3191 1356 3265 virtutibus,

142 3287 192 3347 aet
210 3290 278 3368 qnia
298 3301 329 3353 et
348 3293 416 3354 Filii
437 3301 521 3372 pater
543 3301 573 3355 et
592 3295 733 3356 virtutum
760 3311 815 3374 per
834 3293 940 3356 Filium
970 3295 1109 3356 tectarum
1138 3294 1277 3356 dominns
1300 3301 1356 3354 est.

139 3385 205 3449 Nam
227 3399 259 3452 et
280 3392 382 3471 ipsum
403 3393 489 3478 etipm
510 3393 648 3467 Verbum,
670 3395 751 3473 quod
772 3402 820 3456 est
840 3394 990 3467 inmane,
1016 3395 1122 3456 borum
1144 3395 1277 3456 omnium
1299 3394 1356 3453 do·

135 3489 230 3552 minos
257 3499 305 3554 est
327 3491 486 3571 omniaque
505 3493 594 3557 babet
614 3494 645 3555 in
667 3502 830 3572 potestate,
852 3494 1088 3574 quandoquidem
1110 3495 1175 3557 Filii
1198 3503 1268 3556 sunt
1289 3511 1356 3554 om·
1489 3509 1497 3524 ·

133 3590 195 3665 nia,
226 3611 304 3672 quae
324 3592 412 3655 Pater
432 3591 529 3657 babet
573 3595 614 3656 Ut
640 3594 730 3673 igitur
756 3594 805 3656 bic
831 3603 876 3656 est
903 3593 1017 3656 illarum
1050 3596 1212 3657 dictionum
1236 3611 1356 3664 sensus,

132 3690 174 3751 sic
194 3693 246 3771 qni
269 3691 364 3754 Deum
385 3695 574 3756 non-dootum
596 3695 678 3775 cupit
698 3695 812 3770 dicere,
836 3694 913 3757 dicat
935 3713 1016 3768 sane,
1040 3695 1066 3755 si
1088 3711 1214 3772 prorsus
1236 3694 1276 3755 ito
1297 3693 1355 3773 ipsi

131 3789 262 3868 ridetur3
287 3811 387 3856 rernm
410 3813 471 3856 non
493 3815 530 3858 eo
545 3803 644 3858 utatur
657 3797 788 3870 nomine,
810 3807 844 3858 nt
865 3793 1011 3873 significet
1025 3791 1153 3855 Verbum
1171 3793 1258 3856 rebus
1272 3793 1356 3855 iactis

130 3894 385 3956 annumerandum
407 3913 492 3968 esee,
525 3897 579 3959 sed
600 3897 668 3976 qnia
689 3895 786 3970 Deus,
815 3904 961 3972 utsupra
984 3893 1059 3961 dixi.
1089 3911 1148 3954 non
1177 3895 1274 3955 solum
1297 3912 1357 3954 non

131 4000 175 4054 est
194 3995 310 4067 damus,
338 3995 392 4056 sed
421 4003 451 4056 et
471 4015 571 4058 rerum
593 3997 734 4058 doctorum
756 4013 811 4074 per
831 3993 985 4074 proprium
1008 3993 1135 4056 Verbum
1156 3996 1279 4057 etioctor
1303 4001 1357 4055 est.

129 4089 260 4173 Namque
284 4093 373 4156 etiam
402 4113 469 4158 eom
496 4096 562 4158 tolie
585 4097 693 4158 dicitnr
712 4096 815 4170 Pater,
844 4093 1037 4158 nibilominus
1059 4095 1187 4158 Verbum
1211 4105 1241 4158 et
1261 4094 1358 4172 imago

129 4189 223 4256 Patris
247 4203 280 4256 et
301 4194 400 4256 eidem
423 4195 676 4260 consubstantiale
697 4204 757 4272 est,
786 4213 821 4259 oc
846 4195 972 4276 proinde
1000 4215 1067 4261 cum
1096 4196 1160 4258 eius
1189 4195 1230 4258 sit
1251 4195 1358 4271 imago,
1424 4182 1438 4234 ¹·

131 4443 243 4566 Ιῦιῖὃὲἰι
261 4446 323 4508 tteq.
361 4443 391 4495 bt
414 4443 455 4496 atii
479 4455 503 4499 et
525 4448 582 4498 editi
606 4442 651 4498 eoi
667 4441 722 4515 reip
808 4463 834 4532 e.⁴
848 4450 904 4514 ttess.
923 4443 955 4501 ad
974 4439 1265 4512 caracterizante.
