3250 5292
605 349 713 413 oiarao
728 367 761 411 n.
777 368 893 412 cosma
907 339 1047 412 moos,-
1369 357 1431 418 455

207 534 263 580 suo
285 515 406 578 nomine
433 524 563 594 crpatm
592 533 663 578 esse
695 517 890 596 significaret,
924 517 1030 580 eodem
1062 515 1151 596 plane
1181 517 1272 581 modo
1300 519 1379 583 iuxta
1402 521 1433 582 id
1442 537 1523 582 naar.

206 615 332 696 exempli
353 615 412 690 bis,
434 615 484 695 qui
506 616 691 695 sapientiam,
714 635 790 696 quaa
812 617 842 678 in
862 617 953 680 robus
975 617 1081 678 creatis
1103 616 1218 693 existit,
1239 619 1436 696 admirantur,

206 715 370 796 rmpondet
390 735 460 778 vera
488 716 656 798 Sapientia:
688 718 838 783 llomisua
862 721 976 780 craaoit
998 734 1044 778 rrae
1065 722 1098 780 ia
1121 736 1224 798 opera.
1266 721 1333 784 Mea
1352 723 1438 784 euim

205 817 299 897 figura
321 817 353 880 in
373 817 434 880 ibis
456 825 513 891 est,
536 825 567 880 et
587 835 643 898 eqo
665 817 709 880 sio
730 835 780 879 mo
800 817 837 880 ad
859 834 909 878 ras
931 815 1101 878 diciondas
1124 822 1354 885 accommodavi,
1399 869 1408 896 ,

292 919 344 984 au.
386 915 448 980 Nec
467 936 539 979 vero
567 917 676 980 rubum
703 915 852 988 videatur,
886 915 914 977 si
939 914 1032 979 ribus
1061 917 1097 978 de
1112 915 1174 980 Sua
1196 938 1271 998 quaa
1292 921 1322 982 ia
1344 923 1433 986 nobis

207 1028 256 1084 cat
274 1019 365 1100 ligura
388 1027 525 1099 nuquam
548 1019 587 1080 de
607 1019 711 1100 seipso
734 1018 882 1099 loquatur,
903 1035 970 1079 cum
993 1017 1084 1094 (idem
1108 1019 1188 1080 cuim
1210 1027 1347 1100 repetere
1362 1023 1434 1084 nibil

207 1129 256 1184 est
274 1119 538 1196 reformidandum)
561 1119 651 1182 Saulo
673 1119 847 1193 Ecclesiam,
869 1117 902 1180 iu
922 1137 979 1198 qua
1001 1117 1075 1180 eius
1089 1119 1181 1198 ligarra
1204 1129 1235 1181 et
1248 1120 1345 1202 imago
1361 1131 1435 1198 erat,

208 1229 417 1300 persequente,
438 1213 612 1301 quasi'ipse
633 1229 726 1294 esset,
749 1239 836 1300 quem
854 1217 902 1280 ille
922 1226 1165 1299 persequeretur,
1187 1219 1310 1284 dixerit:
1332 1221 1434 1296 Saule,

79 1345 85 1354 ’
194 1323 282 1402 ‘quid
301 1341 346 1386 aaa
363 1319 582 1404 percoquam?
618 1321 749 1400 litargo
771 1319 884 1384 nemini
905 1320 1014 1382 mirum
1035 1319 1200 1412 rideretur,
1229 1322 1273 1385 uti
1295 1322 1434 1398 diximus,

207 1420 418 1502 sisapientiae
439 1423 552 1496 lorma,
580 1441 655 1503 quae
677 1421 709 1484 iu
731 1419 874 1502 operibus
897 1428 961 1494 est,
984 1419 1110 1482 diceret:
1146 1420 1297 1485 Domitius
1319 1429 1436 1488 ecood

206 1541 252 1586 aar
273 1526 305 1584 in
328 1541 439 1604 opero3
466 1523 506 1584 ita
530 1523 556 1585 si
579 1523 641 1603 ipsa
663 1540 734 1584 vera
756 1530 787 1584 et
807 1519 933 1584 meabit
954 1517 1120 1600 Sapientia,
1143 1522 1223 1600 quod
1246 1531 1275 1584 et
1295 1523 1434 1603 migani-

207 1630 270 1686 tum
283 1623 338 1686 Ilei
353 1629 401 1686 est
414 1621 555 1695 Verbum,
578 1641 623 1696 ea,
645 1627 720 1702 quac
743 1640 815 1684 suae
836 1619 957 1701 propria
978 1629 1049 1682 aunt
1065 1620 1213 1702 imaginis,
1235 1627 1433 1704 usurpaverit,

206 1741 242 1786 ao
261 1723 342 1786 velut
362 1723 399 1784 de
422 1741 456 1785 ae
479 1722 545 1801 ipsu
567 1721 688 1784 dixerit:
722 1724 846 1786 Creaoir
865 1741 912 1784 aar
933 1725 967 1782 ira
989 1739 1098 1801 opero,
1126 1739 1214 1786 nemo
1237 1723 1359 1786 dimissa
1382 1743 1433 1786 aa·

207 1822 335 1902 pient'u,
367 1841 442 1901 quae
470 1822 501 1884 in
528 1822 640 1884 muodo
669 1830 700 1884 ct
727 1822 869 1902 operibus
897 1829 993 1884 creata
1025 1809 1088 1896 esi,
1120 1823 1281 1886 arbitretur
1311 1824 1434 1887 verbum

206 1921 288 1984 iatud
312 1926 427 1986 crearit
448 1923 485 1984 da
506 1930 610 1984 natura
632 1923 817 2004 Sapientiae,
844 1940 920 2002 quae
941 1939 996 2001 per
1018 1923 1118 2004 scipsa
1140 1932 1200 1994 cst,
1223 1905 1332 1986 dicium
1355 1943 1435 1998 esse,

207 2041 246 2086 na
268 2023 371 2086 vinum
398 2041 465 2086 cum
493 2041 580 2103 aqua.
600 2022 729 2085 uincens
756 2022 907 2084 raritatem
937 2021 1089 2100 surripere
1117 2022 1257 2086 rideatur.
1302 2024 1434 2104 Namque

206 2122 255 2188 illa
278 2123 403 2186 creatrix
426 2132 456 2186 ct
484 2123 582 2204 opilea
611 2131 658 2186 est
689 2123 849 2203 sapentia,
884 2123 949 2186 eius
982 2131 1079 2186 autam
1111 2123 1208 2184 forma
1239 2125 1269 2186 in
1292 2123 1435 2206 operibus

207 2233 325 2286 creatur
347 2233 485 2303 tauquam
505 2223 643 2303 imaginis
665 2223 840 2286 similitudo.
872 2223 1050 2286 Huiusmodi
1072 2241 1164 2303 porro
1180 2225 1323 2304 sapientia
1341 2230 1436 2308 praia-

203 2327 320 2410 aca'pinrn
340 2331 460 2396 oium
482 2344 548 2388 esse
571 2323 688 2397 dicitur,
711 2325 779 2404 quia
795 2324 943 2404 quoddam
959 2331 1007 2386 est
1019 2322 1197 2404 principium
1213 2336 1244 2388 ct
1257 2327 1435 2388 elementum

205 2425 385 2506 cognitionis
414 2425 476 2488 llci.
521 2425 593 2488 Eam
626 2425 706 2486 enim
734 2424 802 2504 quis
828 2425 956 2504 primam
977 2423 1067 2486 reluti
1094 2424 1169 2488 riam
1198 2426 1371 2506 ingressus,
1406 2437 1436 2490 ct

206 2529 313 2590 timore
335 2526 387 2590 liei
410 2526 592 2598 custodiens,
615 2534 649 2588 ut
670 2525 743 2588 dixit
765 2524 923 2588 Salomon:
942 2528 1133 2607 principium
1154 2523 1321 2606 sapr'rnt'ioe
1343 2531 1436 2590 timor

206 2627 340 2698 Domini,
362 2627 528 2705 deindeque
549 2635 650 2688 menta
672 2626 865 2705 progrediens
888 2634 918 2688 et
940 2626 1092 2688 creatricis
1105 2625 1282 2705 Sapientiae,
1305 2628 1434 2708 quaein

159 2747 181 2790 a
209 2725 300 2788 rebus
328 2724 433 2794 meotis
461 2733 598 2804 apparet,
632 2726 830 2805 cognitionem
863 2733 1036 2800 assecutus,
1070 2724 1101 2786 in
1128 2725 1193 2805 ipsa
1222 2725 1288 2790 eius
1316 2745 1435 2807 quoque

209 2825 326 2888 Patrem
348 2825 538 2888 hauddubie
567 2828 818 2907 contemplaturus
846 2835 908 2900 eat,
944 2834 977 2888 ut
1004 2825 1069 2905 ipse
1097 2825 1241 2888 llominus
1264 2827 1319 2890 bis-
1335 2828 1432 2890 verbis
1441 2833 1520 2877 taut·

211 2933 351 2990 testatur:
378 2926 441 3000 Qui
460 2927 535 2988 uidit
555 2944 608 2996 me,
632 2927 706 2990 uidit
727 2926 858 2990 Petreio.
893 2899 1021 2988 monas
1041 2926 1112 2988 item
1135 2926 1255 2990 scribit:
1280 2928 1344 3002 Qui
1364 2947 1437 2992 cort·

73 3081 84 3098 ,
208 3027 317 3108 fitetur
338 3026 458 3098 Filium,
480 3025 603 3092 Putrem
624 3045 739 3112 quoque
761 3027 856 3090 babet.
894 3026 944 3088 att
963 3031 1077 3090 auom:
1100 3037 1170 3090 coro
1193 3047 1299 3092 orout
1320 3028 1439 3107 [undo-

209 3131 255 3192 os‘t
281 3145 341 3200 aas,
371 3127 438 3206 quia
466 3126 496 3188 in
526 3127 590 3187 eius
612 3128 708 3190 torma
731 3127 793 3187 sive
814 3126 909 3204 figura
929 3133 1101 3190 constanter
1122 3135 1153 3188 et
1174 3145 1293 3206 semper
1316 3133 1446 3208 manent,
1503 3155 1511 3168 =

131 3305 134 3312 ζ
209 3246 310 3308 opere.
353 3227 507 3290 Praeterea
541 3246 578 3289 ne
609 3227 675 3307 quis
709 3226 756 3288 bis
784 3225 822 3288 de
853 3225 997 3306 sapientia
1025 3225 1082 3288 boc
1110 3227 1200 3290 modo
1228 3229 1257 3292 in
1291 3227 1434 3310 operibus

208 3337 305 3392 creata
326 3327 434 3391 auditis
457 3328 509 3392 lloi
531 3327 647 3402 lilium,
671 3326 722 3406 qui
743 3345 813 3388 vera
835 3331 884 3387 est
903 3325 1063 3406 Sapientia,
1086 3335 1218 3392 ereetum
1240 3347 1308 3392 esse
1330 3329 1434 3392 existi·

206 3439 317 3506 maret,
345 3429 516 3493 neoessario
545 3429 674 3491 eddidit:
706 3441 867 3511 arctaqucar
893 3439 1009 3492 socom
1033 3435 1436 3510 strumentorum:

206 3545 276 3597 arata
299 3551 394 3615 maor
417 3541 447 3594 et
467 3541 538 3594 onte
562 3529 653 3593 cotto
675 3535 769 3615 pipant
790 3549 845 3602 mr,
869 3538 900 3592 ut
922 3547 990 3594 urm
1011 3529 1098 3592 dicit:
1121 3538 1188 3592 ante
1211 3549 1263 3595 ras
1279 3530 1455 3596 uuireraaaa

207 3641 320 3696 creans
342 3630 522 3706 (universam
546 3629 692 3710 siquidem
716 3639 842 3692 creatam
861 3639 996 3692 naturam
1011 3629 1058 3690 bis
1075 3628 1172 3691 verbis
1188 3629 1435 3710 comprehendit),

207 3733 378 3799 ostenderet
406 3751 441 3796 sa
468 3751 529 3794 oon
558 3735 662 3794 natura
691 3734 749 3806 und
771 3751 838 3794 cum
861 3731 1006 3810 operibus
1027 3737 1155 3792 creatam
1178 3748 1259 3790 esse.
1302 3730 1436 3810 Namque

208 3835 286 3896 siin
309 3852 400 3914 opera
422 3841 518 3894 creata
545 3841 591 3894 est
618 3840 648 3892 et
676 3843 743 3893 ante
766 3851 856 3911 opera
885 3838 947 3905 est,
980 3838 1061 3909 patet
1094 3828 1212 3909 utique,
1246 3847 1310 3892 eam
1342 3829 1439 3894 iniise

206 4022 234 4072 at
246 4020 287 4070 alii
301 4027 325 4070 et
336 4011 519 4082 aditinpoiror
531 4007 617 4082 ὥςπερ
629 4007 675 4064 sot
690 4006 793 4077 taaadc
881 4015 902 4064 b.
923 4013 1062 4088 Sequariau.
1080 3999 1139 4061 alra
1156 4004 1204 4065 ire
1218 4005 1305 4069 cicccc
1322 4007 1438 4068 &edum

206 4088 297 4138 ibidem
316 4089 418 4148 sequar.
437 4095 478 4135 rac
495 4073 558 4146 ὁδῷ.
848 4080 920 4131 Gobl.
939 4088 962 4130 et
979 4079 1083 4129 aereum.
1104 4080 1126 4130 l.
1144 4069 1203 4130 alra
1220 4073 1307 4138 eiiam
1330 4075 1439 4134 claime·

240 4169 263 4206 a.
280 4155 403 4215 inplicam.
420 4141 451 4198 ἒν
467 4140 545 4216 ἀρχῇ.
580 4149 672 4200 lbidarn
696 4149 797 4210 Sequar.
848 4141 911 4212 napi
928 4143 977 4206 τῆς
994 4137 1081 4202 abror
1093 4147 1155 4201 'sair
1170 4143 1270 4218 ἔργα.
1294 4151 1436 4203 tidsmioid.

208 4223 306 4275 Goblcr,
324 4219 503 4272 Felctm.l.at
520 4219 544 4270 b
563 4211 613 4267 τὸν
629 4209 730 4276 ταύτης
747 4229 798 4264 nor·
849 4223 873 4266 at
898 4215 997 4277 Sequar.
1024 4208 1216 4280 emiorum.
1258 4220 1304 4270 atti
1328 4227 1353 4270 ct
1378 4219 1437 4270 adiu'

209 4277 796 4360 rip«,dliiaatemsteditirircrirrirrrurlpu.
847 4281 1010 4344 ambricae.
1037 4287 1135 4346 Sequar.
1156 4286 1211 4336 itam
1232 4285 1323 4336 ibidem
1342 4277 1437 4346 m

241 4361 259 4408 l.
283 4357 323 4408 Sic
340 4357 440 4418 Sequor.
459 4355 557 4406 (labier.
575 4355 681 4404 l'elclrm.
702 4354 723 4404 l.
739 4352 794 4404 etb
847 4343 898 4411 νὴν
915 4349 964 4398 rori
981 4350 1049 4402 braia
1067 4347 1174 4420 σοφίαν
1189 4346 1241 4402 τὸν
1257 4343 1325 4404 olda.
1423 4410 1431 4429 ἱ
1566 4355 1574 4366 “

207 4423 355 4476 &Feltini
367 4413 618 4482 &milimindr-
643 4419 795 4472 btiiotaditi
864 4421 897 4470 ,l.
925 4418 1023 4482 Sessttar.
1049 4420 1149 4472 Gublar.
1172 4427 1198 4472 el
1214 4421 1319 4472 falcim-
1341 4421 1363 4470 i.
1378 4431 1435 4488 ψ

207 4486 254 4540 acci
271 4481 454 4550 delabens.
847 4483 905 4536 aa»
926 4485 1040 4550 μηνῶν.
1077 4487 1153 4540 Paula
1177 4496 1235 4550 port
1257 4489 1357 4548 Sequar.
1380 4478 1438 4546 πρὸ

229 4573 266 4626 J.
284 4561 383 4622 Sequar.
401 4550 431 4608 ir
447 4555 487 4622 τῷ
504 4547 593 4610 οὕτως’
609 4546 693 4622 einp.
848 4548 937 4614 adare
953 4553 1001 4614 τῆς
1017 4547 1137 4618 arkenr.
1438 4573 1447 4598 ,ι
