3176 5304
234 273 274 338 to
567 289 570 299 ยน
748 289 920 333 venerario.

235 441 377 522 temporis
400 439 572 504 Christianis
593 440 767 520 praesertim
790 440 821 502 iu
835 440 964 521 Aegypto
988 441 1083 520 magni
1107 440 1344 514 aestimabantur,
1367 443 1457 506 siout

235 551 264 605 et
285 543 429 622 Origenes
461 541 526 621 ipse
559 549 628 604 tunc
660 541 736 620 apud
764 541 923 623 plerosque
952 539 1061 623 optima
1092 547 1127 604 et
1148 544 1339 606 meritissima
1369 546 1456 608 lama

234 645 430 727 fruebatur*).
474 641 656 705 Confirmant
676 643 703 704 ld
726 643 838 714 laudes,
861 643 967 722 quibus
990 643 1025 705 ab
1041 643 1201 706 Athanasio
1224 645 1260 706 de
1283 645 1362 706 decr.
1380 665 1452 726 syn.

234 745 297 808 Nic.
320 765 345 807 c.
361 749 412 808 27.
440 752 469 805 et
491 744 544 825 Ep.
568 744 603 832 ad
626 745 727 824 Serap.
744 744 789 806 lV.
813 763 838 806 c.
857 747 887 810 9.
911 745 1111 827 praedicatur,
1141 755 1170 810 et
1197 746 1397 832 reperiuntur
1413 748 1451 810 iu

235 846 319 910 libris
341 844 490 908 Athanasii
522 845 600 908 baud
631 865 738 926 pauca,
771 864 806 908 ex
838 845 944 925 quibus
974 839 1122 910 auctorer'n
1147 849 1275 928 Origene
1304 849 1451 928 magistro

234 968 320 1012 usum
349 967 416 1010 esse
444 967 499 1009 uec
527 949 634 1028 scripta
657 947 866 1028 discipulorum
890 948 1036 1022 eiusdem,
1066 949 1144 1012 velut
1165 949 1295 1030 Dionysii
1317 951 1453 1013 Mersu-

122 1128 125 1138 .
234 1049 310 1114 drini
334 1058 363 1111 ct
377 1049 570 1129 Theognosti,
592 1049 779 1130 improbasse
802 1050 997 1128 cognoscitur.
1026 1052 1127 1131 Aeque
1149 1060 1340 1125 conamen,
1363 1052 1451 1116 illum

233 1151 418 1232 philosophia
441 1152 590 1214 Platonica
611 1151 802 1213 Alexandriae
823 1151 949 1231 rigente,
973 1151 1020 1213 cui
1043 1152 1186 1232 Origenes
1208 1153 1366 1233 plurimum
1389 1154 1449 1239 tri-

234 1254 353 1326 buerat,
386 1252 529 1315 imbutum
562 1251 654 1314 luisse
686 1261 715 1314 et
744 1251 859 1332 quidem
889 1268 924 1314 ex
952 1253 1072 1333 puriore
1095 1254 1219 1316 formula
1241 1257 1368 1318 tortasse
1390 1274 1451 1343 per

235 1356 330 1419 studia
346 1355 453 1418 Plotini
475 1364 621 1427 revocata,
644 1353 727 1416 cuius
749 1353 868 1434 vestigia
892 1354 980 1417 etiam
1004 1356 1034 1418 in
1049 1355 1148 1418 Basilii
1171 1357 1352 1436 aliorumque
1374 1376 1449 1418 sae-

234 1459 291 1519 culi
313 1457 408 1539 quarti
430 1458 584 1544 ductorum
608 1445 727 1536 scriptis
751 1443 1019 1536 deprehenduntur.
1050 1459 1082 1520 Si
1104 1458 1170 1538 quis
1192 1459 1288 1520 animo
1311 1459 1346 1520 ad
1368 1459 1449 1522 hauc

234 1578 297 1621 rem
323 1569 434 1621 attento
457 1557 605 1620 Athanasii
633 1558 725 1620 libros
752 1569 921 1637 percurrat,
948 1560 975 1620 is
999 1560 1088 1622 multa
1109 1559 1181 1622 satis
1205 1561 1334 1621 ollendet
1355 1580 1448 1640 prae-

235 1662 337 1723 sertim
361 1661 391 1722 iu
413 1659 528 1722 duobus
550 1660 757 1740 apologeticis,
787 1667 861 1740 quae
883 1671 984 1742 aperte
1008 1662 1203 1742 eloquentiam
1228 1670 1257 1723 et
1278 1661 1446 1726 doctrinam

234 1763 410 1825 Platonicam
433 1763 558 1842 sapiunt.
1133 1747 1135 1752 '

317 2065 396 2129 llaec
422 2067 564 2130 hactenus
591 2068 719 2129 lornees
744 2065 878 2128 Canobus
901 2066 1012 2142 Tereo,
1041 2086 1129 2147 quum
1159 2077 1226 2129 ante
1255 2069 1333 2130 diem
1356 2069 1444 2131 XVll.

234 2170 346 2230 mensis
376 2169 443 2232 maii
473 2171 502 2231 b.
531 2189 557 2231 a.
580 2187 689 2231 annum
717 2187 806 2247 agens
836 2168 1129 2248 undesexagesimum
1159 2169 1236 2244 suis,
1266 2169 1442 2243 academiae,

233 2271 278 2332 oui
307 2279 388 2333 tantu
418 2280 596 2334 ornamento.
615 2271 677 2342 tuit,
701 2279 786 2349 atque
802 2269 974 2349 theologiae
996 2272 1170 2350 eriperetur.
1214 2271 1301 2333 blulta
1323 2283 1443 2352 praeter

232 2374 304 2434 baec
326 2373 528 2453 disputaturus
550 2373 621 2443 luit,
649 2371 714 2449 plus
738 2371 814 2432 enim
838 2372 929 2432 semel
952 2372 987 2432 de
1003 2373 1167 2440 Athanasio
1190 2373 1304 2435 eteius
1328 2373 1441 2434 docui-

232 2493 269 2535 na
290 2473 490 2554 librorumque
512 2475 568 2534 boc
590 2471 736 2534 volumine
758 2473 950 2551 repetiturum
973 2481 1076 2536 natura
1098 2483 1128 2536 ct
1149 2483 1297 2536 momento
1319 2473 1440 2536 uberius

231 2575 427 2655 subtiliusque
460 2575 624 2654 expositum
657 2573 692 2634 iri
726 2573 796 2634 mihi
828 2573 1017 2653 significarim
1049 2584 1079 2639 at
1104 2577 1180 2656 proh
1210 2576 1296 2637 dolor
1323 2584 1440 2655 praeter

231 2676 421 2741 brevissimas
451 2676 590 2756 quasdam
619 2675 735 2736 notulas
764 2675 886 2755 lugitiro
909 2677 1019 2739 calamo
1042 2678 1072 2738 in
1095 2677 1253 2740 memoriae
1275 2677 1441 2739 subsidium

231 2788 361 2841 exaratas
392 2777 438 2840 rel
471 2779 570 2856 potius
592 2776 738 2858 proiectas
760 2777 952 2858 locorumque
974 2779 1084 2859 aliquot
1105 2779 1267 2841 accuratius
1290 2778 1439 2859 explican-

232 2881 336 2942 dorum
359 2879 575 2942 adnotationem
598 2879 671 2943 nibil
692 2879 722 2940 in
745 2879 809 2941 eius
831 2881 947 2942 schedis
971 2881 1119 2944 iuuentem
1141 2889 1195 2954 est,
1218 2881 1296 2960 quud
1319 2881 1354 2942 ad
1370 2881 1440 2944 illud

232 2971 383 3046 exordium
411 2982 579 3063 pertineret.
622 2980 656 3042 ld
684 2982 761 3061 quod
784 3000 819 3042 eo
842 2982 933 3060 magis
957 2982 1131 3054 dolendum,
1161 3001 1218 3062 quo
1241 2983 1381 3043 maiorem
1404 2983 1439 3043 de

232 3085 285 3146 bac
316 3085 498 3164 praelatione
526 3083 774 3163 exspectationem
803 3085 901 3144 lovere
928 3082 1019 3145 licuit
1063 3083 1129 3145 Fuit
1157 3084 1236 3144 euim
1263 3083 1336 3145 baec
1364 3083 1438 3144 beati

232 3183 283 3244 viri
313 3183 439 3245 eruditio
468 3194 498 3246 et
524 3184 683 3264 singularis
712 3185 863 3247 doctrinae
883 3185 1077 3263 praestantia,
1107 3192 1139 3246 ut
1159 3184 1189 3246 iu
1211 3185 1269 3248 boc
1288 3185 1436 3246 literarum

232 3302 338 3364 genere
365 3293 395 3344 et
422 3284 563 3346 babitaret
591 3293 620 3346 et
641 3293 791 3364 regnaret,
823 3303 917 3364 neque
939 3284 1021 3347 laeile
1041 3287 1118 3348 inter
1140 3294 1258 3348 nostrae
1280 3287 1436 3350 memoriae

232 3385 385 3466 theologos
407 3385 554 3462 inveneris
577 3403 664 3464 quem
684 3385 820 3448 Patribus
844 3386 1060 3450 familiariorem
1082 3387 1297 3468 historicaeque
1319 3389 1446 3451 meato-1

231 3487 295 3567 giae
327 3487 497 3568 peritiorem
526 3485 615 3548 dices.
657 3487 695 3548 Et
722 3486 780 3549 boc
806 3487 923 3566 quidem
951 3506 1010 3550 uon
1039 3509 1074 3550 eo
1102 3508 1187 3551 arne
1209 3490 1306 3552 auimo
1329 3489 1435 3552 dictum
1547 3507 1550 3516 ยน

231 3600 294 3662 est,
316 3598 350 3651 ut
371 3588 539 3668 theologum
561 3587 675 3649 laudem
699 3607 763 3649 mea
784 3597 863 3650 certe
884 3589 969 3650 laude
991 3592 1078 3668 louge
1101 3591 1301 3670 superiorem,
1332 3591 1384 3654 sed
1406 3601 1437 3652 ut

231 3701 369 3772 appareat
390 3697 529 3770 quantum
552 3689 587 3751 ab
610 3688 657 3752 bis
679 3687 897 3770 prolegomenis
921 3691 1098 3770 sperandum
1120 3693 1225 3766 luerit,
1255 3713 1344 3774 quum
1367 3694 1437 3754 baec

230 3793 410 3855 Bibliotheca
437 3793 523 3855 beato
553 3791 664 3855 auctori
693 3799 846 3871 tantopere
868 3792 950 3854 cordi
973 3801 1069 3868 esset,
1092 3801 1125 3858 ut
1145 3813 1227 3869 eam,
1250 3796 1285 3857 de
1307 3813 1362 3876 qua
1385 3813 1436 3875 per

298 4011 323 4074 *t
342 4014 461 4064 Credibile
480 4030 527 4064 nou
546 4024 582 4065 est
599 4029 612 4062 a
631 4014 699 4064 Petro
713 4013 870 4064 Alexandrino
889 4015 1004 4080 episcopo
1022 4018 1058 4066 sic
1076 4017 1216 4078 deOrigene
1235 4016 1361 4064 iudicatum
1375 4029 1435 4074 esse,

231 4099 431 4163 quemedmodum
458 4100 481 4148 in
499 4115 537 4164 ep.
558 4099 679 4148 lastiniani
699 4099 726 4148 ed
746 4098 853 4148 biennem
873 4099 984 4158 (Caecili.
1003 4101 1039 4150 ed.
1059 4099 1132 4150 hausi
1151 4101 1216 4150 lom.
1231 4099 1269 4148 lll.
1289 4097 1391 4163 phot.)
1409 4113 1433 4149 ex

230 4183 293 4232 dctis
312 4185 373 4234 Petri
388 4176 451 4233 stet.
471 4183 531 4243 lide,
550 4191 575 4232 nt
592 4183 698 4242 ridetur,
723 4182 784 4231 haud
803 4183 880 4245 dignis
898 4184 1008 4232 retertur:
1044 4183 1113 4233 Coul.
1132 4183 1299 4233 'tillemontius
1317 4185 1432 4234 ldemoa'res

231 4267 299 4318 Turn.
311 4269 352 4318 Ill.
370 4285 393 4332 p.
405 4267 454 4318 588
466 4283 502 4332 sq.
540 4267 627 4318 Contra
646 4269 780 4318 ierusirulle
798 4276 842 4327 est,
861 4249 1030 4326 Alexandrum,
1050 4268 1112 4316 Petri
1131 4277 1186 4330 post
1204 4268 1319 4316 Achillam
1338 4280 1434 4316 sucres-

231 4367 324 4412 eorem,
343 4353 383 4417 qui
400 4353 553 4402 Athanasium
573 4353 595 4402 iu
615 4352 708 4403 diaconi
727 4351 835 4402 ordinem
853 4351 971 4413 promovit
989 4359 1011 4399 et
1029 4352 1052 4400 iu
1072 4350 1251 4400 contubernium
1271 4352 1367 4409 ascivit,
1385 4356 1435 4398 sta-

231 4437 277 4486 diis
299 4437 434 4500 theologiae
453 4437 609 4500 origenianae
634 4437 733 4498 lavisse,
758 4451 830 4502 quarn
854 4433 946 4496 ipsein
966 4434 1103 4498 explicanda
1122 4443 1144 4484 et
1162 4435 1310 4506 deleudeudu
1329 4435 1433 4486 doctriua

231 4521 261 4574 de
278 4529 375 4572 aeterua
392 4522 433 4572 lllii
451 4532 605 4586 generatione
623 4523 732 4585 Origeuis
750 4522 845 4584 vestigia
864 4521 986 4580 presserit.
