3162 5308
543 321 684 364 srrsrom
700 321 719 363 ι.
735 323 771 364 au
788 321 982 364 semeronsu.
1309 313 1370 374 679

157 473 239 548 Filii,
268 473 391 535 dicentis
413 471 537 534 scilieet:
567 471 628 552 ligo
651 491 718 534 suen
739 479 868 544 veritos,
898 481 931 534 ut
957 492 1010 534 vos
1040 475 1116 536 nuda
1143 493 1215 538 voce
1242 483 1456 558 spiritusesso.

159 577 254 638 audita
283 583 416 636 sanctum
439 573 581 656 Spiritum
611 592 677 634 esse
705 573 953 654 suspicaremini?
997 575 1039 636 Ex
1067 576 1121 636 bac
1150 585 1246 638 tamen
1273 579 1372 656 regule

159 697 211 740 eos
232 677 319 738 velim
341 677 452 756 excipi,
477 675 525 756 qui
548 694 613 737 cum
636 674 778 754 Spiritum
801 685 935 736 sanctum
956 676 1014 738 iarn
1038 677 1234 757 accepissent,
1258 679 1294 740 de
1315 679 1371 740 iis-

159 781 225 842 dem
248 781 279 841 lit
299 789 405 859 postea
426 778 532 840 iterum
554 777 676 851 mentio,
699 777 743 838 rel
759 778 807 857 qui
830 795 894 839 eum
910 778 992 858 prius
1007 779 1077 860 quid
1093 779 1129 840 de
1144 781 1255 861 Spiritu
1269 790 1455 846 sanctorem.

159 881 336 944 credendum
363 880 402 942 sit
429 880 600 952 didicerint,
623 879 739 940 ‘deinde
766 880 951 960 repetitionis
981 890 1010 942 et
1041 883 1278 944 commonitionis
1301 901 1370 964 ergo
1400 923 1401 928 κ

159 1003 238 1046 mera
266 1003 338 1046 voce
366 987 492 1064 spiritus
521 981 635 1062 prolata
663 981 728 1060 quis
756 981 804 1042 ille
833 981 1038 1062 intelligendus
1072 985 1113 1045 sit
1139 1003 1199 1046 non
1226 984 1371 1064 ignorant,
1407 1017 1418 1044 ο

158 1087 283 1148 maxime
316 1085 383 1164 quia
405 1085 450 1147 sic
472 1083 559 1146 etiam
581 1103 646 1144 oum
669 1083 790 1146 articulo
813 1084 1002 1164 exprimatur.
1045 1083 1177 1165 Denique
1206 1086 1271 1148 sine
1298 1088 1371 1150 arti-

160 1189 227 1251 culo
249 1187 293 1250 rel
313 1187 462 1268 praedicto
494 1187 690 1248 additamento
713 1204 862 1268 nunquam
884 1185 1026 1267 Spiritum
1055 1196 1186 1248 sanctum
1215 1188 1372 1268 significari

160 1289 339 1352 inveneritis.
382 1289 559 1350 Huiusmodi
582 1296 653 1350 sunt
675 1307 718 1362 ea,
741 1306 815 1368 quae
837 1279 944 1349 Paulus
966 1287 1001 1348 ad
1025 1287 1140 1352 Galatas
1163 1289 1281 1352 scribit:
1308 1291 1372 1354 Hoc

161 1392 259 1454 solutu
280 1411 299 1454 o
320 1394 401 1454 uobis
425 1391 493 1453 uolo
517 1391 648 1452 discere:
671 1389 719 1452 liu·
741 1391 880 1471 operibus
903 1389 1137 1470 lepisSpiritum
1157 1397 1310 1473 occept'stis
1332 1412 1373 1456 on

159 1513 198 1556 erc
219 1495 325 1558 auditu
346 1491 440 1574 fidei?
483 1491 578 1564 Quem
606 1510 675 1552 vero
699 1491 787 1552 alium
808 1500 996 1571 acceperant,
1029 1511 1114 1570 quam
1139 1491 1280 1572 Spiritum
1301 1513 1372 1556 san·

158 1605 246 1668 dum,
268 1596 317 1675 qui
340 1593 527 1655 credentibus
549 1601 579 1654 et
599 1611 653 1672 per
675 1591 907 1672 regenerationis
922 1592 1066 1655 lavacrum
1081 1595 1302 1657 renascentibus
1317 1595 1370 1657 da-

157 1695 230 1759 turi
273 1697 316 1756 nd
339 1694 620 1755 Thessalonicenses
643 1703 739 1756 autern
762 1694 879 1756 scribit:
904 1693 1050 1776 Spiritum
1072 1696 1165 1760 nolite
1187 1701 1371 1776 extinguere.

158 1799 272 1877 Nempe
294 1816 363 1868 eos,
387 1797 437 1876 qui
458 1796 558 1874 utique
576 1797 724 1858 'noverant
745 1815 831 1876 quem
854 1807 1026 1876 acceperant
1048 1781 1211 1876 Spiritum,
1229 1799 1370 1872 admone-

157 1900 218 1974 bat,
240 1917 279 1961 ne
300 1916 452 1960 accensam
475 1897 505 1959 in
527 1897 599 1978 ipsis
616 1898 744 1978 Spiritus
767 1899 889 1978 gretiam
911 1919 947 1960 ex
967 1899 1141 1978 negligentia
1158 1899 1369 1978 extinguerent.

159 2002 246 2076 Quod
268 2002 294 2062 si
315 2001 515 2080 Evangelistae
537 2001 566 2060 in
588 1999 753 2080 Evangeliis
775 2001 811 2062 de
828 2001 977 2062 Salvatore
997 2001 1124 2062 humano
1147 2020 1230 2062 more
1250 2009 1371 2082 propter

158 2123 275 2168 carnem
299 2103 334 2164 ab
357 2121 392 2164 eo
410 2110 574 2196 *assumtam
597 2103 676 2192 baeo-
691 2103 813 2164 babent:
836 2103 921 2165 lesus
944 2114 1042 2164 cutem
1059 2103 1167 2183 plenus
1184 2103 1303 2185 Spiritu
1319 2121 1370 2164 re-

156 2225 280 2289 gressus
303 2225 321 2268 o
343 2205 494 2281 lordono„
523 2213 552 2266 et
577 2203 656 2266 Tuae
679 2204 762 2267 lesus
785 2207 890 2266 ductus
913 2217 956 2266 est
977 2209 1009 2266 in
1032 2207 1180 2270 desertum
1202 2225 1221 2266 o
1242 2203 1370 2287 Spiritu,

156 2309 236 2370 idem
263 2327 379 2388 quoque
410 2325 518 2368 sennes
548 2306 595 2367 bic
623 2306 824 2368 observandus
854 2315 909 2366 est.
960 2305 1109 2386 Siquidem
1137 2309 1219 2387 prius
1248 2326 1263 2368 a
1291 2307 1370 2368 Luca

156 2411 266 2475 dictum
289 2413 396 2472 luerat:
425 2410 548 2472 Factum
571 2421 615 2472 est
636 2419 748 2479 eutem,
779 2427 843 2470 cum
872 2409 1083 2488 baptizeretur
1110 2414 1204 2472 omme
1224 2406 1368 2488 populus,

158 2524 185 2574 et
207 2513 279 2574 lesu
301 2513 453 2592 baptizato
476 2522 505 2573 et
527 2521 642 2582 oronte,
665 2521 803 2590 opertum
825 2522 869 2573 est
892 2509 1018 2586 coelum,
1048 2521 1077 2572 et
1099 2509 1247 2573 deseendit
1268 2508 1371 2591 Spiri-

159 2623 208 2672 tus
231 2623 353 2698 sanctus
378 2612 535 2691 corporali
554 2617 649 2692 speeie
673 2616 750 2672 sieut
772 2611 907 2680 columbo
929 2616 961 2672 iu
982 2617 1088 2691 ipsum.
1122 2610 1265 2683 Quocirca
1281 2619 1369 2690 patet,

157 2713 257 2790 ipsum
279 2711 419 2790 Spiritum
451 2721 582 2774 sanctum
612 2711 739 2792 Spiritus
767 2713 907 2774 vocabulo
935 2711 994 2773 illic
1021 2711 1186 2790 significari
1230 2711 1371 2772 Similiter

158 2812 234 2893 apud
257 2830 331 2890 quos
354 2821 399 2874 est
420 2813 546 2892 Spiritus
569 2821 704 2888 sanctus,
733 2813 801 2876 licet
828 2815 893 2876 sine
920 2813 1117 2874 additamento
1140 2813 1268 2893 Spiritus
1302 2821 1370 2875 tan-

159 2924 219 2976 tum
242 2913 370 2986 dicatur,
399 2931 459 2974 nou
480 2914 670 2976 dubitandum
698 2925 795 2976 umen
823 2923 869 2976 cst
890 2913 959 2993 quin
983 2911 1111 2992 Spiritus
1133 2922 1252 2975 sanctus
1275 2913 1369 2976 deno-

158 3024 245 3090 tetur,
268 3015 440 3096 praesertim
464 3015 488 3076 si
512 3016 589 3076 adsit
609 3016 757 3078 articulus.

241 3325 270 3384 5.
315 3321 375 3380 Vos
397 3329 493 3380 autern
517 3318 673 3408 ostendite,
697 3317 774 3397 quod
799 3315 1124 3397 vobisproposuimus,
1146 3318 1171 3380 si
1194 3337 1298 3400 nempe
1313 3319 1366 3380 ali-

54 3415 58 3428 '
158 3421 223 3484 cubi
246 3421 276 3482 in
299 3420 448 3500 Scriptura
471 3421 566 3482 divina
589 3420 731 3500 Spiritum
755 3427 887 3480 sanctum
909 3420 1064 3482 invenistis
1082 3421 1282 3484 tantummodo
1298 3421 1366 3502 Spi-

156 3523 242 3584 ritum
265 3521 404 3606 appellari
427 3521 490 3583 sine
512 3522 661 3603 praedicto
684 3521 880 3583 additamento
904 3531 933 3583 et
956 3522 1171 3596 observatione,
1198 3523 1280 3584 euius
1303 3543 1366 3585 nte-

156 3613 304 3686 minimus.
349 3624 380 3684 ld
403 3633 480 3685 certe
502 3643 649 3704 nunquam
672 3632 821 3704 praestare
844 3624 1010 3703 potueritis.
1055 3625 1203 3704 Siquidem
1218 3643 1366 3704 nunquam

157 3819 229 3876 patet.
264 3803 315 3858 nol
333 3809 388 3858 ibid.
409 3809 473 3870 liegii
491 3819 513 3859 et
531 3811 629 3872 Segner.
649 3811 735 3858 babent
787 3809 998 3874 Felelrmprimns.
1034 3811 1209 3864 cuenetedtti
1226 3801 1364 3874 κᾷνδταν.

157 3872 188 3926 τὸ
214 3871 283 3925 τότε.
327 3875 421 3925 Gobler.
447 3883 471 3924 et
489 3877 592 3926 Felcltm.
615 3877 634 3925 l.
658 3871 736 3923 auid
788 3878 837 3924 llos
847 3877 931 3938 [tagl.
946 3887 969 3925 et
981 3880 1079 3938 Segner.
1089 3875 1135 3936 τῆς
1151 3872 1181 3925 ἐν
1198 3870 1271 3944 αὐτῷ
1288 3891 1367 3945 προς-

154 3937 262 4004 ’lusorie
297 3943 340 3992 Alii
363 3937 586 3998 steditiuodrri,
613 3955 649 3990 rs.
685 3943 736 3991 idox
786 3935 877 4001 θήκης.
913 3945 985 3992 Panlo
1003 3945 1275 4008 postlnglic.etbasil.
1293 3939 1364 4024 ἔχων.

158 4016 213 4064 item
233 4011 297 4072 liegii
315 4019 338 4060 et
355 4011 453 4072 Seguer.
478 4011 566 4060 babent
581 4005 735 4075 προείρητο.
787 4010 864 4060 Ceteri
877 4017 899 4058 et
915 4010 970 4059 editi
988 4003 1065 4076 ἔχων.

158 4087 182 4130 nt
206 4087 229 4129 et
245 4079 335 4140 lngiic.
359 4078 494 4129 Goblerian.
519 4086 541 4126 et
560 4077 696 4127 delebunt.
716 4085 739 4127 et

159 4147 238 4198 ortos.
274 4147 317 4196 ¹llil
337 4161 390 4196 tero
408 4139 575 4210 προείρηται.
612 4145 736 4194 ltemlbid.

158 4218 214 4280 lleg.
230 4215 250 4265 l.
271 4214 401 4276 etSegner.
420 4207 463 4262 ὅτι
479 4206 584 4276 ἔγένετι
602 4207 631 4261 δὲ
649 4223 693 4262 ete.

192 4300 213 4347 g.
232 4285 289 4346 lieg.
304 4283 325 4331 l.
337 4291 360 4331 et
373 4283 441 4344 Sego.
462 4275 503 4334 eir.
541 4282 599 4332 lbid.
619 4297 678 4347 quae
697 4295 736 4330 ιιι

159 4361 261 4420 quuntur
284 4352 353 4400 uerba
377 4343 422 4398 καὶ
445 4344 527 4409 δῆλον
551 4351 672 4415 usquead
692 4361 738 4408 op·

158 4413 324 4486 praeriperetur
340 4419 426 4468 absunt
452 4435 463 4468 ιι
483 4419 537 4482 lleg.
557 4419 580 4468 2.
600 4419 696 4470 Gobler.
715 4425 739 4466 et

159 4490 261 4538 Felclm.
272 4472 291 4538 i.
303 4488 392 4550 lnglic.
411 4473 444 4546 ἦν
462 4491 516 4536 item
536 4487 602 4538 deest
615 4490 636 4536 in
648 4488 701 4550 lleg.
715 4485 737 4534 l.
803 4528 812 4569 ι

192 4557 214 4605 b.
233 4557 272 4606 Sic
290 4557 344 4620 [leg.
365 4557 386 4606 l.
405 4557 543 4618 Segnerion.
562 4555 699 4612 Goblerian,
716 4561 751 4604 et.
788 4535 801 4569 ⁰
827 4533 858 4584 γε

821 4111 836 4159 i.
855 4111 992 4172 Seguerian.
1008 4107 1153 4178 upotudlr.
1178 4115 1234 4170 Rea.
1248 4116 1270 4167 l.
1288 4129 1366 4182 προς-

788 4173 879 4227 ταθέν.
920 4179 977 4241 lleg.
996 4179 1017 4229 2.
1036 4177 1176 4246 eporedia.
1203 4183 1247 4236 Alii
1268 4193 1291 4234 et
1310 4185 1366 4234 editi

786 4243 940 4324 uporrediy.
959 4249 1010 4326 llpt
1029 4249 1083 4312 lleg.
1096 4251 1116 4300 l.
1125 4257 1147 4300 et
1157 4251 1255 4314 Seguer.
1266 4241 1364 4320 ηὕρετε.

787 4313 874 4378 lieg2.
891 4330 945 4382 γαρ
964 4330 1071 4381 pepusa,
1091 4321 1145 4369 item
1164 4320 1364 4382 lnglic.etllasil.

788 4385 829 4432 sed
846 4379 1064 4452 sinepurtic.ysip.
1101 4387 1173 4437 Paulo
1184 4379 1285 4452 postln'
1298 4390 1365 4437 deest

789 4453 810 4501 in
831 4453 885 4514 lleg.
904 4451 927 4502 2.
947 4445 1015 4512 πλήν
1033 4471 1045 4502 ι
1064 4455 1160 4506 Gobler.
1180 4463 1202 4506 et
1219 4455 1322 4506 Felclrm.
1342 4456 1363 4506 l.

876 4521 963 4586 alleg.
984 4522 1005 4571 l.
1025 4533 1048 4574 et
1065 4525 1163 4586 Segusr.
