3250 5292
546 403 653 450 onarro
670 405 712 448 ru.
729 405 843 450 conrna
857 403 990 448 arianos.
1305 389 1368 453 527

75 519 105 596 ι·
146 572 177 626 ot
196 563 296 642 periet
319 557 436 629 bibino,
460 567 488 622 et
509 558 659 622 vocabunt
680 573 787 619 nomen
809 560 872 620 dur
895 555 1079 626 iimmcnnei,
1103 555 1182 638 puod
1203 567 1247 617 est
1268 560 1453 619 anter-eaeo.

142 671 299 744 protorum
321 661 474 723 nobiscnm
497 657 591 720 beno.

232 763 283 828 30.
329 761 387 834 Qui
408 760 499 840 igitur
520 759 647 820 divinam
669 757 851 838 Scripturam
874 755 992 836 legerit,
1021 756 1116 818 discat
1137 758 1254 838 quidem
1276 759 1366 821 verba

147 873 303 928 exuetere
325 855 533 934 Testamento',
566 860 619 922 sed
649 879 684 921 ex
705 857 864 938 Evangelio
886 858 1017 920 attendat
1038 857 1194 920 Dominum
1217 859 1368 924 bominem

147 967 255 1028 iactum
278 983 376 1028 esse·
399 963 473 1026 Nam
505 963 646 1033 Verbum,
676 960 784 1040 inquit,
814 979 886 1024 cero
914 962 1031 1042 [ortum
1051 973 1099 1042 est
1120 970 1149 1022 et
1172 961 1315 1026 bodr'tooit
1336 968 1370 1024 in

148 1063 246 1130 nobr'o.
291 1066 388 1128 Homo
411 1065 530 1145 inquam
559 1065 652 1126 sactus
684 1072 747 1135 eet,
777 1081 837 1124 nou
859 1069 957 1124 autem
979 1062 1009 1124 in
1032 1061 1182 1124 bominem
1203 1063 1292 1124 venit.
1336 1063 1370 1124 id

148 1169 227 1232 enim
250 1169 327 1230 scire
349 1167 436 1230 etiam
459 1185 584 1229 necesse
607 1173 669 1240 est,
700 1183 737 1226 ne
766 1165 842 1226 iorte
870 1163 899 1226 in
923 1163 1092 1226 huiusmodi
1115 1163 1292 1227 sententiam
1308 1164 1369 1226 de·

147 1272 301 1334 ileotentes
329 1269 411 1351 impii
439 1267 552 1350 aliquos
581 1268 741 1349 decipiant,
775 1266 873 1346 iiiique
906 1266 1090 1339 existiment,
1124 1266 1371 1346 quemadmodum

149 1374 219 1436 oiim
250 1373 376 1436 Verbum
404 1372 435 1434 in
468 1352 708 1451 unumquemque
738 1367 913 1431 Sanctorum
947 1369 1115 1456 descendit,
1149 1368 1188 1430 ita
1218 1367 1308 1430 etiam
1339 1368 1371 1430 in

147 1475 299 1536 bominem
321 1473 455 1548 venisse,
485 1480 517 1534 ut
539 1489 606 1534 eum
630 1480 763 1534 sanetum
785 1469 924 1532 redderet
945 1471 1026 1532 etin
1049 1470 1114 1549 ipso
1137 1479 1304 1550 appareret,
1327 1471 1371 1532 uti

149 1575 180 1638 in
202 1576 267 1638 aliis
290 1575 422 1655 contigit.
456 1573 489 1635 Si
504 1573 583 1635 enirn
598 1573 637 1635 ita
661 1593 693 1635 se
716 1591 765 1634 res
787 1571 919 1646 baberet,
943 1579 972 1633 et
988 1571 1016 1632 in
1033 1571 1369 1634 bominevtantummodo

148 1675 351 1759 apparuisset,
378 1675 451 1738 nihil
474 1693 546 1738 sane
569 1683 650 1736 esset
671 1675 750 1754 quod
774 1673 996 1736 admirationem
1018 1682 1124 1754 posset
1150 1691 1286 1748 morere,
1315 1693 1371 1735 neo

149 1780 200 1860 qui
223 1797 291 1842 eum
312 1777 465 1850 ridebant,
495 1775 688 1856 obstupefacti
717 1776 876 1838 dixissent:
909 1765 1061 1836 [iudanam
1084 1774 1141 1836 iste
1163 1773 1233 1838 est?
1261 1782 1291 1837 ct
1313 1775 1372 1837 Cur

150 1890 184 1942 tu
206 1880 296 1942 bonno
319 1895 386 1940 eum
409 1877 463 1951 sis,
488 1877 617 1956 teipsum
639 1876 710 1939 iacis
733 1875 850 1938 Deum?
882 1875 991 1938 Audire
1012 1875 1157 1956 siquidem
1179 1874 1220 1936 iiii
1243 1894 1370 1939 eonsue-

150 1989 269 2042 rerant:
306 1979 427 2040 Factum
460 1986 508 2039 est
536 1977 664 2039 Verbum
692 1977 808 2040 bomini
837 1977 872 2039 ad
905 1976 1038 2056 singulos
1070 1977 1246 2058 Prophetas.
1289 1977 1374 2041 Nunc

150 2091 249 2145 autem
272 2089 427 2161 postquam
450 2079 501 2143 Dei
524 2077 667 2152 Verbum,
689 2099 743 2160 per
764 2065 847 2160 quod
867 2079 964 2165 omnia
987 2081 1162 2151 factasunt,
1185 2077 1272 2142 etiam
1295 2081 1373 2144 iilius
1464 2097 1470 2108 ’

150 2184 280 2247 bominis
301 2183 366 2244 fieri
388 2199 448 2244 non
470 2181 585 2255 renuit,
608 2199 699 2261 seque
721 2181 818 2261 ipsum
840 2179 1003 2243 humiliavit
1023 2180 1100 2242 servi
1123 2182 1216 2243 iorma
1238 2191 1373 2265 accepta3

150 2286 261 2348 idcirco
283 2303 353 2348 crux
377 2284 488 2346 Christi
510 2283 628 2345 iudaeis
653 2293 700 2346 est
721 2282 908 2358 scandalum,
930 2282 1017 2344 nobis
1040 2291 1137 2344 autern
1161 2283 1296 2347 Christus
1319 2284 1372 2346 Dei

149 2389 244 2450 virtus
267 2397 296 2450 et
316 2386 370 2449 Dei
392 2385 535 2473 sapientia
558 2395 613 2448 eat
651 2385 723 2446 Nam
743 2385 876 2457 Verbum,
900 2393 932 2447 ut
947 2383 1139 2458 eitioannea,
1164 2403 1235 2448 roro
1257 2387 1374 2488 sectum

151 2503 206 2553 eet.
250 2488 402 2568 Siquidem
432 2507 497 2550 mos
521 2495 568 2549 eat
590 2487 758 2567 Scripturas
780 2505 880 2548 sacrae
902 2487 1192 2572 bominemlcarnem
1215 2486 1373 2565 appellare.

154 2588 231 2648 ilino
258 2591 335 2668 apud
364 2589 473 2652 ioelem
502 2589 679 2670 Prophetam
712 2589 832 2652 dieitur:
870 2589 1031 2672 Effundam
1060 2589 1095 2649 de
1122 2591 1235 2667 spiritu
1255 2605 1319 2649 meo
1341 2593 1374 2650 in

157 2703 268 2748 maun
290 2707 422 2750 carnem.
464 2689 538 2751 item
558 2691 659 2754 Daniel
681 2689 797 2771 Astyagi
819 2690 906 2752 dixit:
929 2690 989 2771 Boo
1013 2687 1095 2751 idolo
1115 2689 1292 2767 mansuete
1312 2707 1378 2762 non

158 2785 232 2854 eolo,
255 2789 307 2850 'sed
328 2787 423 2872 Deum
444 2793 600 2864 uiuentem,
623 2797 675 2873 qui
695 2793 809 2856 coelum
831 2803 860 2853 et
881 2803 997 2853 terrem
1021 2791 1134 2851 creauit
1156 2800 1185 2850 et
1206 2794 1238 2850 in
1261 2807 1374 2851 omnem

157 2905 277 2952 aarum
299 2889 483 2952 dominatum
506 2891 600 2954 dubet.
633 2893 689 2954 iiic
709 2895 789 2956 enim
811 2900 844 2954 ut
866 2899 895 2953 et
916 2891 977 2952 ioci
998 2887 1152 2950 bominum
1167 2906 1261 2968 genus
1277 2889 1374 2950 earnis

156 2989 277 3051 nomine
299 2989 453 3070 significat.
534 2975 541 2990 ⁸

241 3195 291 3258 31.
338 3193 415 3254 Olim
438 3191 526 3273 igitur
548 3191 583 3254 ad
607 3193 740 3272 singulos
762 3194 888 3255 Sanctoc
907 3194 1013 3256 iactum
1031 3202 1076 3253 est
1093 3192 1229 3267 i'crbum,
1252 3213 1373 3275 eosque,

155 3293 205 3374 qui
227 3293 325 3374 ipsum
347 3293 435 3372 digne
450 3279 662 3374 sumperunt,
686 3295 783 3387 eiieeit
796 3302 926 3368 sanctos,
950 3312 1003 3356 neo
1020 3303 1115 3382 tamen
1131 3315 1196 3357 eum
1212 3296 1253 3358 iiii
1267 3315 1374 3358 nasce·

154 3404 273 3470 rentur,
297 3394 406 3458 dictum
429 3405 475 3458 est
495 3396 592 3476 ipsum
615 3397 764 3458 bominem
787 3398 895 3459 iactum
918 3415 1003 3470 esse,
1030 3415 1085 3458 neo
1107 3415 1171 3460 oum
1193 3406 1374 3479 paterentur,

154 3515 277 3576 passum
301 3516 377 3558 esse.
421 3497 492 3560 Curn
515 3508 612 3561 eutem
635 3499 666 3560 in
688 3499 747 3560 fine
768 3499 951 3562 saeculorum
966 3499 1010 3576 ⁸ad
1034 3499 1246 3562 destruendum
1267 3521 1373 3581 peeca-

109 3677 118 3696 .
155 3607 218 3659 tum
247 3617 282 3660 ex
297 3597 397 3661 'bieria
424 3597 535 3680 prodiit
562 3601 614 3674 (ita
637 3600 717 3662 eninr
739 3601 818 3664 Patri
840 3601 935 3664 visum
958 3609 1003 3662 est
1024 3621 1110 3664 suurn
1133 3602 1249 3664 mittere
1271 3603 1375 3665 Filium

156 3699 263 3761 iactum
287 3717 321 3760 er
344 3700 483 3774 muliere,
512 3702 619 3763 iactum
649 3701 703 3764 strb
732 3701 824 3782 lege),
853 3711 923 3766 tuno
944 3702 1055 3764 dietum
1077 3711 1139 3776 est,
1167 3703 1265 3783 ipsum
1288 3725 1375 3767 carne

157 3807 287 3862 assumta
319 3801 469 3862 bominem
497 3803 604 3864 iactum
638 3821 706 3864 esso
734 3811 819 3884 atque
848 3823 901 3883 pro
931 3803 1018 3864 nobis
1041 3802 1070 3864 iu
1094 3823 1128 3864 ea
1151 3823 1219 3866 esse
1240 3823 1374 3884 passum,

82 4071 93 4092 ⁸
157 4021 211 4069 eius
241 4034 407 4070 successorem
434 4021 493 4069 baec
516 4035 529 4069 a
553 4008 651 4070 Daniele
679 4021 740 4069 dieta
791 4021 889 4082 Segoer.
906 4015 1072 4084 γεγέννηταιι
1099 4015 1374 4090 Αῐίἰωεε.γεγένηται,

158 4103 213 4137 esse
241 4096 358 4138 memorat
384 4089 516 4150 Scriptura.
567 4089 625 4136 item
653 4087 741 4136 ibidem
792 4087 869 4136 Editio
889 4087 996 4138 Comme!
1013 4083 1132 4152 γένηται.

158 4155 264 4206 Feleirm.
275 4153 298 4204 2.
318 4163 341 4204 et
359 4155 415 4205 editi
434 4145 466 4202 οὗ
483 4151 604 4222 σέβομεν.
628 4159 656 4205 bt
668 4156 741 4205 ceteri
826 4155 842 4202 i.
867 4153 938 4204 basil.
959 4165 981 4206 et
999 4157 1087 4218 dogiie.
1107 4147 1157 4207 du.
1199 4159 1257 4210 ibid.
1277 4161 1332 4225 fleg.
1353 4161 1376 4212 i.

159 4237 218 4273 mss.
237 4223 395 4288 etScriptura
414 4215 446 4272 ob
465 4219 587 4290 σέβομαι.
628 4273 640 4302 ’
792 4229 815 4272 et
834 4223 904 4302 Sapo.
924 4214 1092 4292 ἐπεδήμησεν
1110 4215 1187 4284 ἅπαξ.
1214 4229 1259 4279 ani
1278 4231 1376 4281 crediti

194 4307 215 4340 e.
233 4291 288 4354 neg.
304 4291 324 4340 1.
344 4299 367 4342 et
384 4293 523 4355 Seguerien.
539 4286 592 4358 μὲν
609 4305 657 4340 ουν
673 4283 742 4356 πρὸς
791 4283 958 4358 ἔπεδημησεν
980 4285 1128 4364 ἅνθρωπος
1152 4287 1229 4352 ἅπαξ.
1270 4298 1376 4349 Nunnius

158 4350 282 4407 ἕκαστον.
318 4359 387 4411 Gobi.
412 4368 435 4410 et
458 4361 562 4412 Feieim.
584 4360 603 4410 i.
626 4345 745 4426 μὶνᾳῦν
795 4376 842 4410 non
862 4363 917 4422 legit
935 4377 1030 4428 quoqne
1048 4357 1203 4427 ἄνθρωπος.
1249 4365 1300 4415 dior
1319 4368 1376 4427 neg.

63 4483 65 4490 Ι
158 4419 199 4480 aia
215 4417 336 4476 ἕκαστον.
373 4428 416 4478 tm
430 4435 452 4478 et
467 4429 539 4478 editio
558 4429 674 4480 Commci.
692 4421 744 4494 μὲν
797 4429 818 4478 i.
837 4437 860 4479 et
878 4427 976 4490 Sepoer.
994 4422 1127 4491 ἀθέτησιν
1151 4424 1295 4498 ἁμαρτίας.
1332 4433 1377 4483 biii

159 4488 199 4548 εἰς
208 4487 329 4545 ἕκαστον.
349 4497 420 4546 Penio
431 4504 486 4561 poet
498 4512 556 4546 mss.
565 4490 745 4563 γεννωμένων
794 4505 817 4548 et
835 4500 890 4548 editi
909 4489 1041 4559 introeo
1059 4499 1106 4560 τῆς
1123 4492 1265 4578 ἁμαρτίας.

161 4553 278 4614 testum.
302 4563 379 4615 Editio
397 4574 474 4614 autem
494 4565 609 4615 Commei.
626 4561 743 4631 γενωμέ·
828 4581 849 4627 g.
875 4568 929 4628 iieg.
955 4568 977 4616 i.
1002 4569 1100 4630 Segoer.
1125 4571 1215 4631 dogirc.
1238 4567 1334 4618 Gobicr.
1354 4573 1378 4618 et

161 4641 219 4676 run
241 4625 355 4684 ἐκείνων.
400 4634 489 4683 ibidem
517 4641 616 4698 uterque
641 4634 696 4696 bug.
721 4641 744 4684 et
794 4633 897 4684 Feicim.
918 4634 939 4684 1.
957 4631 1137 4701 γεννώμενον.
