3054 5236
433 360 921 404 conrnamonnmsnronomnnn.
1228 351 1291 414 stt

16 533 86 575 nes
121 514 400 576 resurrectionem
421 509 647 572 annunciaret?
690 509 749 572 Sed
770 527 824 572 ros
846 511 945 574 omnia
960 519 1079 592 praeter
1092 521 1227 576 naturam
1243 517 1290 578 di·
1300 535 1374 578 non.
1394 559 1397 564 ι

16 614 103 675 :itis
134 621 174 674 et
201 611 370 692 appellatis,
400 631 438 672 ne
461 613 540 672 iuxta
562 612 725 674 naturalem
748 629 871 674 sensnm
894 615 1098 676 oeconomiam
1121 625 1291 678 enarrantes

16 734 108 776 fera
138 714 328 794 proferatis,
356 731 464 792 nempe
486 713 614 774 Verbum
643 731 712 773 rere
738 713 889 774 bominem
917 715 1025 776 lactum
1047 733 1126 776 esse.
1169 717 1292 778 Dixistis

16 818 124 878 enim
154 816 231 895 ipsa
254 813 372 876 Domini
395 833 467 876 voce
490 822 629 876 testatum
652 813 722 875 illud
745 832 827 874 esse:
851 813 966 876 Sensim
989 826 1017 880 et
1039 821 1178 896 cogitatio
1196 819 1292 880 bonoi-

16 924 81 980 nis
114 921 157 978 in
181 915 302 978 malam
319 934 423 995 prono
446 925 491 978 est
513 916 549 976 ab
573 915 774 984 adnleseentia
796 933 869 990 sao,
891 933 959 978 ,non
980 916 1197 996 intelligentes,
1225 937 1290 980 cum

16 1017 122 1080 dixit
150 1019 195 1080 ab
220 1016 435 1092 odolescentia,
456 1016 538 1089 illud,
562 1015 641 1094 quod
664 1013 699 1076 ab
722 1013 842 1076 inimico
864 1014 989 1078 insitum
1010 1025 1041 1078 et
1054 1017 1141 1078 letale
1163 1025 1219 1092 est,
1242 1019 1291 1079 in-

16 1121 188 1182 dicasse.
237 1117 366 1197 ldeoque
388 1118 493 1180 iurarit
515 1115 659 1178 Dominus
682 1115 772 1176 David
795 1116 965 1191 veritatem,
994 1117 1030 1178 de
1058 1119 1157 1180 fructu
1179 1119 1291 1180 renuis

17 1223 110 1283 eius
140 1239 180 1282 se
204 1217 356 1281 Christum
379 1218 543 1282 secundum
564 1235 682 1280 carnem
706 1217 908 1291 excitaturum,
932 1237 993 1280 non
1009 1219 1059 1298 qui
1075 1219 1291 1281 exllirinitatis

20 1321 227 1383 mutatione
249 1320 340 1382 bomo
363 1321 571 1400 specietenus
594 1317 739 1380 ridendus
762 1328 843 1380 esset
864 1318 1007 1398 (alioquin
1029 1320 1101 1399 quid
1123 1339 1199 1401 opus
1214 1321 1290 1382 suis·

24 1435 91 1486 set
125 1431 164 1484 ut
196 1422 309 1482 iuraret
336 1421 480 1484 Dominus
502 1419 647 1494 novior),
677 1419 730 1481 sed
758 1419 807 1498 qui
837 1421 963 1482 sormam
995 1422 1073 1510 servi
1103 1431 1291 1483 assumturus

28 1534 156 1598 esset,
184 1541 223 1584 ex
244 1522 361 1600 Virgine
383 1523 466 1584 nasci
489 1541 523 1584 ac
544 1522 647 1584 aetatis
671 1527 860 1600 staturaeque
881 1529 1069 1600 augmentum
1087 1531 1192 1584 nosue
1208 1541 1292 1584 more
1313 1563 1320 1574 „

32 1628 199 1706 accipere
222 1625 407 1702 dignaretur,
431 1631 464 1684 ut
485 1623 526 1684 ait
546 1623 723 1702 Apostolus:
750 1623 830 1696 Qnio
852 1641 924 1703 erqo
941 1628 1036 1703 paeri
1055 1627 1293 1687 communicare-

33 1739 132 1790 runt
157 1729 253 1788 corni
272 1734 302 1785 et
322 1727 472 1812 sangnini,
497 1735 526 1786 et
546 1729 610 1804 apae
633 1725 774 1785 similiter
787 1728 988 1804 participavit
1002 1727 1110 1788 eisdem
1117 1745 1126 1800 ,·
1150 1725 1292 1788 semiliter

39 1827 199 1907 quidem,
233 1821 383 1902 quianon
406 1825 593 1896 exsemine,
618 1825 670 1885 sod
694 1843 729 1884 ex
752 1824 874 1904 Spiritu,
899 1827 1008 1887 nedem
1029 1845 1117 1898 vero,
1141 1825 1292 1903 quianon

37 1915 123 1990 aliis'
146 1925 344 2006 participarit,
366 1925 419 1988 sed
441 1944 477 1986 ex
499 1926 613 1988 semiue
634 1925 725 1986 David
749 1933 779 1988 et
799 1925 933 1988 Abrabae
956 1934 986 1986 et
1006 1926 1086 1987 Adae
1102 1924 1236 2005 prodiit,
1260 1933 1294 1986 ut

43 2028 287 2108 scriptumest.
317 2077 322 2092 .
935 2021 937 2028 “

148 2331 180 2392 9.
204 2326 284 2388 ·Cur
312 2327 410 2405 itaque
431 2345 538 2388 sacras
567 2326 735 2412 Scripturas
757 2333 947 2408 apertamque
976 2326 1130 2388 veritatem
1156 2332 1292 2404 praeter-

53 2429 216 2490 mittentes
239 2425 363 2512 dieitise
383 2426 439 2502 „Si
460 2445 520 2487 non
544 2446 578 2490 ex
601 2445 634 2488 se
656 2427 723 2506 ipse
745 2428 790 2487 vir
810 2428 962 2506 apparuit,
986 2426 1040 2488 sed
1061 2425 1220 2486 humanam
1242 2443 1292 2486 as·

56 2525 240 2602 „sumendo
269 2526 466 2588 substantiam
496 2528 587 2588 bomo
616 2529 710 2588 lactus
739 2535 801 2600 est3
840 2545 910 2606 ergo
939 2527 1002 2587 rire
1032 2525 1207 2587 coniunctus
1237 2533 1293 2600 est,

16 2667 17 2670 κ
59 2627 211 2706 „eritque
232 2625 377 2686 boninus
400 2627 527 2704 gloriae,
551 2627 600 2706 qui
623 2628 778 2688 crucifixus
803 2635 862 2700 est,
887 2623 1029 2686 bomo‘?“
1074 2626 1106 2688 Si
1127 2626 1215 2706 igitur
1238 2645 1293 2706 aa<

60 2725 182 2789 dieritis
204 2725 323 2787 Petrum
345 2726 505 2787 dicentem:
528 2727 616 2789 Hunc
640 2728 794 2790 Christum
816 2738 846 2789 et
866 2726 1030 2787 Dominum
1052 2727 1126 2805 seoit
1146 2726 1227 2787 Dens
1245 2725 1295 2786 le-

60 2847 144 2904 sam,
167 2845 252 2910 quern
267 2845 320 2890 oos
337 2829 544 2908 crucifixistis,
568 2828 707 2907 quidnam
732 2829 841 2889 lactum
856 2823 1050 2904 intelligetis?
1073 2825 1103 2886 Si
1120 2825 1207 2886 Verbi
1222 2825 1293 2886 Dei-

65 2938 169 3002 tatem,
192 2927 295 3006 ecquid
318 2928 414 2989 adbuc
434 2927 560 2989 Arianos
584 2927 821 3008 reprehenditis,
844 2943 910 2988 cum
934 2925 1036 2988 eadem
1059 2945 1135 3006 quae
1157 2925 1199 2986 illi
1222 2943 1294 2985 sen·
1409 2957 1414 2962 -

26 3088 30 3096 ,
67 3027 174 3090 tiatis‘l
216 3027 247 3088 Si
270 3046 340 3088 vero
364 3047 427 3089 eam
450 3047 525 3106 quae
546 3027 577 3090 in
599 3027 695 3089 Verbo
719 3034 766 3087 est
788 3026 865 3088 servi
887 3029 1024 3101 sormam,
1047 3044 1100 3087 cur
1118 3025 1216 3088 adbuc
1237 3043 1294 3084 ro-

67 3129 185 3190 biscum
205 3127 365 3214 pugnatis?
409 3129 515 3190 Verum
531 3147 716 3208 nequaquam
739 3127 779 3188 ita
798 3126 928 3200 creditis,
951 3145 1020 3188 uam
1035 3125 1144 3187 iterum
1159 3124 1381 3191 instatiszrau.

72 3275 94 3304 ,‚
105 3229 137 3290 Si
148 3235 259 3302 natura,
283 3247 357 3308 quae
367 3229 509 3308 peccarit,
531 3227 561 3290 in
573 3227 635 3290 lieo
655 3228 786 3289 existens
801 3236 953 3306 peccatum
969 3245 1030 3288 non
1045 3226 1158 3299 lecerit,
1181 3226 1210 3287 ri
1225 3243 1296 3304 ergo

73 3377 93 3406 „
103 3328 256 3404 detinetur,
273 3329 352 3408 quod
370 3339 469 3392 autem
487 3330 514 3390 vi
532 3329 690 3401 detinetur,
707 3328 737 3389 in
750 3336 828 3390 statu
846 3335 893 3388 est
904 3327 1068 3390 violento.“
1096 3326 1134 3387 Aa
1149 3325 1247 3399 dicite,
1270 3326 1297 3386 si

73 3449 135 3494 nou
149 3447 267 3510 peccare
283 3449 319 3492 ex
333 3431 514 3492 necessitate
530 3431 573 3504 lit,
596 3447 719 3510 peccare
734 3427 896 3490 secundum
913 3435 1049 3489 naturam
1065 3427 1137 3502 erit3
1160 3435 1190 3487 et
1210 3427 1236 3487 si
1259 3426 1298 3487 ita

70 3547 110 3592 se
124 3549 171 3591 res
185 3530 280 3606 babet,
304 3532 472 3593 concedatis
492 3507 611 3612 oporlot
622 3538 744 3592 naturae
758 3537 922 3591 creatorem
937 3527 1050 3607 peceati
1070 3545 1138 3588 esse
1150 3526 1296 3606 opificem.

79 3631 162 3704 Quod
173 3631 197 3691 si
207 3631 410 3711 blasphemum
422 3632 492 3694 illud
504 3639 560 3705 est,
573 3640 603 3692 et
619 3631 646 3692 si
658 3647 784 3692 necesse
796 3636 843 3690 est
855 3647 889 3689 ex
901 3627 1045 3690 accidenti
1056 3635 1208 3706 peccatum
1220 3643 1299 3701 esse,

79 3731 211 3810 liquidum
233 3740 280 3792 est
302 3749 362 3790 non
383 3751 506 3812 peccare
529 3732 691 3793 secuudum
713 3740 849 3791 naturam
871 3730 975 3801 luisse,
999 3736 1087 3806 atque
1105 3728 1179 3791 adeo
1202 3730 1298 3789 sorma

81 3831 170 3902 servi,
191 3847 261 3907 quae
285 3830 315 3888 in
337 3828 425 3889 Verbi
447 3831 561 3892 Deitate
583 3831 819 3908 apparunt,·non
841 3829 870 3887 vi
892 3827 1008 3899 adacta,
1039 3827 1094 3889 sed
1115 3836 1220 3906 suapte
1242 3845 1298 3888 na-

85 4011 183 4070 omnino,
199 4011 239 4059 aed
258 4011 366 4074 proxime
384 4012 413 4060 ad
432 4011 613 4060 similitudinem
623 4011 658 4060 si·
744 4013 767 4059 b.
787 4011 821 4060 lte
846 4011 945 4070 Seguer.
973 4009 1071 4058 Gobler.
1098 4017 1122 4058 et
1145 4009 1250 4060 Felelim.
1268 4011 1302 4072 l.,

85 4079 178 4141 gnificat.
711 4093 772 4142 qnos
791 4077 924 4139 sequimur.
959 4075 1021 4123 Editi
1046 4089 1101 4123 nero
1127 4091 1180 4125 oum
1199 4078 1301 4127 caeteris

120 4161 138 4194 e.
154 4145 189 4192 Sic
209 4145 308 4204 sogum.
332 4151 404 4192 reete.
441 4141 501 4192 Editi
525 4157 581 4193 nero
609 4155 660 4190 aa·
711 4159 771 4194 mss.
787 4139 909 4208 μορφῆς.
935 4135 981 4189 καὶ
992 4133 1196 4195 neilrrlaaroie.
1227 4143 1300 4193 Paulo

90 4206 226 4326 ριὶπιῃιέιως
244 4203 282 4258 at.
325 4211 389 4259 lutra
407 4209 505 4270 Seguer.
530 4210 598 4259 solus
617 4201 661 4258 ὅτι
710 4219 768 4288 post
785 4209 883 4325 Gobleq.
896 4217 926 4326 fet
943 4209 1047 4323 Fselclm.
1058 4199 1157 4326 c{Nica
1180 4201 1198 4329 l
1215 4203 1302 4329 ἐμιαε-

92 4291 105 4324 o
152 4291 176 4325 ετ
205 4291 250 4323 ων.
712 4288 827 4325 roaca-
879 4291 930 4325 nro
968 4289 1049 4325 eoer.
1079 4291 1093 4325 ο
1122 4293 1188 4328 ene
1235 4295 1302 4330 ec·

119 4293 137 4394 l
156 4291 298 4406 talamum.
334 4343 395 4394 Editi
413 4359 468 4393 vero
486 4336 515 4399 ἐξ
532 4333 624 4390 αὐτοῦ.
714 4293 795 4397 mlum
815 4345 837 4394 l.
855 4336 888 4390 τὸ
907 4337 937 4391 δὲ
953 4291 1113 4410 trldooyxo.

51 4407 54 4414 ’
122 4427 140 4472 g.
157 4413 246 4490 Sequor.
266 4409 336 4460 Gobl.
356 4419 379 4460 et
397 4411 501 4461 Felelm.
521 4411 541 4460 l.
560 4403 662 4476 λαμρἆ-
747 4415 762 4461 i.
787 4411 887 4474 Seguqr.
904 4405 1085 4475 βλαςφημὶας.

93 4469 262 4536 vocalitatis
288 4469 432 4542 τοῦλόγου
459 4471 598 4538 θεότητος,
617 4473 663 4526 nal
746 4480 769 4529 l.
788 4480 853 4528 llaec
876 4479 900 4526 in
924 4478 1071 4541 Synodon.
1099 4479 1184 4530 nont
1214 4475 1300 4540 [bonai

94 4538 167 4599 otto«,
184 4547 256 4596 nde..
276 4545 327 4594 ttox
341 4537 411 4596 iiderb
426 4541 460 4592 cie
479 4538 524 4592 ἴσα
542 4539 659 4594 ἐκείνων.
714 4545 787 4595 Cone.
805 4545 867 4596 Call.
886 4545 1001 4596 Tomlll.
1021 4561 1045 4610 p.
1059 4541 1138 4610 aaa}
