3170 5266
659 335 833 380 amaranto.
1325 331 1366 396 23

144 483 200 562 cm
227 482 388 562 theologus
417 483 473 546 iuit
501 501 631 566 nuquam
660 493 793 548 minutus
822 483 859 548 ab
886 485 1094 568 philosophiae
1120 493 1222 556 studio
1245 505 1276 558 at
1297 515 1363 573 usu,

144 584 313 663 bp'pbauius
346 585 485 664 proiecto
519 584 545 647 is
576 596 638 659 est,
672 587 779 649 vindex
811 586 860 650 ille
889 587 1057 652 traditionis
1086 594 1259 658 ncerrimus.
1304 597 1362 661 Ac-

140 685 208 746 mdit
227 686 309 765 qnod
342 683 464 764 plebeio
497 687 568 750 stilo
602 705 676 750 usus
707 697 770 761 est,
802 706 861 768 quo
894 691 1016 752 nomine
1049 691 1107 756 iarn
1135 705 1255 760 contus
1277 711 1361 763 esta

136 786 235 848 Pbotic
256 786 327 848 cod.
354 789 426 850 tat.
454 782 514 870 τὴν
543 785 725 873 depedace
746 785 906 866 ταπεινός
927 812 964 855 re
991 792 1046 856 καὶ
1070 786 1127 858 οἶα
1149 793 1233 873 εἰκὸς
1251 791 1361 865 Ἀττι-

137 889 190 972 κῆς
213 887 376 963 παιδείας
403 879 603 972 ἀμελέτητον
637 887 814 973 elumen.
875 892 956 954 idem
984 893 1087 956 sitium
1116 897 1248 960 lurtssse
1276 903 1360 965 etiam

138 987 330 1069 Hieronymus
354 989 391 1050 de
413 989 486 1052 uiris
508 990 614 1052 illustr.
638 1011 663 1054 c.
689 997 758 1057 114.
783 994 890 1056 tectius
912 995 1078 1074 significare
1100 999 1202 1072 voluit,
1227 1001 1275 1062 ubi
1290 1002 1360 1082 Epi-

136 1092 237 1169 pbanic
261 1092 418 1152 etiamtum
440 1093 604 1170 superstite
627 1093 676 1167 ait,
700 1093 783 1156 illius
805 1099 924 1176 scripto
945 1098 982 1160 cb
998 1099 1128 1162 eruditis
1147 1114 1282 1182 propter
1303 1122 1361 1175 res,

138 1192 411 1273 esinpb'ricribes
431 1203 565 1273 propter
585 1194 679 1256 oerbo
707 1193 849 1258 lectitari.
893 1195 995 1276 ltaque
1017 1197 1183 1262 incuratus
1214 1202 1284 1263 licet
1312 1221 1360 1264 ac·

138 1293 340 1355 commodatus
356 1293 395 1354 sit
411 1293 439 1354 ei
455 1293 592 1367 consilio,
616 1313 673 1374 quo
690 1314 758 1358 curn
773 1295 810 1358 ab
823 1296 995 1360 'lemmasio
1012 1299 1122 1364 editum
1140 1321 1209 1364 esse
1221 1303 1362 1378 diximus,

138 1403 228 1456 tamen
252 1396 292 1456 ita
315 1403 506 1474 comparatus
528 1403 585 1466 est,
610 1406 643 1457 ut
663 1396 808 1470 rationes,
831 1399 938 1479 quibus
955 1417 1011 1464 nos
1028 1402 1170 1476 ducimur,
1194 1404 1231 1464 ab
1255 1405 1360 1466 eodem

137 1495 165 1556 in
193 1496 407 1558 liibliotbecam
441 1496 602 1558 inserendo
624 1513 681 1560 nos
709 1508 844 1560 avocent.
887 1501 1030 1564 Nimirum
1059 1503 1114 1564 riri
1142 1503 1221 1566 illius
1250 1504 1359 1567 eruditi

137 1597 297 1660 institutum
331 1597 404 1669 init,
439 1598 549 1676 scripta
572 1597 714 1675 quaedam
736 1611 864 1679 patrum,
885 1601 915 1663 in
938 1603 1046 1682 quibus
1069 1623 1184 1668 summa
1207 1605 1359 1668 doctrinae

139 1699 308 1761 christianae
341 1699 473 1760 breuiter
505 1697 649 1770 traditur,
687 1701 717 1761 iu
751 1705 994 1766 institutionibus
1031 1705 1204 1784 tbeoiogieis
1238 1707 1360 1768 collecta

140 1801 239 1872 edere,
266 1801 342 1863 sinit
370 1801 401 1860 in
425 1801 522 1860 tronto
545 1800 619 1862 tomi
645 1801 733 1880 primi
761 1802 834 1864 haec
860 1805 1000 1883 leguntur
1027 1805 1132 1867 rerba:
1162 1805 1360 1884 eornpleotess

145 1903 295 1964 immun
315 1903 455 1964 ordriaeus
477 1913 647 1981 temporum
668 1905 814 1983 cpauculc
837 1916 902 1968 tum
923 1905 1021 1968 lutino
1043 1915 1106 1968 tum
1126 1923 1251 1986 puero,
1287 1925 1362 1987 puae

147 2003 253 2064 euru
280 2009 457 2084 mesaspus
487 2002 679 2083 patefaciunt
700 2005 740 2068 od
762 2004 967 2067 ecclesiastico
1000 2007 1145 2084 dogmata.
1190 2006 1223 2066 ln
1247 2024 1307 2088 qno
1330 2005 1361 2068 id

142 2103 226 2165 simul
244 2105 392 2184 spectarit,
417 2112 451 2165 ut
471 2102 631 2165 lectoribus
653 2104 901 2183 persuaderetur,
925 2106 1032 2167 veteris
1054 2107 1195 2168 ecclesiae
1218 2107 1358 2170 doctores

140 2202 169 2264 in
189 2205 309 2267 decretis
332 2204 490 2284 religionis
513 2203 691 2266 christianae
706 2205 742 2266 ad
758 2206 929 2268 traditionis
952 2225 1086 2268 normam
1103 2208 1260 2270 tractandis
1283 2227 1356 2272 eau-

142 2304 202 2366 den
221 2307 380 2368 observare
404 2305 589 2376 methodum,
611 2323 699 2385 quiam
716 2306 805 2368 bodie
827 2307 951 2369 ecelesia
973 2325 1098 2369 romana
1114 2315 1221 2371 teneat.
1264 2309 1357 2372 Nobis

140 2423 203 2468 sero
223 2407 299 2469 aliud
322 2425 395 2468 esse
417 2406 617 2487 propositum,
641 2407 714 2469 satis
736 2427 885 2488 superque
906 2409 964 2470 iem
988 2408 1097 2470 dictum
1121 2419 1175 2471 est.
1221 2409 1357 2473 Cetemm

138 2525 220 2586 quum
234 2507 433 2588 Epiphaniam
458 2510 490 2568 in
515 2507 653 2568 manibus
680 2508 851 2580 habeamus,
874 2527 1108 2572 commemorare
1129 2509 1210 2573 lubet
1231 2512 1357 2573 alterum

140 2609 260 2670 eimdem
278 2609 426 2682 libellum,
448 2605 610 2689 σύντομον
639 2600 749 2693 ἀληθῆ
771 2606 867 2693 λόγον
894 2609 972 2694 περὶ
1001 2615 1147 2688 πίστεως
1175 2609 1359 2692 καθολικῆς
1409 2636 1411 2645 ·

140 2707 188 2772 eui
208 2701 431 2793 ἆποσταλικῆς
453 2705 638 2790 baducing,
658 2710 708 2788 qui
731 2718 867 2792 tauquam
889 2711 1019 2774 clausula
1041 2713 1140 2792 magni
1164 2712 1201 2773 de
1224 2711 1359 2772 baeresi-

143 2809 193 2872 bus
220 2812 317 2891 operis
341 2830 358 2872 a
381 2811 501 2872 Petavio
534 2809 621 2872 Toni.
643 2810 666 2870 l.
699 2830 730 2890 p.
762 2815 854 2876 1078.
883 2832 927 2890 sq.
962 2825 992 2875 et
1022 2813 1183 2893 separatim
1218 2811 1321 2870 itidem
1335 2805 1359 2873 'a

142 2911 297 2974 Tommasio
322 2911 412 2974 Tum.
433 2911 484 2973 lll.
506 2929 535 2990 p.
552 2913 624 2976 399.
648 2931 693 2991 sq.
717 2911 815 2973 editos
837 2921 892 2974 est.
937 2913 970 2975 ln
993 2913 1051 2974 boc
1066 2931 1127 2972 non
1149 2909 1245 2970 selum
1262 2909 1360 2980 tidem,

143 3014 291 3076 sedetiam
314 3013 394 3074 ritus
417 3021 448 3074 et
467 3021 624 3094 praecepta
647 3031 808 3092 moresque
836 3022 922 3092 atque
944 3011 1114 3073 universam
1144 3009 1239 3070 ideam
1262 3010 1358 3072 eecle-

142 3113 196 3174 siae
221 3114 383 3176 cntbolicae
412 3111 596 3176 adumbravit
622 3113 661 3176 ita
691 3121 724 3175 ut
750 3113 808 3184 iis,
843 3113 894 3190 qui
922 3109 1097 3172 memoriam
1128 3109 1171 3170 sei
1201 3111 1358 3191 imaginem

140 3215 268 3278 edesius
290 3215 371 3276 illius
395 3214 497 3276 aetatis
512 3213 863 3294 repraesentarerolunt‚
886 3210 1013 3272 maxime
1035 3211 1284 3274 commendandus
1307 3213 1356 3276 sit.

139 3315 272 3388 Simiiter
297 3315 506 3378 Theodoretus
533 3315 564 3376 in
587 3311 768 3398 Αἱρετικῆς
795 3313 1002 3394 κακομυθίας
1028 3308 1170 3398 ἐπιτομῇ
1197 3323 1357 3394 postquam
1411 3359 1413 3364 -

139 3427 257 3494 quatuor
278 3415 431 3497 prioribus
453 3415 538 3478 libris
566 3415 679 3477 tabulas
707 3415 870 3476 haereticas
899 3411 1060 3488 enarravit,
1089 3422 1222 3478 extremo
1251 3416 1356 3495 quinto

139 3517 209 3578 libro
230 3517 288 3578 iilis
309 3513 352 3580 τὰ
373 3517 454 3580 θεῖα
477 3511 635 3600 δόγματα,
659 3516 836 3589 laisiacum,
859 3515 940 3576 brevi
961 3515 991 3577 in
1014 3524 1175 3597 conspectu
1198 3519 1356 3596 opposuit:

139 3636 219 3696 quem
239 3618 350 3680 librum
372 3617 562 3680 Tommasins
588 3615 790 3695 praetermisit
816 3618 943 3678 sortasse
970 3627 1129 3698 propterea
1152 3617 1232 3697 quod
1254 3616 1355 3678 Thec-

138 3718 255 3780 doretus
278 3737 315 3780 ex
337 3719 483 3782 sententia
498 3717 642 3782 ecclesiae
663 3717 823 3780 radiolicae
837 3736 898 3779 uon
915 3717 944 3778 in
966 3730 1089 3799 patrum
1112 3735 1238 3780 numero
1261 3717 1355 3779 habe·

138 3828 197 3892 tur,
231 3839 397 3899 quanquam
429 3821 454 3882 is
477 3819 649 3882 Tertulliani
678 3819 748 3880 item
777 3817 812 3880 ab
845 3820 903 3880 hoc
925 3836 1049 3880 numero
1079 3817 1190 3879 exclusi
1224 3835 1355 3897 opuseu-

138 3919 193 3982 luut
227 3923 350 4002 recepit.
416 3921 545 4000 lienique
584 3921 621 3980 de
651 3919 864 3999 chrysostomo
903 3917 985 3978 breui
1022 3917 1174 3998 defungar.
1250 3919 1354 3981 Sciunt

140 3995 250 4095 miss,
282 4023 333 4102 qni
355 4021 466 4101 scripta
489 4022 532 4082 rel
554 4022 658 4084 leviter
679 4021 890 4102 inspexerunt,
913 4018 1109 4080 clarissimum
1139 4019 1218 4080 hunc
1245 4021 1355 4082 veteris

143 4121 273 4185 ecelesiae
300 4131 453 4185 oratorem
482 4124 512 4184 ic
541 4120 772 4202 interpretandis
799 4119 912 4201 populo
935 4121 1092 4202 scripturis
1115 4119 1209 4182 sacris
1232 4123 1354 4183 omniuo

143 4222 219 4286 etiarn
240 4243 316 4306 quae
338 4223 376 4285 ad
405 4223 492 4285 tidem
513 4223 699 4304 pertineant,
726 4223 789 4284 suis
817 4222 892 4284 loeis
921 4229 1081 4292 tractasse,
1109 4219 1162 4283 sed
1185 4229 1282 4284 tamen
1303 4241 1355 4284 re-

141 4335 240 4388 motum
256 4327 355 4388 inisse
376 4324 414 4386 ab
442 4325 490 4386 illa
517 4323 688 4406 disputandi
713 4323 889 4398 subtilitate,
917 4341 977 4404 qua
998 4321 1072 4384 aiios
1094 4329 1231 4414 oratores
1252 4341 1357 4386 sacros

139 4425 244 4490 illorum
266 4439 441 4509 temporum
462 4427 599 4506 aequales
621 4424 708 4488 etiam
724 4425 760 4486 de
781 4423 1006 4488 sublimioribus
1028 4421 1175 4502 dogmatis
1196 4430 1257 4485 turn
1281 4441 1357 4484 cou-

139 4531 271 4592 troversis
288 4533 510 4593 commentatos
525 4545 593 4590 esse
609 4533 748 4590 testatum
765 4535 820 4588 est.
850 4524 1019 4588 Secundum
1035 4521 1220 4602 disciplinam
1239 4521 1359 4583 subolae

848 4785 1536 5196 &fil
