3054 5236
408 319 522 366 conam
537 283 753 368 cabanariam!
768 324 853 368 erasa
870 325 891 367 r.
1200 313 1261 378 893

0 501 26 546 ι,
60 491 169 552 quae
197 479 281 554 gesta
303 481 381 546 sunt,
403 471 558 552 phantasia
581 491 698 553 quoque
721 474 882 536 existimari
899 475 1027 552 debent,
1050 478 1097 538 sin
1114 461 1213 540 autem
1229 480 1346 544 inam.

0 575 137 636 ¹ritate
170 575 251 636 dicta
274 575 343 648 sint,
367 574 519 655 alienaque
541 576 662 638 omnino
686 577 761 637 lacta
785 585 831 638 cst
852 576 949 638 anima
964 575 1082 640 Domini
1101 581 1256 660 aprcprio

0 675 172 754 igitandi
199 675 300 748 modo,
323 694 390 738 cum
411 675 477 736 rice
499 675 608 738 mentis
630 676 724 738 Deum
746 676 876 738 Verbum
900 676 1021 749 babeat,
1045 680 1257 744 immutabilem
1279 657 1283 665 Ι

17 797 136 839 rsum
177 779 274 840 luisse
302 776 334 838 in
350 776 507 848 dolorem,
537 777 713 838 anxietatem
736 786 767 837 et
787 778 1042 856 perturbationem
1065 780 1187 859 impium
1211 791 1259 844 est

4 881 163 958 agitare.
214 878 299 940 Etsi
321 877 478 956 Evangelia
501 877 615 938 dicant:
648 877 800 942 Turbatus
823 889 870 942 est
890 880 977 944 lesos
998 880 1136 961 Spiritu,
1158 881 1189 943 id
1213 890 1259 942 ta·

0 999 65 1042 len
95 981 249 1042 declarat
272 979 417 1040 Dominus
439 979 476 1039 de
499 978 595 1040 anima
619 978 841 1057 intelligendum
865 999 951 1054 esse,
975 982 1045 1042 dum
1068 983 1122 1043 ait:
1152 985 1259 1044 Animo

0 1101 60 1144 ea
91 1082 241 1146 turbato
263 1091 317 1143 est.
362 1081 450 1152 Quod
477 1080 504 1142 si
527 1098 598 1142 suae
620 1079 765 1142 Dominus
788 1081 903 1144 animae
927 1083 1135 1162 cogitationem
1158 1084 1256 1144 mani-

15 1193 114 1257 stat,
153 1183 190 1243 id
219 1183 278 1260 agit
305 1190 338 1244 ut
365 1181 483 1244 animae
511 1191 635 1244 nostrae
664 1199 732 1242 sese
761 1182 961 1262 adtemperet,
995 1203 1053 1264 quo
1077 1184 1121 1246 sic
1142 1192 1172 1245 st
1194 1184 1258 1246 eius

24 1286 227 1364 telligamus
248 1283 422 1362 passionem
445 1291 476 1344 et
496 1301 564 1344 eum
587 1282 801 1362 impassibilem
824 1284 1027 1346 conliteamur.
1073 1284 1256 1346 sicutenim

1 1386 173 1466 anguine
202 1385 299 1448 earnis
328 1403 400 1447 suae
422 1403 480 1445 nos
503 1384 648 1456 redemit,
677 1385 721 1445 sio
743 1383 920 1462 cogitatione
941 1385 1049 1446 mentis
1071 1404 1144 1447 suae
1166 1404 1255 1465 quam

12 1507 56 1548 ro
85 1486 194 1548 nohis
216 1487 381 1566 reportavit
400 1485 554 1548 victoriam
577 1485 624 1547 bis
646 1485 775 1546 declarat
795 1484 912 1548 verbis:
935 1485 997 1565 Epo
1020 1487 1254 1558 wirimundum,

9 1599 25 1650 t
60 1589 170 1650 alibi:
204 1588 268 1662 Qut
287 1588 366 1650 dedit
388 1587 475 1649 codis
497 1590 666 1650 uictoriam.
712 1587 771 1648 Sed
793 1586 871 1649 sicut
893 1587 1015 1666 sanguis
1037 1587 1086 1650 ille
1108 1606 1164 1668 pro
1186 1587 1341 1652 vul-roae.

0 1692 67 1752 ·ari
103 1709 123 1752 a
157 1689 219 1768 piis
247 1688 419 1750 bominibus
447 1705 598 1767 uunquam
621 1687 741 1750 babitus
763 1687 869 1762 luerit,
898 1687 977 1768 quod
999 1697 1098 1750 tamen
1120 1687 1255 1752 infideles
1372 1709 1375 1716 ·

0 1798 191 1863 utumant,
215 1789 268 1851 sed
289 1807 345 1869 pro
368 1789 489 1851 salutari
511 1789 672 1869 sanguine3
694 1790 739 1852 sic
758 1807 844 1854 mens
866 1789 914 1852 illa
936 1808 998 1850 nou
1021 1790 1147 1852 bumana
1169 1791 1255 1851 intir-

4 1920 9 1949 ι
34 1893 117 1954 itate
145 1890 291 1965 induitur,
315 1890 368 1952 sed
379 1889 432 1952 Dei
454 1897 591 1954 naturam
616 1890 743 1953 exhibet.
789 1891 896 1970 Siequo
910 1888 1253 1966 dicendusiuerithri·

0 2002 74 2055 tus
87 1992 263 2072 'perlectus
285 1992 365 2054 Deus
389 2001 419 2054 et
439 1994 592 2072 perlectus
615 1992 724 2066 horno,
753 2009 814 2053 non
835 1993 914 2071 quod
937 1993 1033 2054 divina
1057 1990 1198 2072 perfectio
1220 1989 1252 2052 in

0 2102 184 2158 lumanam
206 2093 420 2172 perfectionem
442 2101 553 2156 mutata
578 2093 627 2166 sit,
650 2094 729 2172 quod
751 2093 874 2173 impium
897 2102 943 2155 est
964 2094 1074 2167 dicere,
1097 2111 1153 2154 nec
1167 2091 1254 2154 etiam

7 2222 14 2251 t
48 2195 94 2256 od
120 2195 203 2256 duae
224 2193 425 2273 porrectiones
449 2213 466 2254 a
492 2194 672 2256 seinvicem
695 2194 806 2256 divisae
830 2194 980 2268 dicantur,
1004 2194 1083 2274 quod
1106 2205 1122 2254 a
1144 2193 1254 2273 pietate

2 2298 150 2358 alienum
181 2303 244 2364 est,
272 2313 370 2375 neque
399 2313 454 2374 per
481 2295 697 2358 incrementum
720 2296 840 2358 virtutis
863 2305 892 2358 et
913 2294 1088 2358 accessione
1110 2292 1251 2372 iustitiae,

7 2397 114 2470 absit,
139 2395 196 2458 sed
218 2396 334 2456 ratione
358 2395 535 2458 existentiae
557 2395 765 2470 indeficientis,
790 2404 823 2459 ut
844 2407 968 2475 utraque
989 2412 1067 2456 unus
1091 2393 1161 2467 sint,
1184 2413 1250 2456 om·
1322 2409 1328 2419 ·

6 2499 88 2558 nino
112 2496 284 2575 perlectus,
314 2496 392 2558 idem
415 2495 495 2559 Deus
528 2505 557 2558 et
579 2497 680 2558 bomo.
724 2497 798 2560 Nam
819 2497 930 2560 idcirco
951 2495 1098 2557 Dominus
1121 2495 1251 2558 dicebat:

10 2598 107 2660 Nunc
132 2599 237 2658 aalma
257 2613 323 2658 naec
346 2596 472 2660 tardato
498 2609 554 2660 est.
598 2597 672 2660 lllud
694 2607 791 2660 autem
815 2617 906 2668 nanc,
930 2597 959 2658 id
975 2605 1023 2658 est
1037 2615 1103 2658 cum
1119 2597 1184 2675 ipso
1198 2615 1253 2658 vo-

9 2699 79 2760 luit.
128 2695 168 2757 At
190 2705 269 2758 certe
290 2697 370 2775 quod
393 2705 457 2758 erat
479 2697 673 2777 significabat,
696 2717 759 2761 rem
783 2698 863 2759 enim
885 2715 946 2758 non
969 2696 1144 2759 existentem
1167 2698 1250 2775 quasi

11 2805 210 2880 praesentem
234 2816 383 2878 nunquam
406 2798 604 2874 nominasset,
627 2817 683 2861 uec
704 2798 788 2877 quasi
812 2797 973 2870 derebus,
997 2816 1072 2877 quae
1094 2798 1156 2859 solo
1179 2815 1250 2876 spe-

13 2903 60 2963 cie
80 2901 261 2971 existerent,
283 2915 383 2961 sermo
405 2898 590 2975 habebatur;
612 2899 685 2962 haec
705 2898 785 2960 enim
802 2898 900 2961 omnia
915 2897 1088 2960 naturaliter
1102 2907 1132 2960 et
1145 2915 1248 2959 rorera

17 3011 104 3080 gesta
127 3008 208 3062 sunt.

108 3105 159 3164 17.
204 3099 278 3162 Cum
299 3099 389 3179 igitur
410 3105 516 3162 natura
540 3110 570 3163 et
592 3119 653 3164 oon
674 3099 795 3162 fictione
810 3099 964 3162 Dominus·
977 3100 1068 3162 homo
1091 3101 1183 3162 lactm
1199 3100 1251 3172 sit,

18 3219 118 3283 neque
146 3199 309 3264 secundum
338 3210 472 3264 naturam
505 3221 603 3283 neque
632 3201 795 3264 secundum
819 3202 1022 3280 operationem
1043 3209 1196 3281 peecatum
1218 3201 1249 3261 in

18 3312 185 3366 creatorem
206 3304 320 3366 referre
342 3321 515 3382 possumus.
561 3303 636 3366 Nam
657 3303 688 3364 in
710 3311 814 3366 nostra
836 3303 954 3382 quidem
977 3312 1082 3364 natura
1098 3310 1129 3364 et
1142 3302 1247 3362 inven-

21 3407 110 3468 tionis
140 3422 239 3486 pugna
262 3404 348 3466 edam
370 3423 452 3467 nunc
472 3405 686 3477 committitur,
716 3411 746 3465 et
766 3402 879 3465 inducti
901 3403 1025 3465 seminis
1046 3411 1169 3484 propter
1190 3419 1249 3462 no·

20 3515 109 3568 stram
136 3505 366 3570 imbecillitatem
396 3506 430 3568 nt
460 3506 612 3580 accessio,
646 3504 734 3568 Verbi
763 3511 861 3566 autem
888 3503 1051 3594 incarnatio
1083 3502 1247 3565 secundum

20 3614 149 3669 naturam
172 3603 226 3668 Dei
247 3609 322 3669 lacta
343 3607 467 3687 incapax
488 3608 544 3670 luit
566 3625 679 3680 rerum,
702 3605 831 3686 quaein
854 3605 941 3668 nobis
964 3623 1000 3668 ex
1021 3611 1166 3668 vetustate
1187 3603 1243 3666 ad-

22 3705 78 3770 buc
105 3705 300 3786 gerebantur,
332 3715 514 3786 quapropter
545 3707 686 3770 docemur
709 3723 818 3767 exuere
839 3712 972 3768 retorem
995 3713 1023 3768 ct
1045 3705 1169 3766 induere
1189 3721 1248 3765 no-

25 3825 98 3870 vum.
140 3805 177 3869 Et
203 3823 254 3868 res
276 3806 351 3867 mira
372 3823 460 3879 sane,
489 3806 568 3885 quod
589 3806 668 3869 Deus
692 3806 784 3872 homo
808 3805 904 3866 tactus
928 3804 967 3865 sit
989 3811 1019 3865 et
1041 3803 1154 3883 absque
1174 3821 1248 3883 pec-

26 3925 117 3987 lolpata
135 3925 173 3988 qai
190 3925 261 3974 dedit
296 3922 459 3983 lloxSegner.
472 3913 606 3971 σῦκσινόν
657 3923 726 3973 deest
743 3921 808 3986 apud
826 3920 936 3970 Damaso.
953 3913 1102 3970 solentne
1114 3923 1136 3970 ln
1148 3922 1248 3984 Sessar.

27 3992 81 4044 τοῖς
98 3982 221 4054 εὐσεβέσι.
258 3991 349 4042 ibidem
360 3990 451 4052 anglic.
460 3991 603 4055 νομισθείη
656 3991 732 4040 deest
770 3989 821 4038 Μαι
844 3981 891 4034 καὶ
910 3980 1068 4041 κασώδυνόσ
1084 3979 1144 4036 ἔστι
1161 3991 1249 4040 absunt

29 4075 71 4124 pro
87 4053 205 4117 νοηθείη.
657 4073 669 4108 a
691 4058 790 4119 Segosa.
814 4055 887 4106 Darii.
906 4056 997 4118 anglie.
1025 4065 1048 4108 at
1067 4055 1192 4118 Damasc3
1222 4059 1245 4107 in

61 4128 76 4176 l.
99 4127 166 4187 Sego.
184 4115 232 4174 oda
249 4115 429 4190 ἀνθρωπίνην
446 4114 602 4173 ἀσθένειαν.
657 4125 711 4174 aliis
731 4133 754 4173 et
772 4125 796 4173 in
815 4124 886 4173 editis
905 4122 1024 4185 leguntur.

29 4193 91 4244 latre
106 4187 148 4241 καὶ
164 4183 250 4246 οὕτως
267 4183 302 4240 ἂν
319 4187 425 4257 λέγοιτο
443 4187 542 4244 stasne
559 4201 605 4244 etc.
692 4193 715 4241 ia.
734 4192 832 4252 Seguer.
851 4181 868 4250 ἢ
887 4183 923 4244 ὥς
940 4184 996 4238 doe.
1036 4191 1146 4244 Demeae.
1158 4191 1245 4242 ibidem

33 4261 140 4312 habentur
163 4261 224 4326 apud
255 4261 380 4311 Leontium
405 4261 499 4324 Dyzant.
524 4261 566 4310 lib.
584 4261 604 4309 l.
653 4256 810 4325 γενομένων
828 4257 885 4306 τῶν
901 4253 993 4324 λεγσμ.

33 4339 107 4380 contra
128 4329 260 4379 Nestorium
288 4337 311 4378 et
334 4328 455 4393 Eutychen
480 4327 603 4393 [Gallandi
690 4329 704 4378 i.
724 4329 823 4390 Segner.
842 4320 921 4394 ἡμᾶς.
959 4327 1020 4376 liditl
1039 4318 1118 4392 ὑμᾶς.

33 4394 88 4444 lel.
104 4398 160 4446 l’atr.
178 4398 247 4447 Tem.
260 4397 309 4446 llll.
328 4411 352 4460 p.
364 4393 444 4462 dael.
690 4397 713 4444 lt.
731 4395 830 4458 Seguer.
849 4395 922 4446 Desii.
937 4402 961 4444 ot
973 4395 1041 4456 dugl.
1060 4385 1242 4462 παραχώρησις.

67 4477 86 4524 α.
104 4465 159 4515 llaec
175 4466 317 4516 adieruntnr
333 4464 505 4515 aDamaseeno
520 4464 604 4515 liblll.
690 4463 707 4512 l.
726 4464 825 4525 Segner.
844 4463 934 4524 tngtic.
955 4463 1052 4513 Gobler.
1068 4471 1092 4512 et
1108 4462 1210 4511 l'elctm.
1223 4462 1245 4511 i.

38 4527 64 4579 de
80 4531 162 4582 orthod.
180 4533 227 4584 ilde
245 4531 349 4598 cap.23.
384 4533 476 4584 ibidem
492 4526 608 4599 γὰρκαί
657 4522 836 4581 ἐνδύσασθαι.
873 4531 1017 4582 Editietalii
1030 4521 1242 4580 ἐπενδύσασθαι.
