3226 5308
582 399 691 444 orario
705 400 749 444 nr.
766 401 881 446 nonnas
895 402 1032 448 trusos.
1345 395 1405 458 ddi

265 551 316 612 42.
361 550 445 622 Quae
466 565 533 612 eum
555 549 596 613 ita
619 548 689 622 sint,
712 547 781 622 iam,
804 549 831 610 si
852 549 958 630 placet,
980 551 1059 613 bunc
1073 552 1170 616 locum
1187 557 1499 634 expendamuezrnm.

179 649 225 712 iic
254 652 300 712 die
328 661 428 712 cutam
455 649 509 712 iilo
537 650 587 712 oei
616 650 693 712 born
714 655 903 722 Μωυσεῖ,
935 670 1029 730 neque
1057 653 1163 732 Anqeii
1183 675 1277 736 oeque
1300 658 1408 722 Filiae.

179 750 225 812 ttti
248 749 327 812 enim
349 750 432 814 bisce
453 750 484 811 in
507 750 629 823 uerbis,
662 757 839 828 quamquam
871 749 922 810 bic
952 749 1047 826 ignari
1079 753 1236 816 admodum
1267 767 1297 820 et
1318 761 1409 834 maci,

181 852 382 914 certissimum
409 869 481 914 suae
508 851 642 914 haeresis
674 857 881 929 argumentum
913 851 1081 912 consistere
1113 852 1301 918 arbitrantur.
1343 860 1410 940 ligo

142 972 148 978 ·
181 971 254 1016 sero
284 971 351 1016 cum
379 952 647 1016 haereticos-baec
675 950 839 1012 obtendere
867 950 1035 1030 iisdemque
1064 969 1134 1014 sese
1165 953 1312 1018 instruere
1334 977 1409 1021 coo·

181 1054 292 1135 spicio,
325 1053 467 1134 Gigantes
495 1053 567 1116 mibi
596 1053 698 1114 vidore
725 1051 843 1125 videor,
876 1051 927 1131 qui
955 1071 1062 1114 rursus
1083 1054 1193 1116 balium
1215 1055 1278 1118 Deo
1299 1056 1410 1124 inferre

179 1155 316 1218 audeant.
350 1155 462 1234 Nempe
483 1154 555 1216 caeli
577 1161 608 1214 et
628 1161 725 1216 terrae
746 1152 901 1226 Dominus,
923 1170 1089 1233 perquem
1112 1156 1210 1218 omnia
1232 1157 1307 1220 iacto
1329 1169 1408 1236 sunt,

179 1255 217 1318 ab
239 1255 297 1318 iliis
319 1256 355 1318 de
378 1255 426 1318 die
444 1263 477 1318 et
498 1255 573 1316 bora
594 1254 644 1316 ilio
666 1253 822 1326 iudicatur,
845 1261 875 1314 et
888 1253 1028 1327 Verbum,
1051 1254 1096 1316 cui
1121 1256 1220 1318 omnia
1241 1266 1313 1320 nota
1328 1268 1411 1334 sunt,

180 1357 218 1419 ab
240 1357 298 1420 iliis
320 1366 476 1420 decusatur
497 1365 634 1437 tauquam
656 1355 707 1434 qui
730 1354 808 1416 dmm
830 1353 912 1417 ilium
934 1355 1061 1434 ignoret,
1083 1355 1176 1418 Filius
1198 1356 1336 1438 denique,
1358 1361 1409 1440 qui

178 1457 296 1520 Patrem
318 1458 415 1538 ipsum
439 1457 600 1536 cognoscit,
624 1456 681 1518 diei
704 1457 809 1518 boram
831 1455 948 1518 nescire
970 1456 1093 1530 diuitum
1115 1457 1222 1536 quibus
1245 1459 1314 1538 quid
1330 1461 1407 1524 etut-

178 1559 237 1622 uus
259 1559 334 1632 dici,
356 1559 403 1620 rel
425 1577 499 1638 quae
520 1576 575 1638 per
594 1557 712 1620 insania
733 1555 834 1636 possit
855 1553 948 1618 esaei
984 1556 1041 1620 Por
1062 1557 1190 1621 Verbum
1213 1559 1311 1624 omnia
1332 1562 1408 1626 iacta
1438 1602 1442 1611 ·

178 1668 265 1733 sunt,
289 1667 441 1748 tempora,
464 1666 673 1738 tempestatas,
696 1676 773 1728 nox,
796 1656 878 1728 dies,
900 1675 951 1718 res
975 1675 1080 1720 omnes
1103 1668 1235 1734 creatae,
1258 1669 1288 1723 et
1309 1669 1408 1726 tamen

179 1761 278 1842 opifex
312 1779 388 1840 opus
420 1759 528 1820 dicitur
559 1755 720 1836 ignorare?
764 1758 852 1820 Certe
881 1757 947 1838 ipsa
975 1758 1112 1822 lectionis
1136 1760 1230 1824 series
1252 1762 1356 1824 borum
1378 1771 1409 1826 et

178 1861 257 1926 diem
280 1861 358 1922 illem
380 1879 397 1920 a
420 1859 495 1922 Filio
509 1860 563 1920 bei
587 1859 727 1938 cognosci
749 1859 846 1930 docet,
869 1861 1058 1939 quantumvis
1078 1861 1206 1922 Arianos
1227 1863 1407 1943 praecipites
1436 1897 1443 1908 ·

177 1971 245 2044 aqut
264 1980 321 2024 sna
342 1961 469 2024 inscitia.
514 1959 666 2038 Siquidem
695 1959 760 2032 iiie,
793 1959 844 2038 qui
873 1959 948 2020 dixit
974 1979 1067 2042 oeque
1090 1961 1204 2035 Filius,
1240 1962 1319 2026 idem
1340 1963 1407 2043 ipse

47 2064 53 2070 '
177 2063 329 2144 &uentis
363 2081 437 2142 quae
469 2061 547 2124 diem
582 2061 663 2124 ilium
695 2061 871 2122 antecedere
899 2060 1025 2122 debeam
1058 2064 1206 2124 enarravit
1233 2063 1406 2128 huiusmodi

176 2164 290 2230 verbis:
327 2163 408 2225 Haeo
436 2171 466 2224 et
493 2163 567 2224 baec
588 2163 686 2225 futura
708 2170 795 2235 sunt,
825 2161 933 2222 deinde
954 2169 1093 2240 sequetur
1114 2163 1194 2224 tinia.
1237 2163 1325 2243 Atqui
1347 2165 1405 2238 itte,

175 2265 225 2343 qui
254 2283 305 2338 ea,
337 2283 411 2344 quae
441 2265 500 2326 diei
530 2263 571 2324 itti
600 2271 814 2343 praecurrunt,
845 2261 946 2335 novit,
979 2262 1056 2324 diem
1079 2281 1197 2342 quoque
1219 2264 1333 2344 ips'uru,
1356 2265 1419 2344 qui.

174 2365 326 2445 pmodicte
348 2373 394 2426 eat
415 2372 581 2435 secuturus,
606 2363 672 2424 aine
693 2362 785 2424 dubio
808 2362 958 2441 cognitum
979 2362 1077 2424 babet.
1113 2364 1245 2443 Namque
1260 2365 1286 2425 si
1301 2365 1405 2427 boram

176 2466 253 2528 ibam
277 2483 337 2526 non
360 2471 478 2536 nosset,
499 2479 597 2542 oeque
618 2481 663 2536 aa,
687 2477 763 2541 quae
785 2462 879 2541 ipsam
895 2463 1084 2536 antecedunt,
1106 2471 1212 2543 posset
1228 2463 1406 2544 significare,

177 2563 281 2642 utpote
303 2565 424 2642 ignarus
447 2563 635 2642 quandonam
659 2563 757 2624 sutura
778 2562 826 2625 iila
848 2563 921 2626 bora
944 2573 1034 2624 esset.
1078 2563 1237 2626 Enimvero
1261 2565 1404 2644 quemad·

179 2662 301 2724 modum
323 2662 438 2741 siquis
461 2661 581 2724 domum
604 2663 649 2723 vel
671 2664 772 2724 urbem
795 2663 920 2743 aliquam
936 2663 1141 2743 ignorantibus
1157 2664 1287 2727 indicare
1302 2665 1490 2728 roiensem

179 2781 223 2835 ee,
246 2781 322 2842 quae
344 2773 412 2824 aute
434 2763 555 2825 domum
570 2763 615 2824 rel
630 2761 733 2824 urbem
749 2771 920 2838 ocemrum,
942 2767 1078 2837 referret,
1101 2764 1298 2846 omnibusque
1314 2783 1404 2829 enar·

176 2863 249 2948 ratis
281 2863 409 2926 diceret:
446 2863 558 2924 Deinde
591 2864 687 2925 statim
720 2865 792 2926 urbs
821 2865 866 2926 rei
893 2864 1001 2926 domus
1025 2872 1177 2939 occurren
1209 2866 1287 2928 baud
1316 2867 1406 2929 dubie

175 2972 284 3027 nosset
304 2963 372 3036 ibe,
397 2963 514 3026 ubinam
537 2965 642 3026 domus
664 2965 710 3027 rei
734 2964 805 3026 urbs
828 2973 967 3026 exstaret.
1012 2963 1076 3026 Nisi
1099 2965 1178 3026 enim
1199 2975 1405 3046 cognosceret,

176 3083 232 3127 nec
253 3065 321 3140 iiia,
344 3083 419 3144 quae
441 3072 509 3126 ante
530 3065 611 3144 ipsas
634 3077 806 3140 occumunt,
829 3067 953 3128 auderet
976 3065 1116 3140 indicere,
1139 3085 1177 3128 ne
1199 3065 1336 3127 videlicet
1355 3065 1403 3125 io-

175 3184 279 3230 corum
300 3165 486 3244 ignoratione
507 3165 696 3230 audientibus
717 3166 822 3246 procul
844 3165 1008 3229 divertendi
1031 3185 1118 3228 causa
1139 3169 1233 3238 toret,
1263 3165 1310 3228 vei
1338 3165 1405 3245 ipse

175 3266 206 3327 in
229 3285 262 3329 re
285 3267 477 3346 significanda
504 3267 635 3328 insciens
665 3277 787 3330 erraret.
838 3268 881 3329 lta
915 3268 1153 3348 quandoquidem
1186 3267 1330 3328 Dominus
1360 3283 1407 3339 eo,-

174 3386 250 3447 quae
272 3367 331 3429 diei
352 3367 394 3428 illi
417 3376 447 3428 et
468 3368 559 3428 borae
582 3377 785 3446 praecurrent,
808 3367 906 3442 edicit,
929 3368 1080 3430 fatendum
1103 3385 1174 3428 aene
1193 3375 1247 3440 est,
1270 3374 1404 3428 accurate

174 3468 255 3531 illum
290 3487 399 3540 nosse,
433 3467 573 3548 nulloque
604 3469 695 3530 modo
727 3469 883 3549 ignorare,
916 3468 1103 3548 quandonam
1132 3465 1179 3528 ilia
1207 3467 1281 3528 bora
1304 3467 1405 3528 diesve

176 3579 338 3732 mmtngt
356 3669 416 3730 Cur
438 3677 535 3731 autnn
559 3669 638 3750 quod
659 3653 755 3748 probe
777 3667 905 3741 sciebat,
929 3677 1000 3730 tunc
1021 3685 1082 3728 noo
1105 3675 1205 3746 apeme
1227 3666 1334 3731 dixerit
1355 3665 1402 3726 di·

175 3769 310 3850 scipulis,
333 3769 481 3838 euriosius
496 3765 647 3848 inquirere
669 3769 880 3854 nemodebet,
902 3787 968 3830 cum
991 3767 1040 3830 iile
1063 3767 1198 3830 tacuerit.
1234 3767 1310 3840 Qas'c
1325 3770 1404 3830 rauba

209 3936 230 3970 e.
249 3923 290 3971 Sic
307 3923 356 3984 bias
378 3921 399 3970 l.
417 3921 516 3982 Sequor.
535 3921 606 3970 (tobi.
625 3920 762 3971 etieietam.
816 3912 831 3979 ἦ
850 3911 930 3968 οἰκία.
966 3921 994 3968 tt
1011 3918 1084 3967 editio
1102 3916 1220 3966 Commel.
1238 3919 1274 3966 rie
1292 3917 1404 3966 baucio·

175 3989 200 4040 1.
234 3995 263 4040 nt
280 3988 320 4038 aiii
339 3997 363 4038 et
380 3987 437 4037 editi
459 3979 520 4052 ᾔδει
536 3979 587 4046 τὴν
604 3977 696 4052 ὤραν,
716 3979 765 4036 otia
815 4001 869 4038 cum
889 3985 973 4035 babet:
992 3976 1102 4032 meua»
1119 3975 1149 4031 di
1166 3975 1257 4030 πάντα
1269 3976 1402 4048 σημάνας,

174 4046 210 4106 ἂν
226 4049 262 4104 roi
278 4065 324 4106 otc.
361 4056 451 4105 ibidem
470 4057 527 4116 tteg.
542 4053 563 4102 i.
582 4062 606 4104 et
623 4055 763 4115 seguntia.
814 4043 949 4106 recidatur
966 4041 1047 4115 dryite
1064 4041 1078 4110 ἡ
1097 4045 1175 4104 πόλις
1190 4041 1237 4098 cui
1254 4041 1269 4108 ἧ
1289 4041 1369 4098 edsio.

173 4113 329 4188 δσήμαινθ.
364 4123 443 4174 Ceteri
461 4133 485 4172 et
502 4123 559 4171 editi
577 4113 720 4185 ἐσήμανεν.
849 4135 872 4181 q.
892 4119 962 4168 sicii
996 4119 1035 4168 .i.
1051 4117 1181 4178 essequo.
1217 4119 1258 4166 ilat
1276 4117 1332 4166 itam
1349 4111 1405 4194 ηοξ

209 4191 225 4240 i.
250 4191 307 4253 iteq.
327 4191 350 4239 t.
374 4199 398 4239 et
422 4190 521 4250 Segusa
546 4179 562 4246 ai
585 4185 634 4246 τῆς
649 4179 763 4242 πόλεως,
817 4197 845 4236 τε
859 4189 883 4235 in
902 4189 958 4247 iteq.
987 4219 993 4234 .
1029 4185 1108 4234 Ceteri
1133 4194 1155 4234 at
1178 4184 1235 4234 editi
1254 4174 1323 4232 ὅπου
1340 4193 1403 4242 πει

173 4257 294 4322 iidemque
312 4259 401 4308 ibidem
419 4265 443 4306 et
460 4256 559 4306 Gobter.
577 4270 606 4304 ac
624 4255 728 4304 Fetebm.
742 4255 764 4304 1.
815 4245 955 4308 attexui
971 4244 987 4312 ἦ
1007 4243 1086 4300 cota.
1122 4251 1196 4330 Pauiq
1220 4260 1284 4327 post,
1302 4256 1405 4325 aterque
1423 4301 1433 4320 ⁶

173 4317 283 4384 &ciriae
317 4325 362 4374 atii
390 4331 415 4374 ct
441 4323 498 4374 editi
520 4313 567 4370 aci
589 4321 637 4382 tric
658 4315 763 4374 atuor
816 4320 872 4384 Rau.
892 4328 915 4372 st
932 4322 1032 4382 Seguer.
1049 4311 1161 4384 μακρὰν
1178 4327 1328 4382 namquo.
1358 4315 1404 4370 tbi

174 4385 276 4448 διεξίοι
310 4392 363 4442 bion
382 4391 438 4452 fleg.
457 4390 480 4440 l.
504 4393 603 4448 sequar.
622 4389 720 4438 Gobter.
738 4397 763 4440 et
814 4395 837 4439 st
855 4388 912 4438 editi
929 4380 1041 4454 μακρὰν
1056 4377 1215 4445 ἀποστήσει.

174 4459 279 4510 Fabius.
300 4460 321 4510 l.
339 4453 429 4524 Myos.
454 4443 499 4506 ἅτ’
519 4449 601 4509 εὐθὺς
617 4448 633 4516 ἡ
651 4448 762 4514 adini
848 4457 872 4505 b.
889 4455 930 4505 Sie
953 4455 1011 4517 iias.
1033 4455 1054 4504 1.
1077 4455 1177 4514 Sequor.
1194 4451 1286 4512 turtio.
1306 4447 1404 4506 bobien

174 4517 254 4576 utute
290 4527 348 4589 ber.
368 4526 389 4575 t.
409 4515 425 4584 ἢ
443 4517 459 4584 ἡ
478 4513 558 4574 οἰκία.
585 4521 761 4585 bremond.
814 4529 838 4574 at
855 4521 961 4571 betebm.
983 4522 1005 4572 l.
1045 4522 1074 4570 tt
1091 4521 1132 4570 atii
1150 4527 1172 4568 et
1192 4518 1266 4567 editio
1284 4514 1404 4566 Comaei.

173 4595 266 4657 brebe.
282 4601 307 4644 at
325 4593 430 4644 ietebm
448 4591 472 4644 i.
491 4581 573 4644 tidie
589 4581 605 4648 ai
622 4581 701 4642 πόλις
716 4581 763 4638 ani
814 4590 927 4648 orantum
943 4581 991 4636 eet
1007 4575 1280 4653 iipdqudricrmr.
1311 4580 1402 4638 tbidaut
