3176 5304
215 390 256 453 20
619 407 645 449 ε.
660 407 813 452 amman
827 407 1050 452 ιιισιιιεειεεονι

127 569 205 615 Μῦν.
214 556 268 622 καί
292 553 339 634 είς
360 551 471 641 ῦβρεις
492 552 764 640 ἐκτραπήσονται,
787 556 840 620 καί
862 552 946 637 μετὰ
967 555 1071 618 ταῦτα
1085 552 1142 638 τὴν
1157 559 1300 640 σπεῖραν
1315 556 1370 620 καί
1385 553 1447 621 τὸν

214 657 398 742 Ιχιλίαρχον
427 651 680 741 ἀπειλησοοσιν·
709 653 743 722 ἐν
771 653 902 732 τούτοις
929 653 991 738 γάρ
1014 652 1103 720 ἐστιν
1126 647 1235 719 αὐτῶν
1257 651 1276 740 6
1300 653 1447 724 δοκοῦσα

214 755 374 834 σύστασις
395 758 453 840 τῆς
474 749 676 834 κακοδοξίας.
722 753 779 820 τὸν
801 754 862 841 γὰρ
884 755 943 820 τοῦ
965 756 1049 820 θεοῦ
1065 743 1168 838 ’λόγον
1184 749 1381 840 ἀρνούμενοι
1395 756 1445 824 εί-

213 859 318 935 κότως
344 857 398 922 καί
426 853 524 942 λόγου
553 854 680 933 παντός
708 854 791 922 είσιν
821 855 945 941 ἐρημοι.
990 858 1095 921 ταῦτα
1122 859 1200 941 γοῦν
1229 853 1326 934 είδώς
1347 853 1444 923 οῦδὲν

214 952 275 1024 δάν
298 951 523 1078 ἀπεκρινάμην
546 955 713 1043 ἐρωτῶσιν
729 955 884 1034 ἐκείνοις·
908 954 1076 1040 ἐπειδὴδὲ
1091 951 1167 1042 066
1184 956 1340 1036 διάθεσις
1354 953 1444 1044 ἀπῄ-

213 1081 293 1146 τησε
320 1060 442 1144 γνῶναι
468 1057 511 1123 τά
537 1056 633 1124 ἐνἰ
593 1083 632 1144 τη
656 1056 784 1144 συνόδῳ
806 1061 1016 1144 πραχθέντα,
1042 1051 1100 1139 οῦχ
1121 1052 1348 1145 ὑπερεθέμην·
1371 1052 1442 1125 ἀλλ

130 1177 203 1221 161⁰
216 1157 333 1240 εῦθός,
358 1154 403 1238 ῶς
423 1157 500 1225 τότε
521 1163 646 1244 γέγονε,
671 1157 853 1284 δεδήλωκα,
884 1151 993 1238 δείξας
1015 1153 1056 1224 δι’
1082 1153 1136 1224 δλῖ
1122 1163 1219 1242 ί,γων
1250 1155 1328 1226 ὅσον
1351 1153 1446 1226 τάσε-

214 1263 295 1347 βοῦς
323 1258 514 1349 φρονήσεως
534 1255 554 1344 6
573 1252 727 1378 Ἀρειανὴ
750 1259 878 1344 αίρεσις
901 1249 1085 1346 ἐστέρηται,
1109 1261 1163 1324 καί
1184 1258 1286 1344 μόνον
1307 1257 1445 1386 προγά-

217 1383 288 1441 σεις
308 1359 521 1430 πλάττονται.
567 1358 686 1426 σκόπει
717 1360 829 1426 δὲκαὶ
852 1358 901 1438 σῦ,
926 1356 1090 1446 ἀγαπητέ,
1113 1357 1215 1445 ἐίμη
1240 1356 1344 1437 οότως
1366 1359 1441 1441 ἔχει.

217 1461 246 1529 εί
268 1463 454 1549 θαρροῦσιν
477 1455 528 1539 οίς
552 1459 690 1547 ἐφεῦρον
713 1455 807 1527 αὐτοὶ
831 1470 952 1540 κακοῖς,
976 1459 1234 1544 επισπείραντος
1255 1455 1369 1540 αὐτοῖς
1383 1463 1443 1526 τοῦ

216 1563 374 1650 διαβόλου
396 1561 454 1648 τὴν
475 1559 732 1648 κακοφροσόνην,
757 1556 1058 1645 άπολογείσθωσαν
1075 1564 1152 1648 περί
1170 1549 1215 1627 ῶν
1232 1559 1443 1647 ἐγκληθέντες

216 1659 463 1750 ἀπεδείχθησαν
487 1661 659 1749 αίρετικοί,
683 1665 737 1727 καί
759 1659 835 1729 τότε
857 1660 978 1728 λοιπὸν
1000 1660 1248 1742 αἰτιάσθωσαν,
1274 1661 1303 1728 εί
1325 1661 1443 1728 δόνακ-

214 1791 280 1846 ται,
303 1765 345 1830 τὰ
366 1759 433 1830 κατ’
459 1759 566 1830 αὐτῶν
589 1757 786 1848 ὁρισθέντα·
810 1757 919 1841 οῦδείς
939 1761 1013 1883 γὰρ
1025 1762 1191 1847 ἐλεγχθεὶς
1206 1761 1263 1830 ἐπὶ
1279 1763 1371 1849 φόνηι
1387 1765 1442 1828 καὶ

146 1917 154 1932 .
214 1871 346 1952 μοιχείᾳ
375 1863 460 1948 μετὰ
486 1862 544 1950 τὴν
572 1864 664 1950 δίκην
689 1861 799 1948 χώραν
828 1865 893 1946 ε’χει
915 1862 972 1948 τὴν
995 1859 1170 1951 ἀπόφασιν
1191 1865 1250 1929 τοῦ
1272 1859 1444 1949 κρίναντος

216 1967 410 2044 αἰτιᾶσθαι,
441 1965 531 2030 διατί
551 1963 596 2049 μὴ
619 1959 725 2041 οῦτως
747 1958 816 2029 ἀλλ’
841 1964 972 2042 ἐκείνως
994 1963 1150 2052 ἐλάλησε,·
1182 1967 1280 2031 τοῦτο
1302 1963 1362 2050 γάρ
1385 1958 1444 2030 οῦκ

215 2066 389 2151 ἐλευθεροῖ
414 2063 471 2130 τὸν
499 2068 672 2148 κριθέντα,
703 2059 787 2129 ἀλλὰ
814 2068 867 2131 καί
890 2065 1016 2148 μᾶλλον
1039 2060 1201 2131 αὐτοῦτὸ
1224 2045 1447 2152 ἐγκλημαδιδι

215 2165 273 2255 την
301 2171 505 2252 προπέτειαν
532 2167 585 2230 καί
614 2164 673 2252 τὴν
701 2164 825 2250 τόλμαν
854 2163 1040 2243 ἐπαυξάνει.
1087 2161 1204 2232 οὐκοῦν
1231 2169 1286 2233 καί
1308 2155 1444 2251 οὗτοιῆ

217 2267 434 2335 δεικνῦτωσαν
467 2264 505 2332 τὸ
530 2264 692 2354 ’φρόνημα
726 2267 850 2332 ἑαυτῶν
885 2261 1031 2350 εῦσεβές·
1071 2273 1350 2354 καιηγορηθέντες
1381 2265 1444 2352 γάρ

215 2365 431 2457 ἠλέγχθησαν,
456 2361 494 2434 οῦ
516 2366 729 2452 μεμψάμενοι
750 2366 927 2454 πρότερον·
950 2368 1003 2432 καί
1020 2365 1148 2433 δίκαιόν
1165 2365 1236 2434 ἐστι
1246 2367 1323 2445 τοὺς
1334 2366 1445 2433 αίτια-

215 2476 338 2550 θέντας
365 2469 466 2556 μηδὲν
495 2467 605 2554 ἕτερον
635 2478 746 2534 ποιεῖν
774 2463 795 2552 6
822 2463 1078 2553 ἀπολογεῖσθαι.
1122 2460 1144 2554 6
1173 2467 1203 2533 εί
1230 2466 1270 2532 τὸ
1293 2466 1445 2546 συνειδὸς

218 2573 329 2655 έχουσι
350 2568 500 2656 ῥυπαρὸν
521 2571 575 2635 καί
599 2573 782 2655 συνορῶσιν
806 2568 940 2646 ἑαυτοὺς
963 2563 1172 2652 ἀσεβοῦντας,
1195 2567 1239 2653 μὴ
1255 2565 1444 2633 αἰτιάσθω-

218 2696 279 2740 σαν
311 2671 332 2739 6
361 2665 550 2758 ἀγνοοῦσιν,
584 2671 640 2736 λ’να
667 2670 711 2759 μὴ
740 2672 795 2737 καὶ
825 2671 966 2737 διπλοῦν
988 2667 1109 2736 θκακὸν
1127 2663 1297 2836 ἀσεβείαςὲ
1302 2667 1446 2754 ἐγκλημα

216 2777 270 2841 καί
299 2767 520 2850 ἀπαιδευσίας
547 2766 791 2858 ἀπενέγκωνται
815 2776 954 2856 μέμψιν.
1001 2761 1297 2851 ἐξεταζέτωσανδὲ
1318 2769 1446 2890 μᾶλλην
1532 2839 1539 2846 ,

217 2875 485 2966 φιλομαθῶςμι
452 2867 492 2940 66³
518 2871 747 2994 ἐπιγνόντες“
728 2900 751 2939 α
771 2871 934 2959 πρότερον
956 2865 1103 2958 ἠγνόουν,
1128 2865 1364 2957 ἀπονίψωνται
1385 2869 1447 2948 τὰς

217 2977 343 3046 ἑαυτῶν
365 2967 536 3060 ἀσεβῶς
517 2973 617 3098 ακρὰς
639 2977 686 3094 τηῦ
707 2976 766 3062 τῆς
788 2969 950 3100 ἀληθείας
972 2971 1094 3056 νάματι
1114 2975 1170 3040 καὶ
1192 2982 1265 3050 τοῖς
1278 2975 1336 3057 τῆς
1351 2965 1444 3038 εῦσε-

216 3086 310 3165 βείας
331 3075 502 3202 δόγμασιν.
533 3071 620 3143 οῦτω
641 3074 702 3161 γάρ
725 3074 817 3140 καῖ’
802 3101 836 3142 εν
858 3077 898 3161 τῇ
920 3071 1004 3139 κατὰ
1025 3079 1169 3139 Νίκαιαν
1191 3071 1319 3158 συνόδῳ
1334 3078 1448 3157 γέγονε

218 3190 290 3256 τοῖς
314 3182 392 3262 περὶ
414 3175 585 3264 Εῦσέβιαν.

294 3283 333 3342 3.
375 3273 430 3353 Ὡς
452 3276 677 3364 ἐφιλονείκουν
700 3272 895 3362 ἀσεβοῦντες
916 3276 969 3339 καί
992 3277 1171 3354 θεομαχεῖν
1187 3271 1385 3356 ἐπεχείρουν,
1402 3271 1448 3336 τά

217 3378 277 3464 μὲν
307 3373 465 3461 λεγόμενα
486 3373 565 3462 παρ’
589 3374 696 3445 αῦτῶν
719 3372 872 3460 ἀσεβείας
893 3363 932 3460 ἦν
953 3371 1067 3458 μεστά
1113 3372 1146 3439 οί
1169 3373 1205 3438 δὲ
1227 3370 1446 3448 συνελθόντες

219 3477 415 3553 ἐπίσκοποι,
439 3464 522 3559 ἦσαν
546 3471 747 3546 δίπλέον”
726 3504 746 3596 η
770 3476 910 3544 ἐλασσον
932 3474 1135 3562 τριακόσιοι,
1170 3471 1288 3560 πρᾴως
1308 3473 1362 3538 καὶ
1386 3496 1446 3559 φι-

218 3569 476 3660 λανθρώπως’
458 3573 606 3662 απῄτοον
636 3574 769 3658 αὐτούς,
800 3579 878 3698 περὶ
906 3564 952 3643 ῶν
981 3575 1091 3662 ἐλεγον
1120 3573 1250 3643 διδόναι
1271 3572 1369 3693 λόγον
1390 3575 1445 3639 καί

218 3670 407 3754 ἀποδείξεις
430 3669 583 3760 εῦσεβεῖς.
630 3701 675 3756 ως
696 3681 732 3746 δ
717 3681 802 3746 ἐκαὶ
817 3679 919 3761 μόνον
935 3677 1160 3766 φθεγγομένοι
1169 3696 1446 3761 κατεγινωσκοντο

217 3777 272 3841 καί
294 3774 380 3861 πρὸς
402 3775 538 3855 έαοτοὺς
559 3775 768 3859 διεμάχοντο,
797 3774 963 3867 πολλὴν(
947 3781 1087 3864 ορῶντες
1109 3779 1202 3866 τῆς
1209 3777 1334 3844 ἑαυτῶν
1356 3775 1445 3858 αἱρέ-

219 3899 303 3953 σεως
323 3875 382 3964 τὴν
405 3871 566 3961 ἀπορίαν,
591 3870 722 3958 ἀχανεῖς
743 3879 803 3961 μὲν
827 3879 940 3961 έμενον
963 3868 1058 3944 οὗτοι
1078 3879 1133 3944 καὶ
1157 3876 1214 3944 διὰ
1234 3881 1293 3966 τῆς
1315 3879 1449 3964 σιωπῆς

219 3969 489 4060 ῶμολόγουντὴν
512 3975 568 4042 ἐπί
591 3979 630 4062 τῇ
649 3975 849 4065 ιοκακοδοξίᾳ
871 3974 979 4044 αῦτῶν
1002 3979 1174 4067 αίσχόνην·
1198 3979 1230 4046 οί
1245 3973 1356 4046 τοίνυν
1372 3977 1448 4045 ἐπί-

219 4097 341 4139 σκοποι
364 4072 484 4138 λοιπὸν
506 4070 676 4152 ἀνελόντες
697 4075 741 4163 τὰ
761 4074 839 4161 παρ’
864 4073 972 4144 αῦτῶν
995 4077 1219 4163 ἐπινοηθέντα
1233 4075 1372 4158 ῥήματα,
1390 4075 1449 4142 οῦ·

217 4196 285 4248 τως
306 4171 459 4251 ἐξέθεντο
477 4168 545 4237 κατ’
559 4168 667 4239 αῦτῶν
677 4171 958 4259 τὴνῦγιαίνουσαν
969 4179 1023 4240 καὶ
1034 4171 1300 4260 ἐκκλησιαστικὴν
1312 4179 1448 4240 πίστιν
1497 4229 1510 4258 ,
1579 4205 1580 4234 ι

219 4269 354 4335 πάντων
376 4296 413 4336 τε
434 4267 710 4355 ῦπογραψάντων,
735 4267 891 4359 ῦπίγραη
882 4297 931 4337 αν
953 4275 1007 4337 καί
1031 4273 1064 4337 σί
1085 4274 1163 4356 περί
1185 4265 1347 4353 Εῦσέβιον
1368 4271 1446 4336 τού-

159 4451 166 4457 “
254 4468 275 4502 ι.
295 4455 336 4504 Sic
353 4467 380 4504 ex
399 4469 443 4506 ms.
457 4456 530 4534 Regio
549 4455 734 4506 emendavimus.
760 4457 806 4507 Alii
891 4457 915 4504 b
932 4457 966 4504 Ex
991 4446 1447 4520 ωτ.3ες.ριτιίω1ιιιιάνιδδίδί-

219 4527 299 4570 ιυιιιο
319 4529 343 4570 ει
360 4521 416 4571 editi
434 4515 484 4581 τήν
501 4521 624 4572 mendose.
858 4536 922 4580 mus,
940 4536 1011 4598 quam
1029 4523 1071 4574 elii
1089 4532 1113 4574 ει
1130 4523 1187 4574 editi
1205 4524 1325 4574 υιυίιιιιυι

891 4602 912 4636 α
929 4581 1015 4638 m
1032 4591 1100 4642 abest
1117 4607 1131 4642 ι
1150 4592 1223 4656 nesio
1241 4605 1287 4642 ιυι.
