3094 5318
523 381 669 425 srrsrom
685 383 704 424 ι.
720 383 758 424 ιο
774 381 971 426 sucurrones.
1277 370 1337 433 745

94 553 232 617 quoque
254 551 322 594 cum
344 532 455 594 ltomee
477 539 656 606 versaretur,
679 531 795 594 ludaeis
819 531 856 592 ad
879 549 912 594 sc
934 532 1121 594 venientibus
1136 534 1261 596 fidenter
1276 535 1426 598 aienses.

94 639 168 701 bat:
194 637 280 698 Beue
296 633 432 714 Spiritus
455 642 579 696 sauctus
603 633 722 696 locutus
747 643 791 695 est
809 652 868 713 per
881 633 1001 695 lisoium
1020 635 1201 715 propbetom
1225 637 1263 698 ori
1281 655 1342 717 pu-

97 752 169 803 tres
196 746 333 799 vestros.
378 733 416 795 Et
436 735 473 796 ad
495 732 685 796 Timotheum
707 734 781 794 haec
802 732 921 794 scribit:
950 732 1087 813 Spiritus
1117 746 1216 796 cutem
1242 740 1343 798 moui·
1443 753 1448 763 ¹

92 841 183 920 feste
210 838 299 908 dicit,
329 839 400 916 puis
426 839 461 896 iu
487 838 662 897 nouissimis
692 835 879 915 temporibus
911 834 1062 896 discedent
1083 831 1203 915 qur'doio
1224 855 1243 898 c
1266 855 1343 900 scuu

92 939 394 1023 fide‚·utteurieutes
416 935 727 1015 spiritibuserroris.
773 933 918 1005 Quocirca
942 952 1008 996 cum
1031 934 1159 1014 Spiritus
1182 936 1290 999 dicitur
1310 938 1342 1000 in

92 1040 205 1121 aliquo
232 1057 312 1112 esse,
335 1036 464 1099 Verbum
487 1035 607 1114 inipso
630 1035 704 1096 dans
720 1035 863 1113 Spiritum
885 1035 1067 1114 intelligitur.
1099 1037 1188 1099 *Hinc
1201 1057 1268 1098 cum
1282 1038 1341 1100 im-

93 1142 244 1223 pleretur
266 1138 439 1219 prophetia,
470 1156 546 1217 quae
568 1136 653 1199 dicit:
681 1136 846 1219 Effundam
876 1137 910 1198 rls
933 1136 1052 1218 Spiritu
1074 1157 1137 1200 meo
1160 1157 1254 1219 super
1277 1157 1342 1201 om·
1398 1207 1401 1222 Ι

94 1263 171 1306 uem
205 1259 345 1312 caruero,
373 1238 481 1302 Paulus
503 1239 558 1300 ait:
588 1237 757 1300 Secundum
780 1225 1091 1301 subministrationem
1113 1239 1249 1320 Spiritus
1272 1239 1342 1304 lesu

99 1345 232 1408 Christi
251 1346 283 1404 iu
304 1361 359 1404 me.
403 1341 442 1401 Et
463 1340 499 1401 ad
514 1339 685 1401 Corinthios
702 1337 778 1400 idem
795 1337 914 1400 scribit:
937 1341 983 1402 Au
999 1346 1236 1420 superstructum
1244 1360 1343 1423 puce-
1385 1413 1400 1438 ·

98 1449 179 1507 ritis
206 1446 282 1514 eius,
305 1445 357 1523 qui
376 1445 410 1504 iu
432 1461 477 1502 me
500 1440 637 1526 loquimur
662 1438 826 1504 Christus?
870 1439 901 1500 Si
924 1458 1017 1520 porro
1040 1441 1175 1502 Christus
1198 1448 1270 1514 erat,
1292 1440 1343 1521 qui
1392 1495 1395 1500 .
1445 1495 1450 1504 ,
1494 1468 1496 1474 “

100 1546 135 1616 in
160 1563 201 1605 eo
227 1542 414 1622 loquebatur,
439 1541 628 1603 manifestum
651 1546 708 1612 est,
731 1539 841 1601 Christi
865 1539 958 1602 luisse
980 1541 1140 1620 Spiritum,
1165 1541 1215 1621 qui
1238 1542 1269 1603 in
1292 1542 1342 1604 illo

97 1645 301 1725 loquebatur.
346 1642 462 1704 Etenim
485 1659 551 1703 cum
575 1639 711 1701 Christus
734 1640 763 1700 in
785 1641 865 1702 Actis
887 1641 917 1702 in
939 1642 1006 1720 ipso
1029 1642 1212 1722 loqueretur,
1235 1661 1342 1705 rursus

101 1747 156 1808 ille
182 1744 318 1805 dicebat:
352 1743 391 1805 lit
419 1761 501 1805 uuor
529 1761 593 1804 ecee
614 1741 758 1821 ollrpctus
788 1761 840 1822 epo
863 1741 982 1823 Spiritu
1011 1745 1088 1806 ectio
1110 1749 1142 1805 iu
1165 1727 1428 1816 leruselemmos't.

101 1865 187 1929 quoe
211 1851 245 1906 iu
273 1863 308 1906 ec
329 1854 462 1906 venturo
483 1853 556 1905 suut
576 1841 651 1904 mibi
669 1839 832 1921 ipuoreus,
866 1846 930 1905 uisi
956 1845 1035 1924 quod
1056 1843 1190 1926 Spiritus
1218 1857 1343 1908 coortus

99 1963 168 2028 per
186 1947 324 2008 ciuitates
337 1955 533 2026 protestatur
547 1943 621 2005 mibi
641 1944 750 2014 diceus,
774 1947 915 2023 quoniam
937 1944 1060 2006 vincula
1082 1958 1110 2010 et
1132 1947 1343 2026 tribulationes

102 2065 154 2109 me
176 2056 314 2108 moreau.
358 2035 532 2108 Unde‘cum
555 2043 656 2106 Sancti
677 2043 794 2106 dicunt:
817 2043 899 2106 Hoee
915 2045 985 2107 elisit
1000 2044 1160 2130 Dominus,
1184 2065 1244 2108 non
1259 2047 1344 2108 alitor

104 2165 184 2209 sane
216 2165 302 2225 quam
330 2147 362 2207 in
390 2146 503 2225 Spiritu
530 2153 632 2208 sancto
661 2144 838 2224 loquuntur,
872 2154 902 2206 et
929 2145 961 2206 in
990 2146 1103 2225 Spiritu
1129 2148 1286 2228 loquentes
1313 2149 1345 2210 in

104 2248 235 2310 Christo
258 2247 331 2309 haec
353 2248 455 2310 eadem
477 2247 647 2326 loquuntur.
693 2246 782 2318 Quod
804 2247 830 2306 si
851 2246 971 2326 Agabus
995 2247 1025 2309 in
1047 2249 1126 2330 betis
1149 2250 1240 2310 dicat:
1265 2248 1346 2313 Haec

106 2351 186 2412 dicit
209 2347 346 2429 Spiritus
369 2359 522 2420 sunctum.
540 2366 602 2408 non
629 2347 713 2408 aliter
740 2347 811 2408 item
840 2347 1047 2428 intelligendus
1068 2359 1123 2412 'est
1145 2369 1232 2428 quam
1254 2351 1344 2430 quod,

107 2468 179 2510 curn
205 2450 243 2510 ad
264 2450 361 2530 ipsum
385 2451 492 2512 lectum
516 2449 621 2510 luisset
641 2447 782 2522 Verbum,
806 2448 933 2528 Spiritus
958 2451 1135 2530 suggerebat
1157 2469 1233 2528 quae
1254 2449 1284 2510 in
1308 2469 1344 2512 ec

107 2549 305 2625 loqueretur,
334 2559 367 2612 ut
394 2561 424 2613 et
450 2569 526 2630 quae
547 2550 638 2611 Paulo
661 2549 853 2630 ierosolymis
881 2561 1005 2613 ventura
1032 2561 1116 2612 erant
1143 2551 1344 2614 denunciarst.
1392 2549 1400 2570 ¹
1435 2597 1442 2610 ,

106 2647 255 2710 Proiecto
277 2669 343 2712 cum
366 2651 612 2730 Spiritus‘l’aulo
631 2651 738 2712 iterum
761 2659 988 2730 protestaretur,
1012 2651 1077 2729 ipss
1100 2650 1236 2713 Christus
1260 2653 1289 2713 in
1308 2671 1345 2713 ec

107 2747 303 2826 loquebatur,
326 2751 365 2811 ita
388 2759 421 2812 ut
441 2752 569 2831 Spiritus
592 2751 796 2814 testimonium
820 2752 859 2814 sit
882 2769 1000 2832 quoque
1023 2751 1110 2812 Verbi
1133 2753 1346 2814 testimonium.

87 2849 164 2910 'Sic
192 2849 283 2910 etiam
311 2869 377 2912 cum
401 2853 526 2936 Ycrbum
556 2853 585 2914 in
615 2862 747 2914 sanctam
762 2853 920 2932 'Virginem
948 2851 1067 2914 blariam
1097 2852 1230 2925 advenit,
1259 2853 1347 2914 simul
1424 2860 1433 2870 “

110 2967 237 3028 quoque
259 2951 352 3014 adluit
373 2952 501 3032 Spiritus
524 2964 553 3015 et
573 2954 702 3016 Verbum
725 2954 755 3014 io
779 2953 892 3032 Spiritu
919 2951 1056 3032 sibiipsi
1079 2971 1188 3032 corpus
1209 2951 1348 3014 formarit

111 3059 144 3112 et
167 3052 289 3131 aptarit,
302 3071 362 3134 ‚res
384 3061 497 3115 creatas
520 3073 573 3134 per
596 3056 730 3134 seipsum
745 3053 825 3114 Patri
841 3053 1022 3134 coniungere
1045 3063 1074 3114 et
1097 3056 1204 3115 cllerre
1229 3053 1345 3114 omnia-

148 3236 173 3285 b.
194 3237 446 3300 suceessorum.
466 3239 563 3288 Goblcr.
582 3247 605 3288 et
624 3239 708 3288 Felcl-
760 3245 818 3288 tunt
854 3237 898 3286 Alii
923 3245 947 3288 et
974 3239 1029 3289 editi
1054 3241 1142 3290 babent
1160 3233 1348 3306 derisuirorir

112 3305 198 3354 manci
219 3305 240 3353 1.
287 3303 332 3354 Alii
363 3319 422 3366 vero¹
448 3312 470 3353 et
497 3305 552 3354 editi
598 3299 708 3370 ράφων.
759 3303 798 3369 τῷ
815 3297 957 3371 πνεύματι.

112 3371 208 3422 lbitlsm
228 3373 284 3434 lter.
301 3373 324 3422 2.
342 3365 374 3419 τὸ
392 3370 500 3437 πνεῦμα
517 3366 549 3419 τὸ
568 3320 657 3437 ἀξιον.
793 3388 815 3435 g.
833 3374 889 3435 lleg.
907 3373 929 3423 l.
948 3382 971 3423 et
989 3361 1127 3433 Seguerian.
1153 3367 1348 3440 σνμβησόμενᾶ

146 3455 169 3490 c.
195 3439 288 3500 nect.
307 3441 448 3502 etSegner.
466 3431 586 3494 πλάνοις.
650 3442 655 3454 ⁴
757 3454 815 3506 μοι.
842 3440 992 3503 ΜοιΒορ.2.
1013 3433 1169 3491 irremittit.
1205 3443 1348 3507 l'auloposl

147 3507 171 3555 d.
191 3508 232 3556 Sic
251 3507 307 3569 lieg.
328 3507 361 3556 l.·
376 3507 474 3568 Seguer.
499 3508 589 3569 tegite.
609 3507 707 3558 Gobler.
759 3509 814 3569 fleg.
832 3507 854 3556 1.
873 3509 1005 3571 etSeguer.
1024 3501 1227 3576 sitsprrrprripcro'
1243 3521 1300 3575 μοι,
1321 3517 1349 3558 ut

80 3605 85 3614 ,
112 3580 137 3624 et
154 3575 263 3625 l'elclm.
283 3576 305 3624 1.
325 3583 347 3626 et
362 3575 462 3689 pridem
481 3584 554 3626 recte.
599 3575 644 3625 tto
663 3591 707 3625 su·
758 3584 782 3625 et
805 3575 892 3636 legitur
915 3579 939 3626 iu
965 3590 1009 3626 ms.
1035 3577 1118 3626 codice
1141 3579 1266 3627 Alexandr.
1294 3577 1347 3627 nori

111 3651 162 3692 tem
182 3649 207 3690 et
225 3643 281 3691 editi
299 3635 344 3690 rei
395 3637 502 3696 Παῦλος
518 3635 590 3709 ἔλεγε
607 3643 707 3708 Κοριν-
758 3644 906 3694 Testamenti
929 3644 985 3694 edit.
1006 3645 1157 3694 broniensis.
1200 3645 1251 3694 blcx
1274 3645 1347 3694 iidem

112 3703 197 3761 bicor.
237 3709 328 3759 lbidem
354 3709 449 3771 licei.
470 3706 616 3776 χορηγίαν.
655 3711 706 3759 Mor
758 3712 814 3773 ltrg.
832 3711 853 3759 l.
873 3719 896 3760 et
914 3711 1053 3773 Seguerien.
1072 3705 1241 3772 ioirbabent,
1266 3711 1306 3761 alii
1325 3717 1349 3760 et

113 3777 187 3826 iirl‘em
208 3775 244 3825 illi
262 3791 304 3826 sex
324 3791 382 3826 mss.
400 3778 555 3829 eishabent:
575 3771 708 3842 καὶπρὸς
758 3778 814 3828 editi
833 3769 875 3826 tir.
1057 3783 1059 3788 ’
1171 3827 1174 3834 ,
1340 3814 1342 3823 .

112 3837 285 3910 Κορινθίους
302 3838 333 3890 δὲ
350 3835 481 3907 ἔγραφεν.
524 3845 587 3894 Editi
612 3859 666 3894 nero
686 3853 709 3894 et
794 3846 817 3894 b.
836 3845 929 3905 lirul.
950 3845 1088 3896 Gobleriau.
1108 3853 1131 3894 et
1149 3844 1254 3896 l'elclm.
1273 3846 1295 3896 1.
1313 3838 1349 3892 ris

114 3911 155 3960 elii
185 3901 233 3957 roci
261 3902 343 3956 πάλιν
368 3903 437 3973 πρὸς
463 3901 562 3964 αὐτοὺς
588 3903 710 3962 buiris
759 3901 852 3958 αὐτοῦ.

113 3969 709 4106 {tlit‘tsllttlill‘ttttittitltltt
759 3977 870 4092 esicii?
886 3975 918 4092 1⁵?
918 3976 1350 4112 ‘litatiillicitii'tbti

116 4103 267 4173 gatae-'nori
292 4111 438 4158 Testamenti
469 4111 586 4159 versionis
616 4118 707 4159 auctor.
759 4100 842 4172 uisci.
886 4109 942 4170 lies.
961 4099 984 4159 '2
1014 4099 1172 4177 ἐπιχορηγιῐ
1202 4107 1247 4159 καὶ
1276 4109 1352 4160 λαλεῖ

117 4179 163 4228 stri
189 4185 214 4226 et
239 4177 295 4226 eliti
322 4167 346 4224 si
369 4169 491 4240 δοκιμήν.
528 4177 634 4226 Graecus
653 4191 708 4226 sero
759 4167 842 4241 αὐτῷ.
886 4175 958 4227 besil.
983 4167 1168 4242 ὅοιοχορηγιῖν
1192 4173 1238 4228 uui
1260 4176 1350 4227 λαλεῖν

118 4247 173 4296 ιιοιί
187 4245 334 4296 Testamenti
354 4251 430 4294 textus
448 4235 505 4292 ἐπεὶ
523 4238 638 4309 δοκιμήν
655 4245 708 4294 sins
760 4237 790 4293 ir
808 4236 890 4307 circi.
925 4245 969 4294 llil
993 4253 1016 4294 st
1040 4247 1096 4294 editi
1121 4238 1289 4315 ἀποχορηνεῖ
1303 4242 1351 4295 stul

117 4314 167 4364 ulla
187 4327 246 4363 mss.
266 4312 321 4360 edit.
342 4311 415 4360 Oxon.
437 4311 605 4375 discrepantis.
759 4307 849 4360 λαλεῖν
866 4305 896 4360 ἒν
914 4303 994 4378 αὐτῷ.
1030 4312 1104 4362 ΡοιιΙο
1129 4324 1185 4378 post
1204 4317 1259 4378 lieg.
1280 4315 1302 4365 1.
1327 4323 1351 4366 et

152 4395 173 4430 e.
193 4381 234 4430 Sic
258 4377 353 4439 lieet.
379 4377 477 4438 Seguer.
505 4387 529 4429 et
554 4378 707 4444 inplicanus.
759 4381 861 4442 Segusr.
877 4374 1134 4447 διαμαρτυρομένου
1153 4381 1191 4447 τῷ
1209 4377 1317 4447 Παύλῳ.

118 4447 197 4498 Geteri
216 4454 240 4496 et
257 4447 314 4496 editi
333 4439 466 4504 (intortius.
490 4447 500 4458 ”
795 4450 816 4498 Ιι.
835 4449 875 4498 stc
894 4449 950 4510 lter.
969 4450 990 4498 l.
1016 4458 1039 4498 et
1056 4449 1155 4512 Seguer.
1181 4452 1221 4514 qui
1247 4458 1270 4499 et
1288 4450 1349 4499 iutra

149 4515 170 4564 l.
189 4515 230 4564 Sic
252 4515 302 4576 llep
330 4515 351 4563 l.
376 4515 514 4575 Segucrian.
543 4513 665 4572 tralleon.
684 4523 708 4565 et
759 4515 848 4566 hebent
866 4511 1061 4581 συνειςῆρχετο.
1096 4519 1140 4567 tlti
1163 4526 1187 4566 et
1204 4517 1261 4568 editi
1277 4511 1353 4565 irrisi

4 4635 11 4644 ,
121 4577 260 4632 Saluitoni.
294 4586 323 4632 tt
340 4581 434 4644 ilem.
453 4573 707 4647 silicellipuiomit-
760 4591 783 4632 et
801 4585 861 4634 loire
881 4577 1038 4648 συνήρχετο.
