3258 5276
389 363 398 394 ⁸
598 381 707 426 curro
722 383 754 426 n.
771 383 1037 428 cosrmiminos.
1175 361 1217 382 ''
1356 374 1419 438 stt

191 551 227 594 er
249 531 332 592 lactis
352 539 404 594 ant
423 531 532 610 genitis
553 531 655 594 rebus.
699 532 852 612 Siquidem
880 533 959 596 idem
986 553 1056 597 ease
1083 534 1202 598 dixistis
1223 539 1370 624 γέννημα
1389 549 1506 617 etnim

189 627 318 717 ποίημα
338 632 370 694 id
390 641 439 694 est
459 651 523 694 rem
545 633 674 712 genitam
697 644 728 696 et
748 635 865 696 tecum.
908 635 983 698 Nam
1005 635 1168 716 scripsistis
1183 639 1420 726 γεννηθέπαῆ

186 735 376 818 ποιηθέντα
402 733 434 794 id
455 743 502 796 ost
522 734 655 814 genitum
677 733 724 795 vet
746 735 865 796 lectum.
910 735 1044 797 Tametsi
1067 738 1146 798 enim
1167 738 1259 800 l'ilius
1279 741 1343 802 aliis
1366 761 1418 804 re-

186 833 245 898 bus
268 844 456 915 comparatus
479 835 568 915 longe
589 835 647 896 illis
670 835 796 910 excellit,
820 835 914 900 nihilo
938 844 1037 896 tamen
1058 837 1158 898 minus
1184 857 1232 902 res
1255 849 1301 902 est
1321 852 1417 905 creatu

187 944 221 998 ut
242 936 327 1008 illse3
348 938 457 1018 quippe
480 956 546 999 cnm
570 937 658 1000 etiam
682 937 850 1010 interrae,
873 955 949 1016 quae
971 946 1077 1000 natura
1099 945 1215 999 creatae
1236 948 1324 1012 sunt,
1346 941 1419 1003 aliae
1441 957 1446 966 ·

187 1037 251 1100 aliis
274 1037 336 1100 sint
356 1038 599 1118 praestantiores.
646 1037 735 1098 Stella
758 1037 876 1099 enims
899 1035 983 1098 stella
1006 1036 1107 1098 differt
1131 1037 1288 1117 ingloria,
1310 1055 1418 1120 resque

188 1139 260 1201 aliae
283 1157 390 1200 omnes
417 1139 496 1200 inter
523 1158 558 1202 se
586 1146 773 1218 comparatae
804 1137 953 1200 differunt.
998 1138 1060 1200 Nec
1086 1146 1185 1200 tamen
1214 1137 1326 1202 ideirco
1348 1141 1420 1204 aliae

188 1239 326 1302 dominae
348 1249 436 1314 sunt,
463 1241 536 1302 aliae
559 1238 828 1320 praestantioribus
851 1219 1001 1330 sefriunt,
1031 1239 1105 1301 aliae
1131 1257 1238 1302 causac
1261 1249 1333 1302 sunt
1353 1242 1419 1302 elh-

187 1331 312 1414 cientes,
333 1351 384 1404 aut
404 1343 477 1404 aliae
499 1342 535 1404 ah
559 1327 624 1404 adis
646 1343 731 1416 flunt,
753 1340 806 1403 sed
829 1358 934 1403 omnes
957 1359 993 1402 ex
1008 1349 1130 1404 naturae
1153 1359 1226 1402 suae
1248 1342 1421 1404 conditione

186 1441 262 1504 liunt
290 1450 321 1504 et
351 1451 505 1512 creantur,
538 1462 684 1523 suumque
711 1451 876 1504 creatorem
905 1460 960 1521 per
988 1461 1022 1504 se
1043 1442 1126 1522 ipsae
1148 1443 1344 1518 confitentur,
1376 1442 1419 1506 nti

185 1543 287 1623 psallit
307 1542 412 1606 David:
438 1544 520 1608 Coeli
541 1555 689 1606 uror-root
709 1544 840 1623 plorium
861 1543 934 1616 Do',
958 1555 987 1606 et
1010 1561 1085 1623 opus
1107 1559 1251 1606 ιιιιιιιιιιιιιι
1273 1549 1337 1607 eiua
1359 1561 1419 1606 crs-

186 1648 314 1706 moaeiot
336 1645 572 1724 firmamentum.
616 1645 743 1724 Sapiens
771 1645 844 1704 item
870 1642 1035 1704 Zorohabel
1063 1643 1103 1704 ita
1130 1643 1278 1723 loquitur:
1313 1645 1417 1710 osseo

187 1755 277 1826 terro
298 1750 457 1806 veritatem
479 1747 618 1820 invocot3
640 1745 753 1808 coelum
775 1748 866 1808 etiam
887 1749 950 1826 ipsi
969 1746 1124 1820 benedicit,
1149 1749 1304 1826 omniaque
1326 1765 1419 1828 opera

190 1848 409 1908 concutiuntur
431 1855 460 1906 et
483 1855 627 1906 tremunt.
670 1846 757 1922 Atqui
779 1846 805 1906 si
827 1846 965 1906 universa
988 1855 1067 1906 terra
1089 1845 1225 1924 opificem
1249 1845 1312 1906 sive
1334 1865 1418 1908 crea-

191 1953 288 2012 torem
310 1954 339 2005 et
361 1945 514 2006 veritatem
537 1945 650 2017 laudat,
677 1945 823 2008 benedicit
845 1947 1013 2019 attremit,
1047 1947 1112 2008 eius
1135 1955 1232 2008 autem
1255 1945 1354 2025 opilea
1375 1957 1420 2010 est

189 2044 334 2117 Verbum,
358 2045 437 2124 quod
460 2046 607 2125 elipeum
630 2046 685 2108 ait:
712 2047 775 2126 Epo
798 2067 865 2110 ιιιιιι
888 2052 1021 2120 veritur,
1042 2065 1111 2108 non
1127 2064 1198 2127 ergo
1222 2047 1350 2110 Verbum
1372 2057 1419 2110 est

187 2154 338 2220 creatum,
364 2147 417 2209 sed
445 2147 541 2226 ipsum
563 2146 661 2208 solum
682 2146 780 2209 Patris
801 2148 959 2228 propn'um
980 2157 1042 2222 est,
1073 2147 1104 2208 in
1131 2166 1190 2227 quo
1220 2148 1318 2210 omnia
1349 2156 1420 2210 sunt

187 2256 402 2326 coagmentata,
431 2257 518 2328 atqua
540 2247 618 2310 idem
641 2249 677 2310 ab
701 2248 841 2314 omnibus
865 2257 1003 2328 tanquam
1026 2248 1124 2328 opifex
1145 2248 1261 2328 hymnis
1284 2248 1417 2312 celebra-

186 2353 245 2410 tur.
289 2349 378 2424 Nam,
412 2359 444 2413 ct
471 2351 568 2430 ipsum
592 2350 720 2412 Verbum
743 2351 799 2426 ait,
827 2351 922 2412 Eram
949 2353 1032 2432 opud
1053 2349 1142 2413 illum
1165 2369 1360 2431 componens,
1389 2358 1421 2410 et

184 2449 279 2514 Peter
299 2471 383 2514 meua
405 2472 501 2534 osque
521 2453 609 2516 modo
634 2463 792 2533 operetur,
816 2465 845 2515 et
867 2471 919 2531 eqo
942 2471 1063 2532 operor.
1110 2452 1193 2524 Quae
1212 2451 1303 2512 dictio
1325 2468 1420 2538 usque

183 2553 270 2615 modo
293 2553 451 2633 siguificat,
473 2553 572 2632 ipsum
595 2560 628 2614 ut
642 2552 770 2614 Verbum
794 2572 914 2634 semper
935 2553 965 2614 in
981 2553 1068 2614 Patre
1091 2552 1231 2614 existere.
1269 2550 1420 2630 Siquidem

187 2650 275 2714 Verbi
297 2655 454 2731 proprium
478 2661 534 2726 est,
556 2653 654 2714 Patris
677 2672 766 2734 opera
788 2655 905 2718 efficere
928 2653 984 2716 nec
1006 2661 1088 2716 extra
1111 2672 1178 2715 enm
1201 2671 1281 2714 esse.

170 2747 177 2758 '
273 2752 326 2812 21.
372 2751 461 2822 Quod
490 2753 515 2812 si
544 2771 619 2830 qnae
641 2752 728 2816 Pater
748 2757 836 2829 lacit,
865 2757 967 2842 eadem
996 2763 1027 2816 et
1053 2754 1146 2816 Filius
1173 2752 1260 2824 lacit,
1290 2758 1320 2812 et
1347 2767 1421 2828 quae

161 2921 163 2934 Ι
191 2849 395 2924 coactitius,
417 2851 514 2912 Patris
537 2861 608 2914 sunt
628 2863 796 2927 creaturae,
820 2866 897 2918 certe
921 2857 947 2916 si
970 2855 1062 2917 l'ilius
1085 2863 1222 2916 creatura
1244 2859 1293 2912 est
1312 2849 1420 2924 Patris,

190 2949 236 3012 tel
256 2969 329 3030 ergo
351 2951 416 3032 ipsc
446 2952 578 3030 seipsum
606 2954 695 3016 efficit
720 2955 905 3034 proindeque
934 2935 1035 3033 seipse
1064 2961 1146 3013 creat
1171 2947 1421 3030 (quandoquidem

189 3067 265 3130 qnae
285 3049 375 3114 Pater
396 3051 476 3126 lacit,
499 3052 602 3116 eadem
623 3054 690 3116 Filii
705 3064 782 3116 *sunt
802 3059 916 3133 opera),
940 3053 1019 3132 quod
1035 3053 1170 3132 proiecto
1187 3047 1349 3112 absurdum
1365 3059 1420 3128 est,
1458 3047 1462 3052 ’

188 3169 247 3214 nec
266 3152 331 3214 lleri
353 3151 504 3215 ullomodo
526 3161 637 3233 potest,
660 3155 706 3216 rel
728 3155 754 3216 si
767 3155 865 3218 Patris
887 3172 980 3234 opera
1002 3160 1083 3215 creat
1105 3163 1134 3214 et
1155 3152 1239 3228 iacit,¹
1256 3153 1346 3231 igitur
1366 3171 1421 3215 nec

188 3271 266 3333 opus
287 3271 345 3314 nec
364 3263 499 3318 creatura
521 3263 577 3330 est,
599 3275 637 3318 ne
660 3274 727 3316 cum
749 3256 817 3335 ipse
838 3255 877 3318 ait
898 3273 985 3318 causa
1007 3255 1147 3330 efficiens,
1169 3257 1199 3316 in
1221 3243 1418 3342 rebusquae

186 3355 271 3429 liunt,
293 3356 390 3418 iacere
412 3357 579 3436 reperiatur
601 3356 681 3437 quod
704 3356 769 3436 ipse
790 3358 883 3420 lactus
907 3365 963 3430 est,
986 3372 1053 3420 cum
1068 3357 1166 3436 potius
1181 3375 1220 3420 ue
1237 3355 1503 3437 borsequinus.

137 3455 142 3462 '
185 3455 253 3518 dem
274 3457 384 3536 possit
430 3457 487 3532 Qui
509 3457 588 3519 enim
610 3458 675 3520 lieri
697 3466 802 3538 queat,
825 3468 857 3520 ut
879 3477 929 3534 ea,
959 3477 1037 3538 quae
1057 3476 1117 3520 non
1139 3467 1227 3532 sunt,
1257 3458 1365 3521 efficiat
1386 3465 1420 3520 ut

185 3556 257 3628 'sint
281 3557 308 3618 si
330 3565 364 3618 ot
384 3558 495 3637 putatis
517 3559 612 3620 taetus
636 3579 652 3620 e
673 3558 767 3621 nihilo
790 3557 860 3620 est?
904 3559 993 3642 Quod
1016 3559 1043 3620 si
1063 3559 1110 3621 ille
1124 3559 1196 3622 licet
1210 3568 1326 3621 oreatus
1341 3575 1417 3638 pos·

187 3656 228 3719 sit
247 3657 412 3736 producere
433 3667 614 3732 creaturam,
648 3667 727 3722 certe
749 3660 828 3722 idem
850 3660 886 3722 de
909 3661 1035 3742 singulis
1058 3657 1204 3723 cfeaturis
1228 3659 1286 3720 erit
1307 3658 1417 3720 intelli-

187 3759 332 3837 gendum,
360 3777 468 3839 nempe
496 3760 561 3822 illas
589 3777 707 3839 quoque
730 3779 832 3823 creare
853 3779 955 3840 posse.
1001 3761 1090 3834 Quod
1113 3761 1140 3822 si
1160 3777 1178 3821 a
1199 3757 1285 3836 vohis
1308 3775 1418 3820 conec·

205 3989 256 4026 ner.
279 3978 378 4028 Gubter.
404 3976 509 4026 Felelrn.
529 3977 552 4025 l.
570 3985 595 4026 et
611 3977 636 4026 l.
653 3972 782 4042 διαφέρει
833 3973 914 4031 (mue.
949 3976 1051 4036 Sequar.
1076 3972 1133 4022 ibid.
1150 3968 1197 4021 soi
1215 3965 1297 4030 odric
1313 3969 1419 4025 iamir.

163 4065 168 4070 ·
201 4057 218 4090 ν
235 4037 316 4110 δόξῃ·
341 4037 406 4094 nire
431 4035 498 4092 ἄλλα
515 4034 624 4091 ἕκαστα.
659 4043 780 4092 sitirem
832 4041 859 4092 ln
878 4043 932 4090 aliie
950 4050 972 4091 et
991 4041 1062 4090 editis
1079 4039 1147 4090 deest
1165 4031 1253 4096 odric.
1293 4041 1349 4106 [teg.
1365 4057 1420 4092 reru

186 4116 213 4159 st
231 4112 286 4162 editi
306 4105 432 4177 ὑπερέχει
454 4103 484 4160 lv
507 4102 588 4176 step·
613 4101 649 4156 τὰ
665 4103 696 4158 di
714 4101 781 4158 itta
832 4111 869 4158 sic
887 4108 973 4158 habet:
992 4099 1059 4156 αὖιό
1078 4099 1176 4158 tactor
1192 4101 1355 4178 ἐργάσεται,
1373 4103 1420 4158 sul

192 4169 301 4230 ῐιιιισια,
831 4167 912 4226 iocati
929 4167 1008 4225 ἔσται
1024 4168 1123 4232 κτίζων.

224 4262 244 4298 c
264 4247 369 4298 Felcbm.
388 4248 412 4298 4.
430 4237 444 4306 ἦ
463 4239 494 4295 δέ
510 4242 587 4295 πᾶσα
603 4243 646 4310 γῆ.
863 4259 886 4308 ρ.
905 4245 1005 4307 Segner.
1026 4236 1065 4309 μὴ
1090 4235 1105 4290 ὅ
1124 4233 1212 4298 αὐτός.
1248 4241 1311 4292 notri
1339 4249 1364 4292 et
1381 4240 1422 4291 alii

223 4314 246 4363 d.
264 4317 365 4378 Segner.
383 4315 439 4377 Rea.
457 4313 638 4365 retemta
656 4313 680 4364 b.
699 4304 776 4368 ἴδιος.
829 4305 868 4380 μὴ
887 4303 978 4365 αὐτός.
1095 4365 1139 4390 Η

189 4379 234 4431 Atii
252 4391 276 4434 ct
292 4383 366 4434 editio
385 4381 502 4432 Commol.
521 4373 616 4435 ἀΐδιος.
864 4382 887 4430 h.
906 4381 1011 4431 Felelm.
1029 4379 1053 4430 5.
1071 4391 1149 4426 uota.

224 4463 245 4500 a.
263 4449 363 4514 Sequor.
389 4449 487 4501 Goblo'r.
512 4458 535 4500 et
558 4449 666 4500 Felclm.
685 4449 708 4499 l.
727 4439 779 4498 δεῖ·
864 4449 881 4498 i.
898 4445 1003 4498 Fetcbm.
1022 4446 1048 4496 t.
1064 4440 1211 4508 πείσματα.

188 4528 276 4580 meaa.
311 4518 390 4570 miser
408 4525 431 4567 ιι
449 4505 647 4568 carricaturis.
865 4516 887 4565 ι.
905 4515 946 4566 se
963 4515 1066 4577 Segnis.
1084 4511 1182 4561 coarat.
1201 4503 1306 4554 aetate.
1328 4502 1349 4549 ι.
1365 4501 1422 4578 pq

223 4585 242 4634 l.
258 4585 317 4638 blm.
334 4600 421 4638 omnes
432 4575 584 4656 ξργάσιτιιι.
622 4583 685 4636 Editi
700 4574 781 4650 iord,-
831 4580 861 4632 ht
877 4581 918 4632 alii
933 4589 957 4632 et
973 4581 1030 4654 editi
1046 4565 1189 4640 ddrnoboer'
1197 4581 1265 4618 nott
1281 4561 1422 4636 taltort-
