3226 5280
341 359 366 404 s.
377 359 532 404 armnasn
545 357 767 404 ssamserscort
782 359 949 404 curiones
964 359 1080 404 carras
1095 359 1230 405 manos.
1340 349 1397 410 141

167 507 339 596 λαιστίνης
360 509 420 574 τοῦ
442 501 513 594 circio
533 511 767 596 γραμματικῶν
787 515 944 594 τέταρτον
965 507 1023 576 τὸν
1038 508 1192 598 παρόντα
1205 509 1303 596 λόγον
1323 504 1483 578 ὀνο-Μαι.

166 607 273 693 picco.
298 603 317 674 ὁ
339 609 376 677 δὲ
398 609 433 677 ἐν
448 603 556 688 dotata
571 608 746 696 Θεόδωρος
767 609 953 689 ἐπιοιονιος
973 613 1032 698 τῆς
1046 614 1167 699 papir,
1191 606 1271 699 ἀνὴρ
1286 612 1399 700 λόγιος
1519 655 1525 664 ·

162 711 221 777 nui
244 709 483 797 συγγράμματα
503 711 753 792 καταλελοιπὼς
774 705 973 798 dissipatore,
1003 711 1037 778 ir
1059 715 1107 798 τῷ
1128 711 1212 780 κατὰ
1232 707 1399 802 immor

167 805 270 880 ciros
300 811 444 900 διαλόγῳ
478 818 634 900 τέταρτον
664 817 725 881 τοῦ
755 809 850 899 aiyioo
875 807 1087 879 Ἀθαναοίοο
1112 811 1197 878 κατὰ
1220 807 1398 900 Capaneos

167 912 266 1000 λόγον
289 908 443 999 ὀνομάζει
462 913 520 982 τὸν
539 917 595 984 καὶ
620 915 655 983 ἐν
676 914 764 1000 τῷδε
782 917 830 1001 τῷ
845 913 954 997 τεύχει
967 919 1125 999 τέταρτον
1138 918 1297 997 κείμενον,
1319 905 1358 980 οὗ
1378 911 1398 1002 ἦ

168 1009 260 1101 cippi·
283 1009 585 1101 offlpcaoporicac,
610 1011 657 1096 ὥς
679 1015 775 1092 iocre,
798 1021 967 1102 κρίναντες
988 1011 1082 1096 ἅπαξ
1101 1009 1294 1082 ἀποστάται
1314 1021 1402 1101 yord-

169 1122 264 1183 οθαι.
309 1120 346 1184 ld
367 1133 431 1184 est:
453 1121 550 1195 Haec,
579 1139 655 1200 quae
676 1118 726 1182 hic
746 1119 921 1184 inscribitur
943 1119 1045 1183 Oratio
1066 1119 1163 1200 prima
1184 1119 1215 1182 S.
1238 1118 1402 1200 Athanasii,

168 1222 200 1284 in
222 1221 370 1302 aliquibus
392 1221 619 1302 Exemplaribus
641 1228 744 1302 quarta
767 1219 886 1282 dicitur.
929 1221 967 1284 Et
987 1240 1058 1283 sero
1087 1220 1196 1301 impius
1218 1221 1350 1284 Severus
1372 1221 1403 1284 in

167 1322 312 1402 vigesimo
339 1323 428 1386 tertio
456 1323 552 1403 capite
587 1322 655 1384 iibri
683 1322 761 1384 tertii
795 1322 940 1384 adsersus
968 1323 1111 1384 loannem
1139 1341 1156 1384 a
1184 1321 1401 1396 Grammaticis,

169 1425 332 1487 Caesareae
346 1425 377 1487 in
391 1425 558 1487 Palaestina
573 1423 767 1504 Episcopum,
783 1431 919 1504 quarum
934 1423 1061 1504 appellet
1075 1433 1262 1505 praesentem
1278 1422 1401 1487 Oratio-

167 1543 248 1588 nem.
291 1527 328 1596 At
350 1535 469 1588 sendus
493 1524 673 1587 Theodorus
695 1524 861 1605 Episcopus
882 1524 1016 1599 Pharan,
1044 1525 1092 1586 vir
1118 1525 1270 1599 eraditus,
1298 1524 1402 1606 quiet

170 1627 287 1707 egregia
301 1627 421 1707 reliquit
436 1627 544 1707 Opera,
567 1626 598 1688 in
620 1643 678 1688 sno
697 1625 839 1686 adversus
854 1626 1004 1705 agnoitas
1018 1626 1140 1706 liiaiogo
1156 1636 1289 1707 martam
1305 1625 1401 1689 sancti

168 1729 322 1791 Athanasii
345 1729 518 1790 Orationem
541 1736 643 1790 contra
665 1727 791 1789 inanes
813 1727 956 1808 appellat,
984 1747 1060 1808 quae
1086 1727 1157 1790 item
1180 1728 1240 1790 isto
1262 1727 1293 1788 in
1314 1727 1400 1790 roia-

167 1831 251 1892 miue
284 1837 387 1908 quarta
416 1836 478 1902 est,
512 1829 595 1890 cuius
629 1828 762 1890 videlicet
788 1828 903 1892 initium
932 1839 999 1892 est:
1033 1827 1281 1910 Quandoquidem
1309 1827 1402 1890 semel

171 1929 282 2004 irioni,
306 1937 339 1990 ut
358 1929 486 2000 aanor,
509 1929 640 1990 animum
662 1929 842 1992 induxerant
864 1949 881 1994 a
902 1932 1026 1994 veritato
1047 1931 1225 1994 desciscere.
1255 1927 1338 1992 Haec
1352 1927 1401 2000 idi,

171 2049 248 2113 quoe
269 2035 340 2093 itere
362 2031 512 2093 habentor
532 2033 565 2092 in
589 2031 693 2094 Codice
716 2032 909 2112 dedieriono,
932 2050 1025 2114 eapse
1045 2031 1265 2096 Fetcittsannscs
1280 2033 1324 2092 ait
1339 2047 1403 2092 esse

171 2133 328 2197 αιιοιιάοοι
348 2131 484 2196 lectoris
506 2131 638 2196 Rotnani
656 2138 786 2206 nostine,
810 2137 865 2216 ptri
878 2133 1013 2196 Codicens
1028 2133 1243 2197 Codlerionesss
1264 2133 1401 2214 scripsit.
1448 2163 1452 2172 ·

168 2235 254 2298 iiditi
275 2235 384 2299 Graeci
405 2234 525 2298 Codices
548 2247 577 2298 et
597 2254 652 2298 ms.
688 2233 885 2298 Felcittnanni
904 2235 1054 2300 secandos
1079 2235 1147 2298 iicet
1171 2233 1256 2300 itiam
1276 2234 1401 2316 Episto-

170 2337 229 2398 tom
250 2355 313 2400 non
335 2338 504 2400 inscridcnt
527 2340 661 2419 prensam
685 2337 880 2408 Oreticum,
913 2347 1012 2398 tenen
1031 2355 1112 2409 ιονιι,
1140 2354 1229 2420 mss
1257 2341 1318 2400 ιἀιιι
1343 2353 1399 2398 eos

163 2441 297 2520 primane
322 2439 531 2508 interitiones,
560 2438 724 2500 secandam
752 2436 918 2518 oppeitant.
962 2436 1002 2499 in
1022 2437 1188 2501 Bosiir'ensi
1209 2438 1313 2502 Codice
1336 2448 1400 2500 tres

166 2542 284 2620 prtinus
308 2539 470 2604 Orationes
501 2539 603 2601 eodem
632 2537 745 2617 ordine,
767 2555 824 2618 pso
852 2543 912 2600 iant
939 2557 959 2600 a
987 2539 1316 2610 senseresensere,
1348 2539 1402 2601 sed

170 2657 260 2721 qoam
281 2650 422 2720 quartam
444 2639 651 2707 inscrrtimoss
670 2636 715 2699 idi
734 2652 822 2704 secto
844 2641 973 2714 dicitcr3
995 2641 1080 2720 sorte
1101 2659 1206 2721 nestpe
1227 2640 1307 2720 quod
1329 2637 1404 2718 lipi-

174 2739 255 2800 stoto
276 2739 434 2816 iintpctico
455 2740 496 2802 od
516 2737 682 2818 Episcopus
700 2739 826 2820 depppti
846 2752 874 2803 et
889 2741 1000 2822 Ltdpoe
1022 2745 1054 2802 in
1076 2740 1228 2821 otiocitas
1245 2737 1403 2801 certator

177 2839 286 2900 Oratio
308 2847 419 2918 puorta
440 2843 473 2900 in
490 2835 620 2900 Arianos
642 2839 826 2920 appellatur,
850 2853 879 2903 et
897 2843 1005 2904 Oratio
1021 2843 1057 2902 de
1076 2841 1295 2902 iucarnatione
1309 2836 1403 2909 aerii,
1446 2869 1452 2884 ,

175 2941 262 3000 caius
291 2939 412 2998 initiam
433 2933 465 3000 οἱ
488 2940 700 3018 κακοτέχνοις,
730 2946 836 3022 petato
858 2951 1055 3011 ιαιοιιναιιιν,
1087 2950 1123 3001 ut
1155 2943 1190 3000 in
1211 2935 1408 3000 Frictsnorsni

174 3043 279 3121 potato
304 3038 407 3100 Codice
427 3057 482 3101 ms.
528 3037 566 3101 ln
580 3039 671 3119 Rapio
693 3059 748 3102 ms.
764 3040 869 3104 Codice
892 3041 1051 3103 cdortacco
1068 3049 1131 3100 tres
1144 3041 1263 3118 ptinere
1283 3047 1406 3104 ecstont

176 3142 339 3203 Orationes
362 3140 461 3202 eadem
489 3143 583 3212 serre,
612 3151 649 3203 tet
675 3141 730 3202 isac
757 3145 791 3201 in
818 3152 927 3202 nostra
949 3140 1105 3210 iditione,
1132 3149 1325 3212 νιιιοιινοιιιι,
1352 3141 1404 3206 scd

72 3309 83 3322 ,
170 3250 283 3324 quarto
305 3241 396 3304 deest.
438 3239 478 3302 in
505 3241 566 3305 otio
588 3241 680 3321 Repio
704 3245 834 3322 optentus
855 3253 945 3303 notae
972 3257 1028 3302 atr.
1054 3241 1172 3312 Codice,
1200 3245 1253 3322 qni
1275 3241 1401 3304 medeam

170 3345 306 3424 Operam
328 3342 361 3404 S.
384 3342 546 3405 Athanasii
560 3354 681 3423 portem
705 3347 851 3435 conticet,
887 3343 965 3405 dece
991 3341 1114 3406 uitiatae
1141 3343 1228 3406 eiectio
1251 3341 1402 3406 iodentsr

171 3445 353 3516 Orationes,
382 3462 456 3525 pace
484 3449 553 3507 item
581 3445 689 3508 ididem
711 3449 803 3508 tertio
825 3453 854 3506 et
876 3454 987 3525 pcartc
1008 3455 1237 3525 νιιινιοαμιιιιιιν.
1282 3443 1343 3507 Sed
1364 3463 1402 3508 sse

170 3547 285 3609 diotrico
307 3551 342 3608 in
359 3547 582 3626 percurrendis
605 3549 823 3626 manuscriptis
846 3546 1003 3610 Codr'cidtts
1026 3549 1241 3615 inmorentur,
1265 3547 1332 3608 aide
1354 3545 1402 3606 di-

170 3656 345 3728 screpuntrs
367 3647 523 3720 lectiones.
558 3665 632 3729 paor
646 3647 789 3718 ,statione
811 3647 983 3729 coiiepitntts
1005 3647 1045 3709 od
1066 3650 1188 3708 initians
1209 3643 1402 3724 sinpoiarsset

174 3749 366 3820 Orationem,
388 3767 442 3810 nec
463 3767 526 3812 noa
548 3748 702 3829 iipa'stoioe
723 3747 899 3828 Encpctr'cae
921 3751 961 3814 ed
976 3749 1144 3829 Episcopos
1161 3745 1287 3826 depppti
1306 3757 1337 3808 et
1352 3745 1403 3808 tt·
1459 3767 1464 3776 ·

172 3849 244 3928 ipae
265 3861 296 3912 et
320 3847 477 3912 Tractatas
505 3850 594 3912 modo
615 3853 775 3914 nemorosi
798 3851 833 3912 dc
854 3849 1084 3911 Intercessere.
1129 3843 1223 3906 dissita·
1240 3859 1403 3926 proeterea

171 3953 291 4031 ontipssi
310 3948 485 4029 Scriptores
513 3949 616 4010 eodem
637 3950 744 4012 ordine
764 3948 837 4012 ilice
860 3954 997 4010 citarent
1021 3947 1185 4009 Orctioms
1207 3964 1242 4010 ac
1263 3965 1320 4010 etos
1342 3965 1403 4008 νιιι-

170 4067 340 4123 necraosns,
359 4058 399 4112 ,ot
423 4047 559 4130 Cpriilas
581 4047 820 4120 Alexandrinas,
847 4047 1064 4119 Theodoretecs,
1087 4046 1279 4112 lastinianus
1300 4047 1402 4129 Impe-

172 4162 271 4223 rator,
293 4151 538 4232 poetnodotodoet
561 4153 627 4212 soci
649 4151 681 4210 in
704 4147 778 4210 iocis
801 4147 1005 4212 adsero'ttssos.
1043 4147 1150 4212 Vernos
1163 4149 1243 4212 nitri
1264 4167 1340 4231 opas
1356 4157 1403 4212 est

172 4251 309 4331 tonpiore
332 4253 545 4332 disputatione,
569 4269 636 4316 com
658 4249 776 4314 cionem
798 4254 839 4314 sit
860 4269 900 4314 etc
922 4251 1095 4348 iiseejpsis
1118 4260 1252 4332 postcor
1275 4250 1402 4315 Oratio-

170 4353 269 4426 sardan
292 4353 370 4416 niitr't
390 4371 441 4416 eos
466 4371 707 4417 commonetans
727 4351 794 4418 aiio
816 4351 877 4417 olio
902 4353 1003 4435 Opere
1025 4353 1150 4426 iotae,
1181 4353 1234 4416 sed
1254 4356 1298 4415 ita
1319 4355 1485 4414 interrant.

171 4473 203 4517 se
227 4455 404 4531 οοΙιιινινι,
436 4467 473 4520 ot
492 4475 589 4519 onon
608 4461 694 4537 ipsae
718 4455 802 4536 Opes
824 4453 917 4518 scissi
937 4454 1117 4535 conficiant,
1147 4469 1278 4534 prorsas
1296 4455 1401 4533 prototo

171 4559 213 4619 sit
231 4561 428 4639 principiam,
452 4569 563 4640 paoem
585 4567 685 4625 cotem
707 4559 840 4621 omnious
861 4557 903 4619 sit
923 4555 1006 4638 finis,
1028 4572 1118 4635 paam
1132 4571 1205 4617 sons
1221 4553 1257 4616 ad
1279 4569 1401 4619 ιιινιοοι
1508 4605 1519 4620 ,
