3054 5236
489 343 606 388 uanam
619 344 837 390 assumturus
852 345 938 390 ursan
953 349 974 390 r.
1278 336 1341 400 999

79 495 198 556 coeio
220 493 257 556 'et
283 493 457 574 sapientiam
480 493 510 556 in
533 493 584 556 iiio
607 495 765 556 confitetur
786 497 833 570 (sc
853 496 920 575 plus
936 511 1024 576 quam
1046 518 1101 560 ros
1123 499 1173 562 iiie
1187 521 1241 581 per
1256 518 1425 566 suumnras

84 595 299 674 impietatem
321 595 477 671 attribuit),
500 605 533 658 ut
554 613 608 658 ros
631 597 730 658 dicitis
752 605 881 660 mentem
904 599 1062 662 caelestem
1084 601 1115 662 in
1133 619 1260 681 corpore
1274 605 1340 666 aui-

85 703 207 758 mato.
251 693 360 758 Verum
382 716 439 760 neo
459 716 567 778 corpus
590 698 751 761 animatum
774 717 810 760 eo
833 699 900 780 ipso
922 699 1013 762 homo
1034 704 1184 780 perfectus
1204 711 1262 778 est,
1283 723 1340 768 ue-

87 815 171 876 que
197 815 282 858 mens
305 795 441 862 scelestis
463 817 500 860 eo
523 799 590 878 ipso
612 799 691 862 licus
713 807 769 862 cst
812 797 886 862 Nam
909 819 1019 880 corpus
1041 803 1201 866 animatum
1224 804 1340 880 dicitur,

83 898 132 958 in
164 906 311 983 quantum
334 917 444 960 nomen
466 899 581 960 enimse
602 917 657 978 per
677 898 800 961 modum
823 900 1016 964 subsistentis
1037 902 1067 965 in
1090 903 1140 966 iilo
1156 905 1340 984 exprimitur.

89 999 232 1078 Corpus
256 1007 353 1061 autem
375 989 506 1062 hominis
524 1017 638 1078 corpus
661 999 768 1062 dicitur
789 1009 820 1061 et
842 1019 903 1062 non
925 1002 1031 1074 anime,
1055 1011 1085 1065 et
1099 1005 1196 1067 anima
1210 1005 1341 1069 hominis

93 1100 216 1162 anime
246 1099 353 1162 dicitur
375 1107 405 1160 et
426 1118 486 1160 non
509 1119 636 1180 corpus,
665 1097 789 1164 aiterum
812 1101 847 1162 sd
870 1101 1016 1176 alterum,
1039 1103 1068 1166 id
1091 1114 1137 1167 est
1158 1105 1282 1185 spiritus
1305 1107 1342 1168 ad

92 1219 239 1280 corpus.
268 1202 365 1274 ,Quis
392 1212 509 1278 nutem,
538 1202 579 1264 sit
604 1201 774 1282 Scriptura,
802 1208 888 1266 nouit
913 1215 1042 1267 mentem
1069 1204 1216 1269 Domini?
1257 1207 1340 1270 Meas

97 1303 236 1364 Domini
258 1302 391 1365 nondum
406 1302 563 1378 Dominus,
585 1303 640 1366 scd
652 1302 770 1364 Domini
792 1304 938 1378 uoluntas,
961 1305 1119 1368 consitium
1141 1315 1194 1368 eut
1214 1307 1342 1372 efficacia

98 1405 147 1465 sd
183 1404 303 1483 aliquid.
348 1404 415 1477 Quo
442 1405 532 1483 igitur
559 1405 659 1467 enimn
685 1405 760 1466 haec
786 1406 929 1502 prptertis
959 1395 1048 1468 rerba
1077 1407 1235 1487 verbisque
1256 1426 1341 1470 com-

99 1505 261 1566 mentitiis
283 1505 411 1568 Verbum
433 1504 487 1567 hei
511 1504 708 1568 adulteretis?
751 1506 838 1586 tiqui
852 1507 907 1570 Dei
920 1507 1053 1570 Ecclesia
1074 1527 1171 1588 neque
1192 1510 1234 1572 its
1255 1505 1341 1572 secel

79 1599 164 1685 pits
181 1624 280 1684 neque
302 1606 341 1668 ita
364 1607 499 1679 tradidit,
521 1607 591 1679 sed,
614 1615 647 1669 ut
668 1607 810 1686 scriptum
833 1616 895 1680 est,
917 1608 1010 1670 Deum
1035 1608 1179 1684 Verbum,
1208 1609 1256 1687 qui
1279 1615 1343 1671 eret

7 1773 9 1794 ζ
98 1707 193 1784 apud
215 1707 309 1768 Deum
332 1711 400 1768 ente
422 1707 555 1780 saecule,
583 1707 613 1768 in
642 1709 899 1772 consummatione
922 1710 1106 1772 saeculorum
1129 1711 1287 1774 advenisse
1309 1727 1344 1772 ac

7 1863 9 1870 ,
104 1826 151 1870 ex
175 1807 267 1870 Maris
288 1807 408 1888 Virgine
437 1817 468 1870 et
495 1827 530 1870 cx
552 1809 666 1888 Spiritu
688 1809 796 1872 Sancto
827 1811 959 1888 genitum
989 1831 1056 1873 esse
1084 1812 1176 1874 tilium
1198 1811 1340 1885 bominis,

7 1973 9 1998 Ι
109 1917 153 1970 ut
177 1909 319 1990 scriptum
343 1917 402 1970 est:
429 1910 532 1974 Donec
549 1915 671 1993 peperit
692 1911 803 1974 Filium
825 1931 914 1974 auum
931 1917 1181 1992 primopenr'rum,
1203 1913 1343 1974 nuberet

105 2010 334 2090 primogenitus
354 2011 386 2072 in
408 2011 510 2072 multis
532 2011 689 2086 iratribus,
718 2031 785 2074 cum
807 2020 903 2074 temen
925 2013 1005 2076 Deus
1027 2031 1116 2076 verus
1138 2019 1236 2088 esset,
1258 2019 1343 2073 utet

107 2120 264 2190 quatenus
292 2113 384 2174 homo
412 2131 468 2193 pro
496 2113 585 2176 uobis
613 2121 781 2192 pateretur,
809 2122 838 2176 et
865 2121 1010 2192 quatenus
1033 2114 1113 2176 Deus
1136 2132 1173 2175 ex
1194 2119 1291 2176 morte
1313 2121 1343 2174 et

7 2199 8 2206 ἵ
106 2213 260 2293 passione
280 2233 336 2276 nos
358 2214 527 2278 redimeret.
571 2215 723 2278 incassum
745 2215 834 2294 igitur
856 2214 1066 2293 imaginsmini,
1087 2233 1143 2276 vos
1157 2232 1251 2293 posse
1267 2215 1343 2286 eius,
1453 2227 1455 2234 ’

7 2385 9 2402 ⁵
115 2314 173 2393 qui
195 2315 332 2394 iutelligit
353 2325 384 2377 ct
405 2335 523 2378 caruem
545 2317 615 2395 agit,
638 2316 796 2378 novitatem
818 2317 850 2378 in
872 2316 958 2380 robis
981 2317 1055 2396 ipsis
1078 2315 1215 2387 efficere,
1239 2313 1342 2376 existi·

112 2424 235 2478 mantes
258 2435 312 2496 per
333 2418 528 2483 imitetionem
551 2418 583 2480 id
603 2418 668 2479 fieri
682 2435 786 2498 posse,
808 2435 864 2480 nec
877 2417 1028 2480 advertitis
1044 2414 1239 2476 imitationem
1252 2432 1343 2494 prse-

7 2595 8 2602 .
115 2517 209 2577 missi
232 2517 333 2594 operis
357 2535 423 2580 esse
446 2518 659 2592 imitationem,
682 2519 813 2599 alioquin
835 2537 896 2580 non
919 2519 1068 2579 diceretur
1089 2515 1224 2578 imitatio.
1267 2515 1429 2582 Damnem.

7 2605 9 2622 '
116 2623 221 2676 sutem
251 2617 281 2678 in
305 2616 426 2678 Christo
455 2618 549 2680 solius
571 2620 670 2682 caruis
693 2603 853 2682 ueritatem
876 2616 1073 2690 confitemini,
1104 2625 1238 2678 errantes
1259 2615 1343 2679 blas·

114 2715 277 2796 phematis.
322 2716 354 2778 Si
377 2718 454 2780 enim
477 2719 620 2798 possibile
641 2720 747 2784 inisset
767 2718 949 2790 hominihus,
973 2718 1049 2787 eins,
1071 2717 1121 2797 qui
1142 2734 1262 2778 carnem
1275 2715 1343 2795 agit,

117 2818 280 2880 novitatem
314 2818 427 2898 absque
449 2819 559 2882 Christi
593 2841 651 2902 ope
680 2822 738 2884 sihi
767 2821 842 2900 ipsis
869 2819 1001 2889 efficere,
1035 2826 1066 2880 st
1093 2819 1120 2878 si
1148 2817 1227 2897 quod
1249 2816 1344 2896 agitur

117 2926 257 2998 agentem
280 2920 423 2999 sequitur,
446 2921 516 3001 quid
539 2939 615 3001 opus
639 2931 703 2986 erat
724 2919 835 2982 Christi
856 2917 1008 2980 adventu?
1123 2931 1125 2940 ⁴

205 3125 257 3184 21.
302 3121 374 3182 Vani
395 3141 514 3202 quoque
537 3131 617 3196 sunt,
640 3122 691 3201 qui
713 3121 813 3182 deurit
829 3119 957 3182 Verbum
979 3119 1136 3182 advenisse
1159 3125 1192 3178 ut
1205 3116 1236 3178 in
1252 3135 1345 3180 unum

121 3241 159 3283 ex
180 3221 348 3300 Prophetis.
396 3223 471 3294 Quis
501 3222 579 3284 enim
602 3222 818 3301 Prophetarum
840 3221 919 3282 Deus
947 3238 1013 3280 cnm
1036 3228 1117 3280 essct
1136 3218 1228 3280 homo
1251 3220 1344 3280 t'actus

121 3322 192 3384 est?
236 3323 295 3386 Cur
316 3329 414 3384 antem
438 3323 488 3385 iem
508 3323 588 3386 nihii
608 3324 648 3386 cd
664 3323 836 3402 perfectum
858 3318 1010 3382 adducit?
1054 3318 1114 3381 Cur
1135 3336 1217 3379 mors
1236 3335 1345 3398 regna-

121 3423 164 3486 rit
185 3423 271 3486 etism
294 3424 325 3484 in
347 3423 432 3497 ilios,
463 3425 514 3502 qui
537 3441 598 3492 nnn
620 3430 815 3503 perseverant
835 3421 871 3484 nd
894 3420 1115 3484 similitudinem
1136 3418 1345 3500 Protnpissto-

119 3522 211 3586 rami
257 3523 357 3596 Quare
380 3523 525 3586 Dominus
548 3523 637 3586 dixit:
660 3523 696 3586 Si
716 3541 788 3604 erpo
810 3539 864 3585 nos
887 3521 983 3584 Filius
1008 3520 1191 3590 liberaverit,
1214 3537 1285 3582 ecre
1308 3518 1348 3580 ιι·-

122 3623 319 3688 desieritis?
363 3625 470 3686 Nonne
505 3625 668 3688 secundum
702 3641 767 3686 earu
799 3641 875 3702 quse
907 3621 938 3682 in
966 3621 1033 3701 ipso
1062 3630 1109 3682 est
1136 3620 1296 3696 novitatem
1318 3627 1349 3680 et

123 3726 344 3804 perfectionem,
366 3743 530 3802 perquem
552 3744 620 3798 nos,
643 3725 694 3804 qui
716 3724 875 3796 credimus,
897 3738 1078 3784 renovamur
1100 3720 1262 3782 seeundum
1277 3717 1347 3792 imi·=

122 3873 242 3940 μίμησις,
260 3865 292 3920 ἔν
308 3885 338 3920 τε
356 3872 484 3938 Χριστῷ,
504 3885 540 3922 σα
559 3868 606 3927 κὸς
621 3866 708 3938 μόνης
758 3867 834 3920 κέναι
852 3865 902 3919 τὸν
918 3863 1052 3934 Χριστόν.
1091 3871 1143 3920 biox
1165 3871 1222 3922 editi
1239 3865 1285 3920 stoi
1302 3862 1349 3918 ἄν·

124 3933 268 3998 καινότητα
295 3933 506 4005 ὁμολογοῦντες,
532 3955 544 3990 s
580 3935 634 4007 γὰρ
660 3939 708 3988 τοῦ
759 3939 888 4004 Sponsor,
908 3938 951 3986 sed
969 3931 1017 3983 καί
1033 3938 1101 3986 deest
1118 3937 1142 3985 iu
1160 3940 1259 4000 sepner.
1296 3936 1349 3987 Μαι

125 3999 245 4071 ἄγοντος,
266 4008 347 4056 muttis
366 4008 471 4056 omissis.
761 4005 858 4057 anicr.
878 4004 1014 4057 etVetsim.
1027 4004 1048 4052 t.
1067 3997 1144 4050 distri
1158 3999 1188 4052 di
1206 3999 1305 4071 ὄνομα,
1325 4011 1353 4055 et

159 4089 180 4136 r.
196 4074 296 4135 Segner.
322 4074 392 4123 Gobt.
410 4081 434 4122 et
452 4073 557 4124 Febrim.
577 4075 599 4124 l.
616 4087 710 4137 κατερ-
761 4073 793 4122 its
813 4071 1011 4134 testinnonium
1031 4069 1101 4118 mete.

126 4133 262 4204 γᾶζεσιιαι.
301 4141 328 4189 in
353 4141 437 4190 iisdem
464 4155 518 4190 mox
535 4135 583 4188 xci
599 4150 653 4192 inte
670 4140 710 4206 τῷ
796 4141 811 4188 i.
830 4137 887 4187 ruis
903 4129 1128 4204 πρωιοπλάστων
1145 4137 1213 4187 deest
1230 4135 1349 4198 ineditis,

126 4200 219 4271 riperti
235 4209 317 4266 deest,
341 4209 410 4256 cuins
428 4207 482 4258 ioco
501 4209 601 4270 Seguer.
619 4204 649 4260 tt
667 4209 710 4259 tn-
764 4207 809 4256 sed
827 4207 914 4266 lenitur
932 4207 955 4254 in
974 4204 1085 4267 piurimis
1104 4218 1162 4252 mss.
1197 4204 1258 4254 ibid.
1275 4203 1348 4254 desii.

128 4275 173 4324 bet.
208 4275 283 4324 iidem
302 4269 343 4327 τίς
361 4267 375 4333 ἡ
390 4268 480 4342 χρεία.
764 4275 836 4325 hibet
852 4266 882 4322 ἒν
900 4271 938 4337 τῷ
957 4261 1083 4337 ὀνόματι,
1102 4263 1184 4320 διατι.
1215 4271 1348 4334 bianegu.

161 4344 182 4392 b.
200 4342 241 4391 Sic
258 4343 358 4404 Sepuer.
378 4342 476 4393 Gobier.
495 4349 517 4390 et
536 4341 641 4391 Frictim.
653 4343 676 4392 ι.
688 4349 712 4393 et
763 4333 812 4390 ter
829 4325 878 4389 οὖν
897 4331 912 4388 ὃ
930 4330 988 4391 υἱὸς
1005 4332 1083 4404 ὑμᾶς.
1122 4339 1174 4389 bier
1191 4339 1291 4402 Segoer.
1302 4341 1346 4388 Go-

132 4410 219 4474 qnidem
239 4417 304 4459 recte
324 4418 349 4459 nt
366 4417 467 4474 sppsrct
484 4423 512 4460 ex
530 4425 554 4474 p.
565 4409 615 4460 ⁵90
634 4405 666 4473 [i
677 4435 711 4446 -
762 4409 824 4458 bier.
843 4417 867 4459 et
883 4407 989 4458 tetrum.
1006 4407 1029 4457 1.
1046 4399 1150 4456 ἔσεσθε.
1187 4407 1250 4458 Editi
1268 4401 1349 4456 etalii

130 4479 163 4526 vd.
179 4493 202 4542 p.
213 4477 270 4527 909.
283 4476 318 4526 rei
330 4493 352 4540 p.
363 4477 420 4527 840.
440 4477 489 4526 bui.
508 4479 545 4526 ed.
557 4492 593 4526 nr.
607 4477 644 4526 ll.
656 4474 711 4540 in.].
761 4469 829 4526 ἔστε.

130 4541 185 4594 Ειιιιι
202 4537 239 4598 dr
255 4537 303 4594 ἕνα
321 4543 378 4592 τῶν
385 4543 541 4613 προφητῶν
549 4537 710 4610 tamarem·
796 4544 819 4594 tn
838 4542 936 4607 Seguer.
955 4541 1053 4596 Gobler.
1072 4549 1095 4592 et
1111 4539 1249 4592 Febrimi.
1268 4528 1350 4584 rint·

1092 4621 1148 4673 57*
