2978 5240
419 365 533 408 cunrat
549 367 766 410 inonnrnnsrnrr
781 367 867 411 crare
882 369 902 412 r.
1207 357 1268 421 879

22 515 266 597 blasphemetis,
289 514 441 578 dicentes:
464 514 550 591 Cpte
572 533 629 577 nos
652 533 730 590 enm,
753 517 803 596 qni
826 535 862 580 ex
883 517 974 580 llario
997 527 1083 582 natus
1106 531 1169 595 est,
1193 542 1352 589 eon-rnen

25 616 268 682 substantialem
290 616 372 678 Patri
394 615 530 679 dicimus.
574 616 670 678 Porro
692 617 765 679 baec
787 626 884 681 vestm
906 637 993 698 qnam
1009 621 1188 701 praeclaram
1204 625 1267 685 exi·

25 719 173 782 stimatis
195 717 336 796 loquendi
358 715 434 778 ratio
456 725 507 780 aut
528 717 679 795 superilna
701 726 750 781 aut
764 719 854 780 stulta
869 721 1121 801 comprobabitur.
1151 724 1269 788 Etenim

25 822 111 902 quis
135 839 152 882 e
173 817 307 880 fidelibus
330 836 391 880 non
412 819 597 896 confiteatur,
620 818 713 881 Deum
729 819 867 895 Verbum,
890 821 941 902 qni
962 823 1082 886 advenit
1101 833 1130 886 et
1145 844 1179 886 ex
1195 843 1268 888 san·-

24 933 86 986 cta
103 920 223 1000 Virgine
237 919 326 980 Maria
347 919 438 980 bomo
461 905 573 999 prodiit
585 919 725 998 Patrique
747 920 1080 999 consubstantialium,
1103 926 1269 990 exsemine

26 1022 194 1094 Abrabae,
223 1019 309 1082 cuius
331 1019 409 1082 fflius
432 1026 620 1094 recensetur,
649 1019 802 1082 bominem
824 1039 893 1084 esse
915 1026 1040 1100 lactum,
1068 1035 1120 1088 aut
1142 1027 1268 1089 Verbum

26 1127 105 1186 Deo
128 1120 380 1185 consubstantiale
403 1120 565 1184 secundum
588 1139 707 1182 carnem
729 1121 820 1184 filium
832 1121 922 1186 David
944 1127 1053 1189 tactum
1068 1126 1162 1190 esse?
1196 1128 1268 1190 lden

27 1209 220 1304 Prophetae,
242 1221 378 1301 Apostoli
401 1229 431 1283 et
452 1221 655 1301 Evangelistae
678 1221 826 1284 Christum
850 1227 1022 1288 exsemine
1044 1227 1135 1290 David
1158 1247 1267 1290 secun-

29 1327 115 1389 dum
138 1340 256 1386 earnem
279 1330 376 1384 ortum
400 1322 520 1386 duxisse
542 1329 674 1384 narrant
719 1323 880 1396 Quomodo
904 1325 1010 1405 igitur,
1037 1347 1104 1390 cum
1126 1329 1200 1392 baec
1220 1329 1267 1394 di·

28 1427 134 1499 catis,
163 1441 223 1486 non
253 1424 446 1498 erubescitis,
469 1441 603 1498 carnem,
632 1441 707 1504 qnae
729 1443 764 1485 ex
786 1425 901 1488 semine
922 1412 1014 1490 David
1036 1437 1101 1492 crta
1123 1439 1268 1506 narratur,

30 1523 329 1590 consubstantialem
350 1524 430 1585 Patri
454 1521 649 1586 asseverare?
692 1523 744 1586 Vel
771 1542 907 1600 rursum,
938 1535 970 1589 ut
998 1528 1166 1606 aiebamus,
1194 1532 1269 1595 baec

32 1629 137 1692 stulte
158 1625 267 1699 dicitis,
290 1643 351 1686 nen
375 1624 589 1704 intelligentes,
612 1625 692 1706 quod
715 1634 762 1687 est
784 1627 1036 1690 consubstantiale
1054 1629 1177 1694 eandem
1200 1632 1268 1712 qui·-

30 1731 110 1792 dem
132 1726 409 1801 naturambabere,
431 1727 582 1806 propriam
605 1734 703 1787 tamen
724 1727 939 1805 perlectionem
961 1729 1102 1812 inseipso
1118 1733 1268 1796 exhibere.

33 1830 230 1892 Sicubenirn
251 1829 364 1903 Filius,
392 1828 441 1908 qui
471 1825 732 1890 consubstantialis
752 1827 834 1889 Patri
856 1829 1036 1906 declaratur,
1066 1834 1215 1912 perlectus
1237 1833 1270 1907 in

31 1931 185 2012 perlecto¹
198 1931 386 2010 agnoscitur,
409 1930 454 1992 sic
476 1939 506 1992 et
527 1928 656 2010 Spiritus
680 1938 816 2006 sanctus3
838 1932 1098 1995 consubstantialis
1120 1936 1199 1997 enim
1222 1943 1270 1998 est

30 2031 183 2098 Trinitas.
228 2031 341 2094 Dabitis
362 2047 433 2110 ergo
456 2030 700 2098 consubstantiali
723 2031 803 2093 carni
825 2031 1038 2110 perlectionem
1060 2043 1180 2114 praeter
1191 2015 1268 2098 'ann

30 2134 267 2214 perlectionem,
290 2139 320 2194 et
341 2131 503 2194 secundum
526 2151 579 2194 vos
601 2131 782 2212 quaternitas
804 2149 860 2212 pro
877 2131 1020 2195 Trinitate
1041 2135 1267 2215 praedicabitur.

31 2235 232 2314 Ecquodnam
256 2233 327 2316 illud
348 2241 461 2296 tantum
483 2233 641 2313 impietatis
664 2231 889 2296 conrmentumt

47 2405 54 2415 ,
112 2340 180 2401 tc.
202 2395 205 2402 ,
225 2335 283 2398 Sed
306 2333 420 2400 dicitis:
453 2335 555 2408 „Caro
579 2336 653 2396 iacta
676 2343 723 2396 est
743 2334 840 2397 Verbo
864 2334 1157 2398 consubstantialis.“
1202 2337 1267 2410 Dua

32 2439 158 2501 ratione
175 2437 260 2514 ,iacta
290 2444 338 2498 est
366 2435 652 2498 consubstantialis?
696 2436 898 2516 Respondete.
944 2435 1073 2498 Verbum
1107 2438 1182 2498 lacta
1211 2446 1267 2512 est,

35 2540 96 2602 sed
118 2547 157 2604 et·
170 2537 300 2618 Spiritus
322 2538 398 2600 laeta
420 2545 476 2600 est.
520 2537 598 2598 Sane
620 2537 646 2599 si
670 2556 715 2611 ea,
737 2556 812 2617 quae
835 2546 940 2599 natura
962 2555 1017 2599 sua
1039 2535 1184 2601 Divinitas
1207 2557 1268 2602 non

35 2649 106 2712 est,
135 2658 190 2719 per
218 2638 413 2700 mutationem
434 2637 577 2700 Divinitas
606 2638 766 2712 efficiatur,
801 2657 863 2701 cur·
875 2638 964 2717 igitur
983 2638 1111 2702 Arianos
1132 2641 1266 2719 arguitis,

35 2741 90 2819 qui
114 2739 192 2801 banc
213 2739 250 2801 de
273 2739 369 2801 Verbo
399 2738 576 2801 sententiam
598 2740 628 2800 in
651 2739 782 2802 medinm
804 2736 965 2801 adierunt?
1008 2737 1093 2801 bicet
1114 2739 1267 2819 Scriptura
1276 2763 1351 2809 reno.

35 2841 135 2905 dicat:
162 2840 288 2904 Verbum
311 2859 385 2903 coro
407 2842 524 2920 [cotum
547 2851 600 2903 eat.
645 2839 711 2902 Non
734 2840 844 2901 dictum
867 2847 928 2900 est:
952 2837 1027 2900 Caro
1042 2839 1170 2902 Verbum
1192 2841 1268 2904 iacta

38 2953 104 3018 est,
133 2942 187 3004 sed
211 2940 338 3004 Verbum
368 2960 436 3002 caro
465 2943 573 3005 iactum
606 2949 669 3014 est,
703 2940 769 3018 qnia
793 2939 879 3000 Verbi
901 2941 976 3002 laeta
997 2947 1043 3004 cst
1065 2959 1133 3016 caro
1155 2951 1186 3004 et
1207 2959 1268 3004 non

37 3045 174 3106 bominis
197 3043 365 3118 cniusdam
388 3043 418 3104 id
441 3051 487 3104 est
508 3043 588 3106 Dens
610 3043 701 3103 lrcmc
723 3041 819 3102 lamus
842 3048 903 3114 est,
927 3050 957 3103 et
978 3040 1099 3104 dieitur:
1129 3060 1198 3104 caro
1219 3044 1266 3104 ia·

38 3155 107 3206 ctus
130 3153 185 3218 est,
208 3163 248 3206 ne
270 3143 367 3206 carnis
389 3162 498 3206 nornen
519 3141 807 3224 praetermitteretis.
851 3142 882 3202 Si
899 3141 996 3222 itaque
1010 3141 1096 3204 vebis
1119 3161 1179 3206 non
1201 3145 1266 3206 sol-

39 3247 104 3306 tioit
132 3245 273 3308 naturalis
301 3245 351 3306 illa
379 3245 445 3306 sino
473 3245 648 3308 contusione
671 3242 758 3305 Verbi
780 3261 847 3304 cnm
868 3244 990 3324 propria
1012 3260 1100 3304 carne
1122 3243 1211 3319 unio,
1239 3252 1269 3306 et

40 3345 122 3424 quod
142 3345 223 3407 Dens
245 3344 335 3407 bomo
358 3349 451 3407 lactus
474 3345 514 3408 sit
535 3355 614 3408 certe
636 3345 694 3406 iam
716 3363 813 3424 neque
835 3345 937 3407 audire
953 3363 1049 3424 neque
1064 3345 1186 3408 eredere
1201 3345 1266 3408 rul-

39 3443 96 3520 tis,'
115 3466 171 3509 nac
192 3447 265 3508 satis
287 3447 373 3508 vobis
389 3455 445 3521 est,
469 3466 535 3510 oum
552 3447 590 3520 id,
614 3446 692 3526 quod
705 3465 824 3509 omnem
837 3445 1125 3508 commendationem
1136 3454 1268 3526 superat,

40 3565 151 3627 eorpus
185 3548 298 3609 seilicet
318 3548 387 3621 Dei,
416 3549 559 3623 audiatis,
588 3548 786 3610 ubidicitur:
812 3548 876 3622 Qui
896 3548 1133 3628 tremsorntndit
1154 3565 1268 3628 corpus

41 3648 221 3713 numilitatis
250 3659 390 3721 nostroe,
418 3660 454 3712 ut
482 3656 523 3712 eit
546 3650 769 3732 configuratum
791 3653 918 3728 corpori
936 3649 1054 3728 gloriae
1076 3667 1163 3721 once,
1193 3666 1268 3728 qnae

41 3757 88 3810 est
116 3749 208 3810 inturi
237 3749 347 3811 saeculi
376 3750 562 3830 significatio.
607 3751 644 3812 Et
672 3760 824 3830 praeterea
855 3749 977 3810 dicitur:
1011 3749 1127 3828 Corpus
1157 3748 1269 3829 gloriae

41 3901 166 3950 Atlcnntio
186 3903 290 3952 dicente:
312 3883 407 3951 Verbum
425 3917 492 3963 core,
512 3917 558 3952 noc
576 3917 629 3952 cero
681 3901 740 3950 tutti
758 3913 851 3949 snmus.
1274 3951 1282 3970 ·

44 3967 138 4018 Vertere
154 3973 239 4030 scetem
259 3978 300 4018 est.
340 3971 432 4019 Verbum
445 3977 583 4019 cutemcaro
592 3975 630 4032 [c-
716 3969 739 4016 b.
758 3966 784 4016 ln
803 3965 959 4027 Segneriano,
978 3963 1076 4014 Dobler.
1094 3971 1118 4014 et
1129 3966 1234 4016 Velelm.
1245 3967 1269 4015 l.

41 4041 101 4084 ctum
120 4037 218 4097 diriter,
239 4039 293 4100 qnia
314 4037 379 4088 Verbi
395 4042 458 4101 {octo
475 4043 508 4086 cst
526 4052 589 4097 coro,
609 4043 630 4084 et
682 4025 826 4098 ἇσνγχῦτῳ
844 4033 920 4081 deest.
956 4021 1102 4080 noradus
1119 4029 1268 4098 γενομένην

41 4117 88 4150 uon
106 4105 205 4152 alicuine
223 4105 338 4155 leontinis:
357 4107 399 4156 loe
417 4109 465 4164 eat,
485 4104 545 4152 Deus
563 4107 629 4153 temo
681 4103 750 4151 deest
776 4102 799 4149 in
826 4101 926 4161 Seguer.
962 4099 988 4148 ln
1017 4099 1115 4150 Gobler.
1140 4109 1219 4149 antem
1244 4108 1268 4150 et

40 4171 117 4246 [cetae
134 4177 184 4229 est,
205 4179 225 4220 et
244 4173 329 4222 dicitnr
347 4187 415 4231 coro,
435 4187 464 4218 ne
479 4174 629 4248 praetereatis
681 4169 835 4218 Feiclmanni
855 4168 877 4216 i.
901 4167 977 4246 deest,
991 4174 1084 4245 taptnm
1106 4163 1265 4232 γενομένην.

41 4249 248 4354 neten..
263 4239 378 4356 etet
393 4239 629 4369 rt..tte.etf
680 4232 1094 4366 fictitieeeeue.

42 4375 62 4440 νε
81 4373 135 4431 poio
153 4371 213 4420 Dens
231 4375 297 4422 homo
314 4378 389 4435 {cetos
407 4379 448 4422 eet.
484 4373 544 4422 Nota
562 4373 629 4422 nolit
679 4371 817 4420 Felelm.l.
838 4371 937 4432 Segner.
971 4372 1028 4420 Post
1045 4365 1191 4436 μέλλοντος
1205 4363 1269 4420 niel-

41 4438 168 4498 irrepsisse
187 4453 231 4500 pro
250 4441 323 4488 cobis.
679 4453 727 4490 ror
743 4439 860 4502 quaedem
878 4439 978 4488 deerant
996 4440 1020 4488 in
1038 4440 1116 4500 editio,
1134 4453 1195 4504 gnae
1214 4453 1267 4488 mn·

77 4497 133 4562 gd
158 4499 229 4571 σὰρξ
250 4500 331 4569 λόγος
354 4498 467 4574 εἴρηται.
505 4509 547 4557 Sic
571 4507 627 4556 edili
680 4509 737 4555 tuati
755 4521 840 4554 snmus
859 4519 887 4555 rt
904 4507 1004 4567 Segner.
1024 4507 1121 4558 contu.
1140 4516 1164 4557 et
1181 4506 1266 4556 astet-

43 4572 139 4619 ⁰mtesis
157 4576 317 4637 interpositis,
336 4589 397 4638 quac
415 4591 441 4624 er
455 4577 554 4638 Segner.
574 4590 628 4625 mn·
679 4575 760 4623 manni
775 4575 796 4622 l.
815 4587 891 4637 usqne
908 4575 939 4624 ad
956 4567 1002 4622 καὶ
1020 4567 1034 4620 d
1051 4567 1150 4641 κύριος.
