3258 5276
605 381 713 428 οιοπο
729 383 762 428 u.
777 383 893 430 cunrat
909 385 1044 432 carruca.
1365 375 1429 444 203

200 553 287 619 pun
308 535 442 596 uenirem
463 531 503 594 ad
525 541 553 593 te
575 535 607 594 r'rr
629 531 809 614 amptum.
835 541 896 600 urci
915 548 1003 609 runt,
1033 536 1182 619 ttptrarm
1203 551 1232 605 rt
1254 542 1426 609 Mamurra.
1436 561 1515 607 rara.

196 637 240 700 ne
261 633 315 698 ich
336 633 407 696 item
429 633 503 694 haec
523 631 615 694 habet
637 632 804 714 Scriptura:
839 635 925 698 Furta·
950 647 1024 699 runt
1046 642 1076 698 er·
1094 654 1207 720 repreur
1228 643 1289 723 fiiri·
1308 654 1338 708 ee
1360 653 1426 710 trra

194 737 289 820 filiae.
334 735 401 808 Qun
430 734 518 796 etiam
540 733 632 796 modo
653 733 771 813 iinpaea
793 733 825 797 in
846 734 926 816 Lege
947 735 1067 798 locatur
1096 747 1158 800 eat:
1186 740 1222 802 Sr‘
1247 742 1342 808 elicui
1365 745 1430 826 fite·

192 841 276 920 sacti
293 839 414 918 sueriat
434 843 464 898 et
485 839 515 898 aa·
533 836 643 914 [earn
662 835 771 916 filium,

282 944 315 1004 5.
357 937 401 998 En
425 953 496 1016 erge
519 935 561 997 itti
585 954 648 1010 eur,
671 936 722 1016 qui
743 934 836 1016 pertiti
858 943 945 1007 aunt,
967 935 1060 1000 factm
1076 943 1106 1000 et
1126 939 1273 1003 icrmatca
1296 943 1425 1020 appella.

190 1059 277 1116 rere,
300 1039 410 1119 quippe
431 1037 482 1118 qui
503 1055 565 1100 ncn
587 1037 761 1117 ignorarent
781 1035 854 1098 nihii
875 1037 998 1108 referre.
1021 1037 1047 1099 ai
1069 1039 1106 1100 de
1127 1039 1198 1102 tutia
1221 1041 1335 1104 dicatur
1350 1045 1511 1122 surtinus,

189 1154 278 1214 auur,
299 1138 491 1222 peraudiret
510 1140 582 1220 saci,
603 1139 694 1201 modo
716 1137 794 1200 tilica
816 1155 870 1200 ece
892 1156 961 1200 erac
982 1139 1173 1204 concedatur.
1216 1143 1350 1223 Namque
1371 1162 1426 1208 ua·

188 1253 262 1307 tura
283 1251 315 1304 et
335 1240 445 1302 veritas
466 1247 596 1302 mentem
618 1240 656 1301 ad
677 1258 711 1301 ae
733 1239 955 1319 intelligendum
977 1241 1138 1306 attrahunt.
1173 1243 1321 1317 Quocirca
1336 1243 1362 1307 ai
1377 1246 1428 1326 qui

179 1345 358 1444 disputent,
381 1349 479 1403 utrum
501 1339 646 1402 Dominus
667 1357 718 1404 rea
739 1341 814 1403 iacta
835 1341 880 1402 rel
903 1351 1000 1404 creata
1022 1343 1072 1416 sit,
1093 1345 1191 1424 primo
1206 1346 1318 1410 abillis
1333 1365 1427 1429 quae·

191 1447 322 1509 rendum
345 1450 401 1516 est,
422 1461 496 1504 num
516 1441 565 1503 iiie
586 1441 628 1504 sit
647 1441 753 1517 rinus,
774 1442 904 1504 Verbum
927 1450 957 1504 et
978 1443 1139 1523 Sapientia.
1177 1447 1241 1510 linc
1255 1448 1336 1512 enim
1349 1467 1425 1530 prc-

188 1547 274 1618 bato,
296 1563 369 1608 mox
390 1543 540 1606 evanescit
561 1543 660 1606 cmnia
681 1544 737 1606 hac
758 1543 796 1605 de
817 1561 851 1604 re
872 1543 1015 1624 suspicio.
1059 1545 1160 1626 Neque
1176 1547 1254 1610 enim
1277 1569 1327 1614 ree
1348 1551 1425 1613 iacta

191 1648 289 1710 Filius
312 1654 342 1707 et
362 1645 491 1708 Verbum
514 1652 616 1723 puteat
637 1663 720 1717 ease,
743 1661 839 1724 neque
860 1643 973 1724 pariter
991 1645 1083 1710 rinus
1106 1666 1155 1710 ree
1178 1651 1252 1711 iacta
1274 1670 1343 1714 aare
1364 1671 1423 1733 pc-

194 1754 267 1808 teat
311 1745 394 1818 Quae
417 1763 483 1808 cum
506 1745 546 1806 ita
568 1744 639 1816 rint,
660 1746 795 1824 protecto
817 1745 957 1810 amnibus
977 1755 1068 1827 patet,
1091 1749 1146 1812 har
1168 1767 1257 1812 rccea
1279 1757 1332 1833 pur·
1350 1754 1425 1833 secie

195 1847 286 1910 ilium
306 1845 389 1908 nuile
411 1845 582 1908 adiumento
603 1844 641 1906 ad
662 1845 781 1908 tttorum
804 1846 950 1909 haeresim
972 1866 1059 1922 esse,
1087 1850 1141 1912 aad
1169 1869 1235 1912 eam
1255 1850 1303 1914 hia
1325 1851 1425 1932 pctiua

195 1947 400 2013 condemnari.
437 1945 588 2026 Siquidem
605 1955 759 2010 ostensum
782 1955 830 2009 est
850 1947 971 2012 verbum
993 1952 1067 2029 [ecit
1088 1951 1176 2014 etiam
1198 1971 1265 2014 cum
1287 1953 1325 2016 de
1348 1953 1426 2016 reric

126 2103 130 2112 .
195 2059 226 2114 et
248 2047 433 2112 naturalibus
453 2047 521 2110 titiis
544 2047 576 2112 fit
596 2049 724 2121 mentio,
747 2068 764 2111 a
786 2048 939 2129 Scriptura
960 2049 1057 2112 divina
1078 2052 1233 2134 usurpari3
1255 2054 1335 2117 unde
1356 2071 1424 2118 cunr

191 2151 353 2233 probatum
375 2151 430 2223 ait,
458 2149 615 2214 Dominum
643 2151 806 2214 naturalem
837 2169 999 2232 rerumque
1026 2151 1147 2228 Filium,
1175 2155 1304 2219 Verbum
1335 2165 1424 2238 atque

193 2253 376 2334 Sapientiam
397 2252 492 2314 Patria
515 2272 595 2326 erae,
618 2253 735 2316 etiamsi
758 2272 825 2314 cum
848 2251 887 2314 de
901 2252 952 2316 ilic
973 2251 1098 2317 habetur
1112 2273 1222 2330 sermo,
1245 2257 1334 2320 dictio
1349 2259 1423 2338 facit

192 2335 239 2418 iel
259 2356 362 2435 fretur
383 2364 430 2418 eat
450 2353 642 2427 adhibeatur,
669 2373 734 2416 nun
755 2354 786 2415 id
808 2353 931 2426 dicitur,
959 2355 1042 2435 quasi
1064 2356 1112 2418 iile
1135 2376 1211 2437 opus
1239 2368 1336 2432 earet,
1365 2357 1420 2420 aed

191 2457 292 2520 Sancti
314 2455 396 2520 hisce
417 2455 517 2518 uerbis
540 2454 713 2535 promiscue
734 2461 876 2530 utuntur,
908 2457 949 2518 uti
977 2457 1014 2519 de
1036 2456 1196 2520 Salomone
1223 2467 1253 2520 et
1278 2458 1424 2520 Ezechiae

190 2557 294 2620 liberis
317 2557 516 2619 ostendimus.
560 2554 645 2618 Licet
672 2553 751 2616 euim
780 2575 832 2618 ecu
861 2575 897 2619 ex
918 2557 1029 2638 seipsis
1058 2558 1250 2636 genuissent,
1278 2559 1424 2637 scriptum

193 2669 241 2718 eat
260 2657 455 2718 nihilominus
478 2657 555 2734 feci,
580 2655 717 2734 prrredr',
744 2657 845 2736 [uetur
868 2670 923 2722 ert.
970 2657 1117 2732 Quocirca
1139 2659 1198 2720 iam
1220 2675 1347 2720 necesse
1368 2665 1424 2732 eat,

196 2765 229 2818 ut
250 2755 294 2817 illi
315 2755 368 2816 Dei
389 2757 512 2828 horus,
541 2753 591 2832 qui
619 2759 848 2836 propugnandae
870 2758 1006 2822 haeresis
1027 2779 1117 2822 causa
1138 2757 1312 2820 huiuamodi
1335 2775 1426 2836 saepe

195 2855 334 2919 obiecere
355 2855 490 2928 reculae,
520 2873 589 2917 aero
618 2857 720 2919 saltem
743 2877 778 2920 ex
800 2859 865 2931 hia,
893 2878 968 2938 quae
991 2857 1138 2930 diximus,
1168 2875 1252 2918 suam
1275 2856 1427 2937 deponant

194 2955 393 3028 sententiam,
421 2975 456 3018 ac
476 2956 618 3036 deinceps
639 2959 771 3020 renuant
789 2958 949 3021 Dominum
972 2976 1075 3020 rerum
1096 2957 1222 3030 Filium,
1243 2956 1374 3019 Verbum
1395 2963 1427 3020 et

194 3057 377 3138 Sapientiam
399 3057 496 3119 Patria
520 3075 605 3130 ease,
633 3077 695 3120 nen
717 3067 814 3122 autem
837 3078 901 3121 rem
924 3060 1031 3120 facum
1052 3058 1097 3118 ret
1120 3063 1258 3120 maetam.
1301 3057 1375 3119 Nam
1397 3059 1423 3122 ai

193 3179 244 3220 res
267 3161 341 3221 iacta
363 3167 445 3220 esset
465 3157 574 3230 Filius,
603 3159 633 3220 in
662 3177 792 3240 quonam
820 3160 887 3238 ipse
913 3157 1007 3220 verbu
1034 3175 1198 3237 quanamre
1227 3157 1257 3221 in
1278 3159 1423 3239 sapientia

190 3261 287 3323 iactus
310 3258 413 3322 earet?
457 3259 566 3322 Omnia
587 3259 736 3340 siquidem
759 3278 850 3341 opera
872 3277 927 3340 per
950 3259 1076 3322 Verbum
1098 3266 1128 3320 et
1147 3257 1324 3339 Sapientiam
1346 3261 1422 3324 iacta

188 3369 276 3435 sunt,
306 3361 346 3422 uti
375 3361 519 3441 scriptum
548 3369 611 3423 eat:
647 3362 756 3426 Omnia
784 3367 816 3423 r'rr
837 3361 995 3442 Sapientia
1016 3363 1133 3442 secr'rtr',
1166 3367 1209 3422 et:
1243 3364 1343 3425 cunta
1361 3379 1422 3443 par

189 3467 290 3543 iprum
310 3463 396 3542 suctu
417 3475 504 3534 runt,
534 3474 564 3526 et
591 3465 656 3526 rr'rre
684 3467 751 3544 r'pac
774 3463 891 3542 suetum
912 3475 957 3526 eat
979 3461 1065 3524 ecurt.
1111 3461 1144 3524 Si
1165 3479 1258 3542 porro
1288 3462 1353 3541 ipae
1374 3471 1422 3527 eat

189 3563 318 3626 Verbum
341 3571 372 3624 et
393 3562 552 3643 Sapientia,
575 3562 605 3626 in
627 3583 685 3644 qua
708 3563 807 3626 omnia
828 3565 911 3637 iiunt,
934 3582 995 3626 uon
1016 3562 1158 3644 igiturex
1173 3581 1279 3624 eorum
1294 3579 1420 3624 numero

190 3671 246 3738 eat,
268 3683 343 3746 quac
364 3663 449 3738 fiunt,
471 3681 506 3727 ac
526 3663 607 3728 nulio
628 3665 719 3730 medo
741 3684 791 3728 res
813 3675 860 3730 ert
880 3675 989 3742 creatu,
1012 3663 1067 3728 red
1088 3663 1187 3726 Patria
1210 3671 1259 3725 ert
1278 3663 1368 3726 retus.

226 3984 242 4032 i.
266 3984 365 4045 Sepucr.
390 3993 414 4033 rt
434 3981 573 4032 ratetum.
588 3980 613 4031 t.
632 3973 648 4041 ἢ
665 3974 782 4045 tyrum.
870 3981 886 4030 i.
911 3981 952 4030 Sic
970 3981 1070 4040 sepner.
1088 3979 1186 4030 Gniriar.
1204 3987 1225 4032 et
1245 3980 1349 4030 Frictm.
1363 3981 1386 4030 1.
1398 3988 1422 4033 rt

190 4051 328 4101 i'eicirman.
353 4051 377 4100 5.
401 4044 445 4098 arui
469 4041 586 4112 lydum
628 4049 704 4097 Panto
729 4057 785 4110 part
835 4046 862 4098 t.
890 4047 968 4096 Ceteri
987 4055 1010 4096 rt
1028 4047 1085 4098 editi
1103 4048 1215 4099 omittunt
1231 4040 1345 4111 lunula.
1371 4046 1422 4096 ibi-

190 4117 290 4180 Srpuar.
310 4117 517 4180 terpretetur.
535 4105 590 4162 ἀλλ’
609 4105 783 4180 ἀδιαφόρως.
835 4113 889 4164 dem
908 4115 1040 4176 Segnerian
1065 4109 1162 4181 γέγονε
1177 4110 1224 4165 aui
1241 4107 1331 4168 ariade.
1369 4113 1423 4164 dien

189 4187 235 4236 tttt
254 4191 277 4234 ct
295 4187 368 4235 editio
383 4185 501 4236 Cummrt.
519 4173 586 4230 etta
603 4175 780 4249 ἀδιαφόρως
832 4181 931 4244 sepner.
952 4183 1189 4234 conterminarum
1214 4184 1234 4234 Ι.
1253 4181 1301 4242 crit·
1318 4176 1424 4247 carpine

190 4253 316 4304 mandore.
574 4283 586 4300 .
829 4245 927 4328 ydycur
955 4245 1050 4305 καθώς
1075 4247 1238 4319 γέγραπται.
1274 4251 1378 4300 Fetriur.
1396 4248 1423 4300 4.

225 4335 247 4383 p.
266 4321 308 4370 Sic
325 4319 423 4383 Sepuer.
437 4319 534 4370 canter.
545 4316 778 4370 nutrimini.
831 4330 881 4377 rur
897 4321 999 4383 carptae
1014 4314 1111 4384 pirena
1126 4313 1173 4368 arci
1190 4309 1261 4366 αὐτὰ
1278 4311 1424 4382 aieyiypu-

189 4387 217 4438 iu
236 4387 307 4438 aditis
325 4395 349 4438 et
365 4389 419 4438 attia
435 4381 484 4436 aar
499 4387 576 4438 derat.
830 4397 898 4435 rrrur
942 4385 1002 4438 Edrtt
1021 4388 1111 4451 otiique
1128 4383 1176 4445 τῆς
1192 4377 1305 4450 σοφίας,
1324 4377 1362 4438 tit*
1376 4377 1421 4447 γέ·

224 4457 248 4504 tr.
267 4457 308 4504 Sin
325 4454 424 4517 Sepuer.
443 4457 500 4517 neg.
520 4454 691 4516 emittente
706 4455 780 4506 (tuit.
829 4465 961 4521 γραπται.
1106 4509 1115 4528 ,

189 4521 295 4574 fetetne
317 4523 338 4571 1.
356 4531 379 4574 et
396 4523 420 4575 4.
457 4523 483 4572 tn
501 4522 557 4572 etita
575 4531 654 4572 auteur
674 4522 780 4572 ateditir
866 4522 886 4567 t.
906 4523 1007 4577 sepner.
1025 4511 1060 4566 τὰ
1076 4529 1174 4566 nunu.
1209 4515 1262 4566 tter
1279 4511 1424 4564 Satricani.

189 4587 260 4641 derat
277 4581 360 4640 ἔστιν.
663 4629 667 4638 ,
831 4576 895 4635 otri
914 4577 983 4640 ὅλως
1000 4583 1057 4634 τοῖν
1071 4580 1220 4649 perrunde.
1294 4631 1298 4640 ,
