3054 5236
450 339 565 386 conam
580 343 795 388 aeneumaaiuu
812 345 897 388 aman
908 345 940 386 n.
1247 336 1309 398 919

12 515 98 556 ura
138 503 180 558 et
210 495 328 558 virtute
350 511 384 554 se
404 491 517 574 peccati
540 500 691 572 expertem
707 493 834 566 exhibet,
857 500 1015 574 postquam
1031 499 1218 560 necessitatis
1234 517 1397 562 con-nnn.

15 597 219 658 titionem
249 605 278 658 et
299 595 410 676 peccati
432 595 527 676 legem
550 595 697 670 dissolvit,
721 605 750 658 et
772 595 947 676 captivitatis
970 596 1139 676 Tyrannum
1162 599 1192 660 iu
1215 603 1310 679 eapti-

13 698 184 760 ·itatem
214 697 350 770 adduxit,
373 705 406 758 ut
427 696 467 758 ait
488 695 652 775 Propheta:
676 697 848 760 Ascsnda'stt'
867 701 900 758 in
921 697 1033 768 οἱοιιοι,
1058 705 1164 781 cepisti
1184 705 1312 782 captiui-

13 809 162 884 tatem.
222 798 299 860 Nam
323 817 388 860 cum
412 799 536 859 lormam
560 797 638 858 servi
662 797 782 858 inimico
806 796 934 859 Verbum
958 798 1114 874 obiecerit,
1147 819 1203 880 per
1232 823 1310 878 cum,

12 901 84 978 qui
123 899 217 960 olim
246 900 340 962 victus
363 900 467 971 luerat,
491 896 643 959 victoriam
666 905 869 982 consequutus
892 907 946 960 est.
992 899 1138 972 Quocirca
1152 920 1208 981 per
1223 923 1311 968 omne

16 1001 254 1066 tentationis
277 1018 369 1080 genus
391 999 584 1078 pertransivit
604 999 706 1071 lesus,
729 997 797 1077 quia
820 999 920 1060 omnia
942 1000 1069 1074 sumsit,
1091 1001 1122 1062 in
1145 1021 1219 1081 quae
1242 1013 1311 1066 ten-

15 1102 193 1164 tationis
224 1099 461 1181 experlmentum
483 1099 590 1160 cadere
611 1100 725 1180 possit,
753 1099 861 1178 quibus
890 1100 1040 1164 victoriato
1063 1121 1118 1182 pro
1140 1105 1313 1168 hominibus

22 1202 255 1283 reportavit,
279 1201 423 1280 dicitque:
447 1189 602 1283 confidite,
627 1219 678 1280 eqo
701 1205 761 1264 uici
780 1201 935 1264 mandam.
978 1203 1081 1282 Neque
1107 1204 1186 1266 euim
1208 1213 1313 1268 contra

23 1304 242 1374 mitatem,
274 1321 360 1382 quam
383 1303 413 1364 in
438 1303 486 1364 illo
510 1320 571 1364 uon
594 1309 696 1375 norat,
730 1301 838 1364 bellum
861 1304 992 1384 suscepit
1013 1303 1166 1379 diabolus,
1196 1323 1310 1384 nequa-

32 1423 155 1484 quam
183 1405 271 1464 enim
293 1404 323 1465 id
345 1423 437 1465 ausus
459 1411 552 1475 esset,
575 1403 702 1483 ideoque
724 1397 895 1466 aicbat:'St
911 1403 1007 1467 Filios
1022 1405 1082 1467 Dei
1095 1425 1142 1480 es3
1165 1407 1219 1468 sed
1235 1425 1310 1468 cou-

33 1515 98 1567 tra
129 1505 310 1577 hominem,
333 1523 421 1584 quem
443 1504 512 1566 olim
534 1504 565 1566 in
588 1523 719 1566 errorem
743 1505 888 1568 deducere
910 1505 1009 1580 valuit,
1032 1525 1067 1567 ex
1082 1525 1141 1586 quo
1156 1508 1188 1569 in
1204 1523 1309 1569 omnes

39 1606 217 1668 homines
242 1606 371 1668 malitiae
394 1625 466 1668 suae
489 1605 646 1668 efficaciam
668 1608 852 1686 propagavit.
896 1605 969 1668 Cum
991 1615 1089 1669 autem
1111 1607 1191 1669 Adae
1214 1609 1311 1670 anima

41 1709 82 1768 in
114 1706 241 1768 mortis
265 1706 509 1768 condemnatione
532 1706 717 1769 detineretur
742 1725 776 1769 ac
802 1716 946 1787 perpetuo
976 1708 1013 1769 ad
1035 1707 1193 1770 Dominum
1221 1727 1310 1772 suum

50 1809 229 1880 clamaret,
254 1808 324 1868 item
348 1826 415 1868 cum
436 1807 476 1879 ii,
499 1808 549 1886 qui
571 1807 633 1869 lieo
656 1807 827 1886 placuerant
848 1815 878 1870 et
900 1809 949 1887 qui
971 1808 1002 1870 in
1025 1808 1090 1888 lege
1110 1810 1238 1871 naturali
1259 1811 1308 1872 iu-

52 1907 188 1970 stitiam
213 1908 370 1988 assequuti
392 1910 525 1982 lucrant,
549 1927 606 1970 una
629 1927 696 1970 cum
718 1907 829 1970 bdamo
853 1909 1057 1971 detinerentur
1078 1929 1112 1971 ac
1133 1910 1220 1972 simul
1243 1929 1310 1972 cum

56 2009 121 2072 illo
148 2009 290 2088 lugerent
311 2009 548 2088 clamarentque,
573 2009 717 2072 Dominus
740 2029 828 2090 quem
850 2011 1022 2072 condiderat
1044 2010 1195 2072 hominem
1219 2010 1311 2072 mise-

56 2119 160 2172 ratus
183 2111 282 2172 voluit
303 2129 357 2190 per
378 2111 561 2191 mysterium,
585 2111 664 2190 quod
685 2111 892 2184 manilestavil,
916 2129 1021 2174 novam
1043 2111 1165 2174 salutem
1181 2111 1311 2174 humano

64 2211 182 2292 generi
205 2211 381 2284 conciliare,
405 2212 631 2292 inimicumque,
662 2213 712 2292 qui
735 2231 789 2292 per
810 2211 949 2274 inuidiam
971 2201 1131 2274 homiuem'
1146 2213 1311 2291 deceperat,

63 2311 256 2392 profligare,
288 2313 492 2376 exaltationem
515 2322 613 2376 autem
637 2314 766 2376 bominis
789 2314 899 2376 unione
922 2315 969 2376 illa
993 2323 1023 2376 et
1044 2313 1312 2376 communicatione
1343 2331 1344 2335 ’

12 2503 13 2508 ¹
71 2431 148 2474 curn
170 2412 323 2475 altissimo
347 2417 514 2488 (naturaei
530 2415 573 2476 rei
590 2413 724 2494 veritate)
746 2417 889 2478 maiorem
905 2433 992 2495 quam
1009 2433 1083 2494 quae
1099 2414 1220 2493 intelligi
1237 2432 1311 2492 pos-

72 2512 119 2572 sit
144 2512 284 2575 eahibere
307 2515 446 2594 dignatus
470 2523 527 2582 est.

175 2818 222 2878 lb.
244 2815 404 2894 Propterea
416 2815 497 2876 venit
507 2815 643 2888 Verbum,
666 2818 746 2896 quod
763 2817 843 2878 Deus
863 2821 927 2876 erat
940 2824 969 2877 et
982 2815 1069 2894 primi
1083 2815 1212 2876 hominis
1227 2833 1312 2878 crea-

83 2923 148 2985 tor,
169 2922 201 2974 ut
221 2915 312 2975 homo
327 2915 421 2986 lieret,
437 2935 496 2995 quo
511 2917 601 2978 homo
618 2918 736 2996 quidem
752 2916 951 2989 revivisceret,
968 2917 1087 2996 iniquus
1103 2925 1202 2977 autem
1214 2915 1312 2977 hostis

85 3014 308 3094 profligaretur3
331 3016 525 3094 quod-natum
541 3037 576 3078 ex
595 3019 717 3080 muliere
731 3035 766 3077 ex
780 3016 875 3096 prima
893 3017 1099 3078 ellormatione
1116 3018 1239 3078 lormam
1255 3016 1312 3076 bo-

12 3121 14 3134 *
85 3115 178 3176 minis
191 3115 219 3174 in
231 3115 331 3194 seipso
344 3117 482 3190 restituit,
494 3137 612 3179 caruem
625 3136 694 3178 vero
708 3135 792 3178 suam
804 3116 917 3194 absque
928 3115 1093 3178 carnalibus
1105 3115 1314 3204 cupiditatibus

90 3223 121 3276 et
139 3214 244 3294 absque
254 3217 390 3278 humanis
402 3217 631 3295 cogitationibus
649 3217 679 3278 in
697 3217 823 3296 imagine
841 3217 980 3278 novitatis
1000 3216 1141 3277 exhibuit.
1171 3214 1312 3276 Voluntas

13 3331 14 3347 ³
92 3317 170 3376 enim
185 3317 273 3378 solius
288 3316 454 3378 [divinitatis
473 3327 544 3390 erat,
562 3317 708 3397 siquidem
722 3327 825 3378 natura
844 3325 906 3378 tota
918 3317 1006 3378 Verbi
1024 3318 1125 3384 aderat
1138 3314 1194 3376 sub
1212 3314 1311 3394 speci-

12 3449 14 3458 ι
93 3416 171 3476 mine
184 3415 324 3478 humanae
340 3419 454 3480 lormae
471 3435 586 3480 necnon
605 3418 728 3480 risibilis
745 3418 868 3480 secundi
880 3417 971 3480 Adam
984 3415 1091 3490 carnis,
1108 3433 1169 3478 non
1187 3417 1218 3477 in
1234 3415 1309 3476 divi·
1320 3434 1396 3481 raia.

12 3527 16 3562 1
96 3517 181 3578 sione
190 3536 392 3597 personarum,
407 3519 460 3579 sed
476 3519 507 3579 in
520 3519 674 3580 existentia
686 3519 847 3580 divinitatis
860 3527 890 3579 et
900 3517 1101 3579 humanitatis.
1126 3517 1315 3595 Quapropter

131 3669 147 3716 l.
171 3667 260 3729 Sequer.
286 3670 384 3720 Gobler.
414 3678 437 3718 et
462 3670 565 3720 l'elclm.
584 3669 604 3718 l.
628 3665 676 3718 eat
724 3671 814 3719 diserte
839 3669 942 3718 admittit
965 3669 989 3717 3.
1008 3667 1097 3718 Ductor
1120 3668 1233 3732 superius
1260 3681 1312 3730 pag.

12 3733 17 3765 '1
99 3726 226 3798 βοώντων.
343 3743 352 3760 ·
684 3751 689 3760 ·
724 3733 1313 3801 887[aeincarn.etenniraartanosnr.21.:

135 3815 155 3861 a.
178 3801 268 3860 Segusa.
287 3793 333 3846 διὰ
357 3793 482 3864 φθόνου.»
522 3801 596 3849 Paulo
618 3811 675 3865 post
727 3793 794 3850 ὅταν
805 3797 885 3866 λέγῃ·
903 3797 999 3866 πάτερ,
1020 3793 1044 3849 εἰ
1061 3794 1181 3848 δυνατὸν
1197 3793 1229 3847 τὸ
1247 3813 1310 3847 ποι.

103 3867 170 3916 basil.
187 3858 328 3930 ἀνθρώπου
345 3861 391 3913 καὶ
407 3861 477 3932 πρὸς
493 3859 550 3914 τόν.
724 3867 806 3915 τοῦτο
825 3863 938 3931 napata.
965 3858 1009 3914 ἀπ’
1029 3859 1113 3931 ἐμοῦ·
1136 3861 1207 3926 πλὴν
1214 3861 1261 3942 μὴ
1280 3861 1312 3914 τὸ

137 3933 158 3982 h.
174 3933 203 3981 lli
219 3933 315 3993 Sequar.
350 3932 376 3980 ln
395 3933 466 3980 editis
483 3925 513 3980 ἐν
529 3933 606 3982 deest.
724 3927 793 3998 tatu
808 3929 916 3998 θέλημα
926 3927 1048 3996 γένηται,
1068 3925 1174 3980 auant
1189 3945 1248 3988 (ιον,
1266 3927 1313 3982 aab

139 4001 152 4047 i.
174 3999 261 4059 Sequer.
285 3989 418 4057 θεότητος
433 3989 521 4063 μόνη,
542 4001 584 4049 sed
601 4013 672 4063 praa-
724 3995 756 4048 τὸ
773 3995 826 4065 μὲν
842 4000 950 4075 πνεῦμα
1030 3990 1148 4113 dodtvq'c
1164 4001 1256 4059 (llatth.
1270 3999 1312 4061 29,

105 4067 244 4128 nutantique
263 4065 350 4124 lectio,
369 4073 454 4128 estque
474 4065 596 4116 Athanasii
614 4082 673 4116 aen·
724 4067 763 4117 ³9.
782 4067 851 4126 lb),
871 4060 924 4132 ¹ilua
948 4057 1090 4130 θελήματα
1133 4063 1242 4114 nauide
1260 4060 1312 4115 tet

107 4132 184 4190 tentia,
204 4133 341 4182 volontatem
366 4134 390 4181 in
415 4133 511 4182 Christo
536 4134 567 4182 ita
595 4133 671 4183 solius
721 4143 815 4189 κνοοι,
835 4127 936 4199 τὸμὲν
954 4124 1148 4197 ἀνθρώπινον,
1170 4123 1235 4197 ὅπερ
1253 4125 1312 4181 ἐπὶ

12 4258 14 4264 ,
109 4198 218 4248 diuinitatis
234 4213 300 4257 esse,
319 4207 344 4248 nt
362 4214 390 4248 er
408 4199 479 4249 diuini
498 4199 567 4248 lerhi
585 4201 670 4250 volon—
722 4199 770 4260 τῆς
788 4194 903 4267 σαρκὸς,
923 4194 953 4250 τὸ
973 4195 1003 4249 dl
1019 4193 1129 4256 driade,
1147 4189 1213 4266 ὅπερ
1231 4197 1308 4250 oron.

13 4281 14 4284 ¹
108 4274 151 4316 tuta
166 4279 236 4316 onnes
248 4267 271 4315 in
282 4266 377 4316 Christo
389 4267 547 4328 cogitationes
556 4275 671 4330 actusque
723 4267 791 4332 etcl.

108 4334 221 4397 prodirent,
236 4333 265 4382 ita
285 4340 309 4383 ut
328 4333 393 4383 nulla
415 4335 439 4384 ia
458 4349 487 4383 eo
507 4333 610 4383 carnalia
628 4349 671 4384 aa·

110 4401 195 4463 piditas,
221 4401 280 4458 qolla
307 4401 410 4450 humana
435 4402 562 4466 cogitatio,
588 4401 671 4451 vitiosa

13 4509 17 4534 ,,
111 4468 199 4528 scilicet,
221 4469 328 4520 oriretur.
363 4467 412 4518 Nae
438 4467 566 4518 humanam
591 4477 670 4518 ιιιιιιιι
757 4468 773 4520 l.
791 4468 890 4530 Sequor.
908 4461 1026 4535 προςήιι.
1070 4467 1167 4517 Gobler.
1186 4465 1311 4516 etl'elcli·

13 4575 15 4598 3
113 4535 178 4583 inesse
197 4537 282 4597 Christo
311 4535 455 4587 voluntatem
484 4545 570 4598 negat,
600 4551 671 4600 quum
724 4537 839 4587 mannil.
857 4531 975 4603 ιιροςιίη.
1014 4533 1074 4584 Εοίιί
1093 4530 1224 4598 πρόιεισι.

756 4369 780 4418 l.
799 4368 833 4418 lta
851 4367 952 4432 Sequar.
987 4370 1013 4418 ln
1033 4367 1103 4418 editis
1117 4361 1165 4416 ital
1181 4368 1257 4417 deest.
