3162 5308
517 395 660 438 urrerem
675 397 695 439 ι.
712 397 747 438 nn
764 395 960 440 sensatorum.
1128 420 1131 425 -
1278 383 1338 446 683

123 552 270 614 dacorum
298 551 328 610 iu
357 531 558 629 captivitatem
578 551 612 608 iu
633 550 748 610 cisione
768 551 801 610 iu
824 547 942 629 Spiritu
963 548 1030 610 nu.
1074 547 1112 608 Et
1132 549 1208 628 apud
1231 549 1421 611 benit-nur.
1458 550 1462 558 ‘

121 654 197 714 lem:
230 651 394 713 Suscitavit
416 649 497 712 Deus
521 649 669 731 Spiritum
689 661 826 712 sanctum
844 654 939 730 pueri
957 653 1102 722 ricuiaris,
1126 655 1210 712 eurus
1233 669 1340 713 nomeu

120 754 251 828 Daniel;
275 765 303 816 ot
325 752 504 815 autumavit
525 770 596 815 noae
616 769 737 834 ruopua:
761 749 891 812 Mundus
914 769 965 830 eqo
988 769 1053 812 stom
1075 769 1094 813 a
1115 756 1259 831 stamine
1283 752 1340 814 bu-

119 863 182 920 ius.
226 855 370 917 Michaeas
400 855 469 916 item
492 853 582 916 dicit:
614 853 729 916 Damus
757 851 845 914 Iacob
873 856 1011 914 irritavit
1035 851 1181 932 Spiritum
1209 853 1337 917 Domini.

121 959 160 1020 m
181 976 236 1038 per
256 957 367 1018 lactem
381 956 466 1017 'Deus
488 955 573 1018 dicit:
601 955 639 1016 Et
661 957 720 1018 crit
737 967 809 1036 post
831 972 881 1026 ca,
905 956 1057 1036 effundam
1080 955 1114 1016 dc
1135 955 1253 1035 Spiritu
1274 973 1338 1019 meo

122 1079 219 1141 super
248 1077 362 1122 omnent
389 1073 528 1120 correctas
568 1057 626 1118 Per
653 1057 820 1118 Zachariam
852 1055 989 1118 similiter
1023 1057 1061 1118 ita
1089 1055 1219 1142 loquitur
1244 1057 1338 1120 Deus:

125 1163 335 1224 Vemmtomcu
364 1161 456 1223 uerbo
482 1179 547 1222 recu
575 1171 603 1222 et
633 1159 761 1238 trutina
788 1177 851 1221 mea
880 1162 1035 1240 scosct'pite,
1068 1177 1266 1240 quaecumque
1288 1177 1339 1240 epo

121 1267 278 1345 prucu'pio
299 1266 331 1323 iu
353 1261 470 1341 Spiritu
491 1280 555 1324 mco
579 1265 675 1324 suuis
700 1265 773 1323 meis
795 1257 964 1340 Prophetis.
1007 1258 1080 1322 Cum
1103 1259 1171 1321 item
1194 1260 1339 1340 Propheta

122 1349 266 1446 poputum
288 1363 467 1443 increparet,
490 1363 668 1443 paulopost
690 1363 745 1424 ait:
775 1361 812 1423 Et
836 1379 887 1423 eor
910 1378 998 1424 suum
1020 1362 1202 1424 obstinatum
1225 1367 1339 1425 cousti-

124 1479 259 1538 tueruut,
283 1485 319 1530 ne
341 1468 483 1528 audirent
506 1465 594 1545 icpem
615 1483 710 1527 meam
732 1476 760 1527 et
781 1465 880 1535 uerba,
908 1481 983 1546 quoe
1003 1467 1084 1526 misit
1105 1463 1252 1526 Dominus
1275 1482 1338 1526 nm·

121 1573 263 1650 uipotcus
290 1573 323 1632 iu
352 1567 471 1649 Spiritu
497 1585 552 1629 suc
578 1585 635 1647 per
660 1585 783 1628 uacum
811 1563 1038 1645 Prophetarum
1056 1570 1206 1646 priorum.
1256 1565 1340 1628 Haec

120 1689 215 1750 panca
237 1689 273 1732 ex
295 1681 394 1731 uetere
416 1669 605 1729 Testamenta
627 1668 806 1748 collegimus.
833 1707 835 1718 ·

209 2079 238 2141 6.
283 2075 343 2137 Iam
365 2093 419 2136 ras
443 2073 595 2154 Evangelia
617 2083 646 2136 et
667 2093 742 2154 qnae
763 2074 896 2154 Apostoli
918 2075 1176 2154 conscripserunt,
1199 2074 1225 2136 si
1246 2075 1421 2149 inbuuntur.

122 2159 284 2252 consulite,
314 2187 399 2256 atque
421 2177 480 2238 ibic
501 2177 587 2238 eham
609 2177 736 2239 audituri
759 2178 846 2250 estis,
876 2195 942 2239 cum
970 2176 1094 2256 piurima
1118 2179 1159 2238 sit
1180 2177 1337 2257 spiriteum

120 2281 300 2352 differentia,
335 2279 486 2358 speciatim
515 2285 611 2339 tamen
633 2271 775 2358 Spiritum
798 2287 929 2340 sanetum
959 2295 1018 2338 non
1047 2278 1219 2357 simpliciter
1240 2279 1335 2358 Spiri-

120 2393 192 2456 tum,
217 2381 271 2444 sed
293 2399 359 2443 cum
380 2375 544 2442 memorato
567 2380 764 2441 additamento
786 2380 942 2442 nominari.
985 2380 1086 2460 ltaque
1103 2397 1169 2442 cnm
1186 2381 1337 2454 Dominus,

119 2495 264 2564 utsupra
286 2483 356 2554 dixi,
377 2483 548 2563 humanitus
569 2481 773 2560 baptizaretur,
796 2489 919 2562 propter
939 2489 1100 2542 assumtam
1123 2498 1240 2542 carnem
1262 2482 1336 2544 dini-

120 2594 169 2643 tur
190 2601 280 2662 super
301 2601 367 2644 eum
390 2585 578 2648 descendisse
600 2584 728 2663 Spiritus
751 2591 882 2659 sanctus,
905 2601 992 2664 quern
1007 2582 1073 2661 ipse
1095 2599 1162 2644 cnm
1183 2581 1337 2663 discipulis

121 2685 205 2746 daret
226 2683 355 2744 dicebat:
389 2687 516 2765 Accipite
537 2683 687 2766 Spiritum
707 2699 852 2750 sanctum.
896 2685 956 2746 Eos
979 2684 1048 2745 item
1071 2682 1210 2745 docebat:
1238 2683 1337 2748 Para·

122 2785 227 2856 clitus,
250 2783 385 2865 Spiritus
407 2799 545 2860 sauctus,
568 2807 651 2869 quem
672 2793 768 2852 mittet
789 2786 881 2852 Poter
902 2791 935 2848 iu
956 2790 1076 2848 nomine
1096 2803 1179 2862 men,
1207 2785 1264 2848 ilic¹
1282 2805 1337 2849 uos

122 2887 236 2950 docebit
258 2890 367 2948 aucuia.
413 2887 448 2948 Et
469 2897 650 2969 postpauca
673 2889 709 2952 de
731 2891 834 2952 eadem
863 2886 997 2949 subiicit:
1030 2886 1102 2948 Cum
1132 2893 1250 2960 acuerit
1277 2889 1337 2950 Pa-

121 2989 264 3060 rach'tus,
297 3006 380 3069 quem
403 3005 453 3068 epo
475 2993 591 3052 mittam
612 2992 694 3053 uobis
717 3010 736 3053 u
758 2991 863 3059 Patre,
893 2987 1042 3069 Spiritum
1062 2992 1215 3060 ueritatis,
1246 2995 1336 3072 quia

121 3091 213 3152 Patre
234 3089 384 3170 procedit,
413 3089 463 3152 iile
491 3095 691 3154 testimouium
715 3091 883 3172 perhibebit
905 3091 939 3151 de
961 3106 1016 3150 rte.
1060 3088 1097 3151 Et
1118 3089 1240 3151 iterum:
1269 3091 1337 3154 Nau

122 3197 199 3254 euin
220 3210 274 3254 nos
296 3193 379 3264 estis,
402 3195 456 3273 qui
475 3191 637 3273 loquimini,
660 3193 711 3254 sed
733 3191 867 3273 Spiritus
883 3191 986 3253 Patris
1003 3194 1107 3262 uestu',
1130 3195 1184 3272 qui
1204 3192 1338 3275 loquitur
1418 3262 1423 3274 ¹

121 3298 153 3356 iu
172 3293 266 3355 uobis.
311 3291 347 3354 Et
367 3293 455 3373 panio
476 3302 562 3374 past:
592 3293 627 3354 Si
646 3306 743 3358 autem
765 3311 816 3374 epa
840 3298 872 3355 ic
893 3293 1013 3374 Spiritu
1034 3292 1093 3366 Dei
1112 3274 1195 3356 ericio
1218 3296 1337 3358 daemo-

120 3401 184 3468 uia,
212 3399 308 3476 ipitur
325 3400 467 3477 pervenit
489 3401 520 3457 iu
542 3413 595 3458 uos
618 3414 742 3476 reprcunt
764 3395 828 3458 lici.
873 3393 1045 3462 Universam
1068 3394 1137 3456 item
1160 3396 1336 3477 theologiam

120 3612 186 3684 paci
201 3629 255 3684 μου
273 3617 360 3666 babent
378 3617 434 3678 Reg.
449 3617 469 3666 Ι.
488 3617 586 3677 Sequor.
602 3617 699 3667 Gabios.
767 3617 800 3666 i.
820 3617 860 3666 Sic
880 3613 934 3678 fleg.
957 3617 978 3668 i.
997 3627 1020 3668 et
1038 3621 1140 3681 sepner.
1175 3617 1219 3666 etti
1238 3627 1261 3668 et
1279 3617 1334 3669 editi

121 3687 222 3737 tetum.
242 3686 263 3734 t.
287 3693 311 3734 et
329 3688 433 3736 Graecus
451 3687 536 3748 script.
556 3693 640 3740 textus,
659 3687 699 3735 eiii
749 3677 838 3748 ἔλεγεν
856 3685 974 3736 omittant.
1011 3687 1100 3737 ibidem
1118 3699 1163 3752 pra
1180 3677 1238 3750 μέτ’
1257 3677 1335 3752 ὀλίγα

122 3753 353 3802 steditiamittnnt.
389 3753 447 3801 ibid.
466 3743 510 3802 ὅτε
528 3761 551 3802 et
570 3767 623 3802 max
639 3745 696 3818 μετ’
751 3754 1022 3803 conterminant
1055 3747 1248 3804 nabentnitu.
1276 3755 1334 3804 item

122 3811 198 3885 ὀλίγα
216 3819 302 3869 desunt
319 3821 343 3867 in
362 3821 457 3869 Gcbiet.
478 3829 501 3868 ct
517 3819 622 3870 autenm.
643 3821 664 3870 i.
751 3821 809 3868 baec
826 3822 896 3868 verbe
915 3813 983 3868 ὅταν
1000 3813 1064 3886 itcp
1076 3831 1119 3871 etc.
1131 3823 1245 3885 usquead
1258 3815 1335 3888 παρὰ

749 3884 799 3933 τοῦ
815 3879 920 3950 πατρός
946 3888 1147 3949 habentius-1.
1168 3889 1265 3948 Septies.
1285 3893 1341 3940 Ge-·

750 3954 850 4004 bierian.
869 3955 973 4002 Fcichm.
995 3956 1014 4003 1.
1033 3955 1131 4016 inpiis,
1150 3956 1261 4005 omittant
1278 3973 1333 4007 cern

750 4019 790 4068 aiii
809 4029 831 4068 et
850 4021 885 4068 ed.
905 4021 1022 4070 Cemmei.
1058 4023 1116 4072 ibid.
1130 4022 1249 4083 Angiicen.
1269 4025 1335 4076 addit

749 4081 796 4134 cai
812 4095 866 4137 unte
885 4081 915 4134 τὸ
934 4087 1041 4153 πνεῦμα
1058 4088 1105 4149 τῆς
1122 4080 1256 4149 ἀληθείας,

154 4157 177 4207 d.
195 4157 235 4205 Sic
247 4155 300 4216 neg,
312 4153 332 4202 Ι.
343 4156 440 4214 sepner.
455 4151 551 4202 centor.
562 4153 665 4202 Peiehm.
680 4155 700 4204 i.
784 4169 805 4216 q.
825 4156 880 4217 fleg.
897 4157 916 4204 i.
929 4165 952 4206 et
965 4157 1063 4219 Segasa.
1083 4150 1132 4224 οὐχ
1149 4151 1231 4224 ὑμεῖς.
1271 4161 1333 4212 tinec

120 4233 146 4277 nt
163 4225 217 4298 hep.
237 4223 259 4273 2.
284 4215 330 4269 καὶ
347 4219 403 4268 cair
420 4212 583 4284 εὐαγγελίων
599 4215 644 4268 καὶ
662 4205 701 4269 uir
750 4233 828 4272 antem
853 4224 923 4273 rerba
947 4219 993 4272 καὶ
1015 4218 1108 4274 πάλιν
1134 4217 1165 4274 οὐ
1186 4221 1240 4294 γὰρ
1259 4221 1333 4294 ὑμεῖς

122 4301 164 4344 ete.
201 4284 322 4342 ottobiu
342 4280 574 4372 tairtiuyysiiur
590 4283 635 4336 uni
653 4273 700 4340 aiu.
751 4299 794 4340 etc.
813 4307 889 4356 usqne
907 4293 936 4343 nd
955 4296 1079 4357 sequentia
1102 4287 1116 4354 ἡ
1143 4291 1266 4359 βασιλεία
1283 4295 1333 4345 τοῦ

122 4363 163 4412 stu
181 4370 204 4411 u
221 4360 278 4414 earu
303 4351 366 4424 περὶ
383 4356 440 4406 zor
455 4353 632 4423 reoffertur,
661 4339 700 4406 ab
749 4357 815 4407 asoa
833 4362 856 4410 u
881 4375 938 4410 mss.
957 4361 1013 4424 neg.
1029 4363 1051 4412 t.
1070 4363 1168 4425 sunu.
1195 4365 1290 4415 noster.
1309 4374 1333 4416 a

123 4439 164 4480 εις,
751 4427 852 4477 Peieim.
864 4429 883 4478 Ι.
897 4437 989 4479 exstant
1003 4439 1057 4494 past
1069 4431 1123 4488 isin,
1141 4447 1202 4495 qnae
1220 4428 1280 4482 inira
1292 4447 1332 4482 se·

153 4512 173 4546 e.
190 4491 241 4562 μέν
259 4496 326 4546 abest
349 4509 361 4542 a
390 4495 487 4546 Gobier.
511 4503 533 4545 ct
552 4495 654 4546 Peirhm.
677 4495 698 4545 1.
750 4504 862 4558 quinctus,
879 4491 924 4545 uui
942 4497 991 4546 τοῦ
1008 4491 1088 4563 ἁγίου
1105 4492 1264 4565 πνεύματος.

124 4565 245 4626 qniiidem
263 4564 335 4628 panio
370 4557 696 4628 astidio'uaxea‘iiiyur,
783 4565 805 4612 h.
825 4567 864 4614 Sic
876 4566 932 4627 neg.
950 4567 1048 4629 Segner.
1067 4567 1147 4617 ottob.
1174 4567 1234 4617 etin
1253 4577 1331 4618 antem

124 4623 152 4676 τὸ
169 4627 273 4696 πνεῦμα
291 4625 321 4678 τὸ
357 4646 427 4696 pter.
462 4624 544 4681 ἐκεῖνο
563 4641 607 4682 etc.
750 4639 773 4680 et
790 4633 829 4682 eiii
848 4625 925 4698 ἡμᾶς.

154 3938 173 3970 e.
193 3921 232 3968 Sic
250 3919 305 3980 itaq.
326 3917 345 3968 l.
365 3927 388 3966 et
403 3919 425 3968 2.
445 3920 542 3978 Sequar.
562 3919 700 3970 Gabierien.

122 3990 224 4039 Feiekm.
244 3986 265 4035 1.
285 3987 389 4038 Graecas
408 3987 493 4048 Script.
512 3993 595 4035 textus.
622 3987 700 4036 Ceteri

123 4066 145 4106 et
162 4056 217 4105 editi
236 4065 294 4100 eeu.
