3258 5276
224 323 287 390 24ss
625 341 652 384 s.
667 341 820 384 ιτιιειτεευ
834 339 1058 384 ικοιιιτνιεοονι

138 505 214 550 w.
223 487 336 554 πάντα
356 485 412 553 καὶ
434 481 484 554 άεί
508 486 582 568 ἔχει,
606 479 675 551 ἀλλ’
701 486 734 551 σί
756 483 938 571 ἄνθρωποί
959 486 1053 567 είσιν,
1078 487 1111 554 οἱ
1133 482 1233 575 άρχὴν
1248 489 1374 572 ἔχοντες
1390 494 1451 558 τού

223 587 402 672 λαμβάνειν
431 587 465 653 ἒν
494 581 658 672 αὐτῷκαὶ
681 581 728 652 δι’
754 582 864 653 αύτοῦ.
910 581 1011 652 αύτού
1033 586 1094 673 γάρ
1117 591 1174 654 νῦν
1195 589 1369 672 λεγομένου
1393 585 1453 657 άν-

221 695 406 773 θρωπίνως
425 693 592 772 χρίεσθαι,
616 682 711 774 ἡμεῖς
733 686 831 770 ίομεν
854 687 887 752 οἱ
910 686 944 754 ίν
959 681 1048 774 αύτῷ
1062 687 1239 773 χριόμενοι,
1263 689 1378 778 ἐπειδὴ
1393 691 1451 759 καί

219 789 465 875 βαπτιζομένοο
487 781 589 854 αύτού
610 783 706 872 ἡμεῖς
727 787 825 871 ἐσμεν
840 788 872 853 οἱ
888 786 923 854 ἐν
938 781 1026 875 αύτῷ
1040 789 1287 874 βαπτιζόμενοι
1318 791 1398 877 περὶ
1413 791 1450 859 δὲ

220 889 346 956 τούτων
368 886 504 955 πάντων
524 888 650 972 μᾶλλον
674 883 693 955 ό
715 887 824 975 σωτὴρ
845 887 1011 975 ιφανερὸν
1033 900 1128 957 ποιεῖ
1143 891 1245 977 λέγων
1265 893 1312 978 τῷ
1328 898 1450 979 πατρί·

220 985 308 1078 κᾷγιδ
322 989 382 1078 τὴν
397 989 506 1070 δόξαν,
523 988 562 1075 ἢν
577 989 722 1067 δίδωκάς
735 1011 803 1074 μοι,
826 989 954 1055 δέδωκα
969 985 1091 1070 αύτοῖς,
1108 989 1164 1056 ἵνα
1179 980 1261 1058 ιόσιν
1277 991 1320 1071 ἓν,
1334 991 1451 1072 καθὼς

220 1087 316 1177 ἡμεῖς
329 1092 364 1158 ἵν
377 1091 494 1175 ιίσμεν
504 1095 533 1171 ¹).
557 1085 604 1157 δι’
618 1087 705 1175 ἡμᾶς
717 1089 782 1177 άρα
799 1089 855 1158 καὶ
877 1090 976 1170 δόξαν
997 1089 1078 1178 ᾔτει,
1103 1091 1212 1158 καὶτὸ
1228 1092 1326 1178 ἔλαβε
1339 1096 1394 1160 καὶ
1409 1093 1448 1161 τὸ

221 1192 394 1278 ἐχαρίσατο
416 1191 471 1258 καὶ
492 1191 532 1257 τὸ
554 1187 757 1277 ύπερύψωοε
778 1192 935 1271 λέλεκται,
958 1185 999 1258 ἵν’
1023 1188 1119 1278 ἡμεῖς
1133 1191 1285 1278 λάβωμεν
1300 1194 1354 1260 καὶ
1370 1189 1449 1278 ἡμῖν

219 1301 395 1380 χαρίσηται
415 1295 469 1358 καὶ
492 1288 587 1378 ἡμεῖς
608 1288 803 1378 ύψωθῶιιεν
827 1292 860 1359 ίν
883 1287 988 1380 αύτῷ,
1023 1290 1132 1379 ὥςπερ
1154 1296 1225 1360 ‘nal
1248 1289 1333 1382 ύιτδρ
1356 1289 1448 1382 ἡμῶν

221 1393 337 1460 ἑαυτὸν
359 1390 495 1478 ἁγιάζει,
519 1387 560 1459 ‘t'v’
584 1389 680 1482 ἡμεῖς
701 1389 918 1479 άγιαοθῶμεν
942 1393 976 1460 ἐν
998 1389 1097 1480 αύτῷ.

306 1499 356 1561 49.
387 1492 430 1560 El
452 1494 488 1560 δὲ
511 1493 568 1561 διὰ
588 1493 628 1560 τὸ
644 1500 868 1580 προςκεῖσθαι
884 1493 917 1561 ίν
933 1497 979 1580 τῷ
997 1496 1138 1581 ψαλμῷ·
1155 1494 1211 1562 διὰ
1225 1497 1322 1562 τοῦτο
1340 1496 1448 1580 ἕχρισέ

220 1619 267 1675 σε,
292 1589 310 1660 δ
332 1593 423 1673 θεός,
447 1590 466 1660 ό
487 1593 570 1672 θεός
591 1618 652 1661 σου
661 1597 693 1675 ¹),
718 1595 752 1662 ἐκ
766 1598 825 1680 τῆς
840 1595 898 1662 διὰ
911 1599 1009 1662 τοῦτο
1026 1598 1144 1676 λέξεως
1158 1595 1328 1683 πρόφασιν
1340 1593 1446 1661 ’πάλιν

220 1697 351 1776 ἑαυτοῖς
384 1695 431 1776 είς
463 1695 485 1763 ἃ
515 1694 694 1780 βούλονται
720 1695 930 1781 πορίζονται,
963 1695 1140 1781 γνώτωσαν
1170 1697 1203 1763 οί
1224 1699 1289 1763 τῶν
1310 1697 1446 1784 γραφῶν

220 1792 367 1881 άμαθεῖς
393 1799 448 1863 καὶ
469 1799 528 1882 τῆς
549 1791 703 1882 άσεβείας
725 1795 916 1884 ίφευρεταί,
941 1792 995 1863 ὅτι
1016 1797 1094 1864 ΙΙκαὶ
1115 1797 1262 1866 ἐνταῦθα
1283 1797 1385 1864 πάλιν
1407 1793 1446 1863 τὸ

220 1897 277 1966 διὰ
297 1900 396 1964 τούτο
420 1893 456 1964 ού
479 1895 607 1980 μισθὸν
631 1891 748 1984 ἆρετὴς
770 1891 791 1983 ἢ
813 1897 966 1983 πράξεως
988 1906 1141 1985 σημαίνει
1155 1901 1214 1964 τοῦ
1230 1897 1338 1986 λόγου,
1363 1893 1462 1970 ἀλλὰ

218 1997 258 2065 τὸ
280 1999 389 2066 α’ίτιον
411 1997 514 2065 πάλιν
535 2001 593 2086 τῆς
616 1997 663 2076 εἰς
683 1993 770 2086 ἡμᾶς
793 1993 894 2064 αὐτοῦ
916 1998 1066 2066 καθόδου
1089 1999 1144 2065 καί
1164 2001 1224 2085 τῆς
1244 1995 1329 2085 ὑπὲρ
1351 1994 1444 2085 ἡμῶν

219 2100 267 2178 είς
294 2094 394 2165 αὐτὸν
421 2104 592 2185 γινομένης
612 2101 672 2164 τοῦ
694 2097 883 2182 πνεύματος
903 2105 1053 2184 χρίσεως.
1098 2094 1137 2165 ού
1168 2097 1230 2185 γάρ
1264 2095 1354 2167 εἶπε·
1389 2098 1446 2166 διὰ

109 2235 113 2242 ·
217 2203 317 2267 τοῦτο
341 2199 448 2286 ίχριοέ
469 2223 515 2280 σε,
539 2199 596 2266 ἵνα
616 2206 691 2288 γένῃ
714 2200 796 2278 θεὸς
817 2195 838 2287 ἡ
858 2198 1016 2284 βασιλεὺς
1038 2193 1059 2286 ἢ
1081 2199 1152 2278 υίὸς
1166 2194 1188 2286 ἢ
1204 2201 1300 2286 λόγος
1316 2190 1366 2288 (ἡν
1380 2198 1443 2286 γάρ

218 2300 274 2368 καί
296 2301 363 2386 πρὸ
385 2299 503 2367 τούτου
525 2299 582 2368 καὶ
604 2299 693 2368 ἔστιν
717 2296 784 2381 άεί,
813 2299 969 2385 καθάπερ
993 2300 1182 2380 δέδεικται),
1213 2295 1298 2368 ἀλλὰ
1318 2302 1445 2385 μάλλον

218 2401 334 2490 ἐπειδὴ
357 2401 456 2479 ”θεὸς
479 2397 582 2468 εἶκαὶ
605 2403 776 2488 βασιλεύς,
801 2399 859 2469 διά
879 2404 976 2467 τοῦτο
998 2402 1052 2466 καὶ
1075 2398 1246 2486 ίχρίοθὴς,
1271 2401 1346 2468 ἐπεὶ
1368 2396 1447 2468 οὐδὲ

218 2499 320 2570 ἄλλου
349 2493 388 2590 ἧν
415 2501 565 2588 συνάψαι
592 2503 651 2569 τὸν
673 2501 857 2590 άνθρωπον
878 2505 925 2588 τῷ
949 2500 1112 2585 πνεύματι
1132 2503 1179 2586 τῷ
1202 2495 1300 2586 ἁγίῳ,
1333 2495 1355 2586 ἢ
1383 2501 1444 2565 σού

217 2607 275 2692 τῆς
297 2603 422 2682 εἰκόνος
443 2607 502 2671 τού
524 2603 661 2692 πατρός,
685 2597 762 2670 καθ’
786 2603 825 2688 ἡν
846 2605 915 2669 ’καὶ
932 2601 969 2682 ἐξ
982 2597 1081 2687 άρχὴς
1094 2599 1279 2686 γεγόναμεν,
1304 2602 1363 2666 σού
1381 2598 1443 2685 γάρ

217 2705 290 2774 ίστι
310 2709 363 2772 καί
386 2704 425 2771 τὸ
448 2707 586 2789 πνεῦμα.
631 2693 699 2770 τῶν
719 2705 780 2788 μὲν
800 2703 862 2789 γάρ
884 2705 1026 2790 γενητῶν
1048 2699 1067 2790 ἡ
1092 2701 1192 2789 φύσις
1213 2697 1271 2768 ούκ
1292 2690 1330 2786 ἡν
1354 2696 1447 2780 άξιό-

217 2829 339 2885 πιστος
362 2806 409 2884 είς
430 2807 538 2884 τοῦτο,
563 2799 707 2890 άγγέλων
728 2806 789 2890 μὲν
811 2803 1044 2889 παραβάντων,
1069 2797 1261 2889 άνθριόπων
1283 2803 1319 2868 δὲ
1335 2825 1447 2888 παρα-

216 2905 415 2973 κουοάντων.
461 2901 518 2971 διὰ
538 2909 637 2971 τούτο
660 2908 743 2972 θεοῦ
764 2911 857 2990 χρεία
879 2893 918 2991 ἡν
942 2903 1037 2982 (θεὸς
1060 2904 1096 2969 δέ
1119 2903 1207 2970 ἔστιν
1223 2899 1241 2969 ό
1258 2900 1375 2988 λόγος),
1390 2901 1448 2968 ἵνα

217 3005 295 3086 τούς
324 3004 391 3073 ύπδ
419 3005 564 3095 κατάραν
593 3012 786 3093 γενομένους
815 2999 915 3084 αύτὸς
937 3003 1154 3091 ἐλευθερώσῃ.
1200 3001 1310 3089 εἰμὲν
1333 2993 1389 3068 σύν
1413 3001 1449 3082 ἐξ

218 3100 276 3173 ούκ
299 3105 403 3174 ὄντων
424 3086 480 3194 ἡν,
504 3101 578 3174 οὔδ’
603 3101 644 3176 άν
666 3102 768 3187 αὐτὸς
788 3095 827 3192 ἦν
851 3101 869 3172 ύ
891 3103 1053 3192 Χριστός,
1076 3099 1145 3182 ῑεῖς
1168 3098 1213 3171 ὢν
1235 3102 1370 3171 πάντων
1391 3105 1445 3169 καί

217 3213 354 3290 μέτοχος
374 3207 539 3292 τυγχάνων
562 3213 615 3276 καί
639 3203 746 3289 αὐτός.
794 3207 910 3295 ίπειδὴ
933 3207 969 3272 δὲ
991 3204 1073 3284 θεός
1095 3205 1167 3272 ἐστι
1188 3207 1271 3272 θεοῦ
1294 3203 1365 3282 υἱὸς
1387 3199 1443 3283 τόν,

218 3306 374 3390 βασιλεύς
395 3333 432 3374 τε
454 3303 563 3387 άΐδιός
586 3309 675 3376 ἐστιν
698 3305 904 3394 ἀπαύγασμα
919 3304 974 3372 καί
986 3305 1150 3391 χαρακτὴρ
1165 3306 1224 3371 τού
1239 3303 1367 3389 πατρὸς
1380 3299 1446 3369 ύπ-

219 3403 335 3491 άρχων,
359 3405 417 3473 διὰ
438 3411 537 3473 τοῦτο
560 3409 694 3488 είκότως
717 3403 816 3485 αύτός
839 3406 928 3473 ἐστιν
945 3401 963 3470 δ
978 3405 1250 3492 προςδοκιύμενσς
1265 3401 1441 3491 1’Χριστός

130 3504 256 3573 ΜΜ-δν
279 3501 297 3571 ὅ
320 3505 430 3592 πατὴρ
453 3501 654 3593 ἀπαγγέλλει
667 3517 739 3585 τοῖς
755 3500 962 3591 ἀνθρώποις,
986 3500 1232 3572 ἀποκαλύπτων
1248 3507 1319 3586 τοῖς
1337 3500 1445 3591 άγίοις

218 3601 318 3675 αὐτοῦ
346 3605 552 3696 προφήταις,
581 3607 638 3674 ἵνα
666 3597 776 3692 ὥςπερ
807 3601 854 3672 δι’
879 3600 979 3672 αύτού
1001 3605 1193 3693 γεγόναμεν,
1224 3601 1312 3673 ούτω
1333 3607 1388 3672 καὶ
1410 3603 1444 3671 ἐν

216 3702 306 3796 αύτῷ
333 3712 414 3776 τῶν
428 3707 563 3776 πάντων
592 3705 753 3794 λύτρωσις
775 3700 846 3774 άπὸ
867 3709 934 3772 τῶν
956 3701 1127 3792 ἁμαρτιῶν
1148 3711 1297 3794 γίνηται,
1326 3703 1445 3773 καὶτὰ

285 3880 310 3942 1)
328 3881 395 3933 Ιοιυ.
415 3882 456 3942 17,
475 3880 516 3932 ²2.
586 3879 612 3942 2)
630 3879 693 3932 ΡειΙ.
711 3879 745 3930 45
762 3873 817 3943 [λλ
836 3873 926 3944 Lm,
944 3876 968 3927 8.

215 3995 314 4048 Gobler.
332 3990 381 4046 οὔκ
397 3983 446 4066 [310⁸
467 3991 580 4066 ὀλίγας
596 3991 671 4049 ἔστὶν
689 3989 705 4057 ἡ
722 3989 804 4062 λόγος
855 3995 994 4045 Αίιειιῖῖεω
1005 3983 1049 4044 δεῖ
1065 3995 1246 4058 εὸεςοιεῖεοο,
1265 3995 1411 4047 ῦσίνίεείεοο
1422 4001 1447 4044 οῖ

214 4055 291 4112 {niv
308 4057 323 4112 δ
342 4073 403 4124 etc„
428 4067 468 4116 ubi
493 4058 510 4126 ἡ
534 4068 590 4116 ilem
609 4082 654 4130 pro
671 4049 697 4133 ᾖ.
731 4063 803 4117 ΒτεῖΙ.
855 4063 960 4140 felem.
980 4062 1003 4112 1.

213 4133 248 4182 Αα
266 4130 306 4182 lic.
326 4138 350 4183 ει
367 4132 471 4182 Felckm.
491 4133 515 4181 2.
540 4125 588 4181 οὔκ
612 4127 667 4198 ἄρα
692 4125 805 4196 ὀλίγος
889 4145 910 4180 ι.
929 4131 970 4179 διε
999 4129 1100 4193 Seguer.
1128 4129 1226 4181 Gobler.
1252 4135 1276 4180 οῖ
1293 4129 1400 4180 ῖείοίιω.
1421 4127 1443 4176 ί.

211 4147 332 4278 ἡλίγαε
348 4191 424 4247 ίστὶν
437 4191 451 4246 ὅ
461 4193 654 4264 βελτιυύμενις.
691 4192 806 4261 nemu
857 4199 885 4247 λι
902 4196 959 4247 editi
978 4203 1002 4245 et
1020 4199 1060 4248 ιΙῖῖ
1079 4195 1265 4262 φανερονιαιεῖ.

214 4260 299 4333 αραδ
316 4261 398 4330 λόγος
414 4259 498 4321 ίστίν,
517 4252 535 4332 ἡ
551 4262 641 4331 λόγος,
661 4259 805 4328 δβελτιαό-
891 4264 914 4312 b.
933 4257 1015 4328 ἐσμεν
1032 4265 1100 4314 διιεῖ
1119 4267 1142 4314 in
1160 4267 1260 4328 Segner.
1271 4271 1294 4311 ει
1305 4261 1361 4323 neg.
1392 4260 1446 4337 Mpx

212 4347 304 4449 ἡιενογ.
323 4333 460 4418 ῖὴίείιαβ.
479 4325 806 4448 ιύιιιιᾶριιδᾶλόγὴελίῖτίν
856 4331 956 4446 gesner.
980 4321 1047 4396 ᾔτει.
1082 4331 1177 4412 ίίὴῖῖιξ
1192 4332 1249 4410 edju
1268 4321 1445 4444 αὴἷεί.ιίίὴἡ.ἰ

213 4402 354 4534 χλῖίιῗ”
383 4402 705 4534 ἕίῖίιλάλύῗῖιμίλε
743 4413 806 4518 ιίὴῗ
855 4405 1006 4529 δί’ἡὶεύῗ
1032 4414 1086 4450 ¹³⁰¹
1111 4413 1138 4447 ‘⁷
1163 4409 1246 4462 was·
1285 4409 1359 4542 ‘¹¹⁰
1387 4407 1426 4442 ⁰¹

214 4539 315 4601 ὃεςυεε.
334 4541 390 4603 [leg.
408 4538 481 4590 Βιείί.
500 4537 568 4600 Αυςῖ.
583 4535 696 4586 omittunt
704 4527 802 4584 πάντα.
889 4549 910 4584 α.
929 4534 993 4584 Haec
1010 4535 1081 4584 verba
1105 4543 1191 4602 ωσπερ
1213 4523 1259 4578 καί
1281 4523 1348 4597 νπὲρ
1367 4521 1446 4596 ἡμῶν
