3162 5308
521 373 629 420 onusto
645 369 682 418 tv.
699 373 819 446 coum
834 373 971 416 ammosa
1279 357 1341 422 637

110 535 186 615 a'pse
207 531 284 612 [neit
307 546 409 610 opero.
455 527 574 593 Credite
595 525 683 598 atta,
712 525 790 608 quod
818 544 869 605 eqo
890 528 924 587 iu
945 523 1038 586 Patre
1059 541 1126 587 eum
1148 534 1177 587 et
1198 525 1291 588 Pater
1312 530 1426 588 tanea

115 655 175 698 me.
218 631 360 712 Alioquin
383 642 516 711 propter
544 646 637 709 opero
662 631 731 709 ipso
759 627 870 688 credite
898 625 980 688 mibi.
1024 625 1131 697 Amen,
1161 645 1248 690 omen
1278 628 1343 689 da'oo

113 737 215 808 uobis,
238 737 291 816 qui
312 732 407 794 eredit
428 735 460 793 iu
480 749 536 801 me,
560 747 663 811 opero,
686 747 760 811 quoe
783 746 834 807 eqo
855 729 948 808 focio,
969 738 999 790 ‘et
1020 731 1084 808 ipse
1104 728 1206 807 societ,
1229 739 1257 790 et
1277 747 1344 789 ma-

112 843 191 902 a'oro
214 838 259 900 bie
283 836 388 916 sodet,
411 835 481 915 quio
504 849 555 911 eqo
578 831 617 893 od
638 829 761 893 Patrem
782 823 868 892 o'odo.
913 827 952 890 Bt
973 829 1175 910 quodcumque
1193 831 1343 910 petieritis

116 945 154 1003 iu
176 943 296 1003 nomine
318 951 393 1005 meo,
416 935 470 997 boo
491 934 611 1013 sociam,
633 942 667 994 ut
688 931 882 1012 qlom'fioetur
903 929 995 994 Potor
1017 935 1049 992 ιιι
1071 930 1158 1004 Eiiio.
1201 930 1303 1008 itaque
1318 931 1344 992 si

40 1041 45 1054 '
117 1041 262 1104 Peterin
285 1037 359 1100 Vilio
381 1034 577 1116 glorificatur,
605 1033 784 1096 Fdiussine
805 1031 895 1094 dubio
921 1031 1027 1104 inerit,
1060 1031 1109 1111 qui
1137 1032 1194 1093 ait:
1228 1031 1289 1111 qu
1311 1037 1344 1094 in

118 1143 217 1206 Putre
238 1152 267 1204 ot
288 1141 381 1204 Potor
402 1143 433 1200 ιιι
455 1157 500 1200 me
523 1150 575 1209 est,
603 1146 633 1198 et
658 1135 721 1210 Qut
739 1154 785 1197 me
807 1135 891 1206 oa'dr't,
914 1136 989 1198 oida't
1011 1126 1140 1196 Putrem.
1185 1133 1243 1206 Qui
1265 1131 1344 1194 enim

119 1245 198 1306 haee
218 1241 360 1322 loquitur,
388 1240 519 1320 seipsum
542 1239 647 1302 Filium
670 1256 737 1300 esse
758 1235 879 1317 probat,
910 1255 976 1298 uum
999 1235 1080 1298 addit
1100 1247 1135 1298 ut
1156 1235 1345 1316 glorificetur

120 1345 219 1419 Pater
239 1349 272 1406 iao
293 1344 379 1406 run.

209 1451 260 1513 20.
304 1445 335 1507 Si
357 1444 446 1524 igitur
467 1443 657 1516 contendunt,
680 1439 843 1514 bominem,
865 1459 954 1520 quem
975 1439 1100 1520 gestarit
1120 1439 1269 1511 Verbum,
1291 1439 1344 1502 Fi-

117 1549 195 1613 lium
215 1549 269 1612 Dei
291 1545 476 1626 unigenitum
499 1565 583 1616 esse,
606 1563 668 1606 non
690 1547 789 1630 autem
810 1541 956 1620 Verbum,
985 1542 1119 1622 sequitur
1140 1550 1174 1604 ut
1193 1542 1283 1604 bomo
1307 1542 1345 1604 sit

117 1651 190 1726 itte,
213 1651 263 1731 qui
285 1651 316 1711 in
338 1649 426 1710 Patre
448 1648 597 1709 estatio
620 1664 678 1726 quo
699 1645 787 1711 Pater
809 1653 870 1720 est,
893 1644 1077 1707 bomo'item
1097 1644 1146 1706 iile
1168 1643 1273 1720 fuerit,
1296 1643 1346 1724 qui

117 1772 216 1816 unum
239 1755 302 1830 ipse
325 1759 355 1812 et
374 1749 461 1810 Pater
490 1757 550 1822 est,
583 1747 691 1828 quique
712 1747 742 1808 in
765 1748 833 1810 sinu
855 1756 902 1810 est
923 1747 1035 1822 Patris,
1064 1758 1093 1810 et
1119 1747 1168 1808 lux
1195 1765 1265 1808 vera
1288 1755 1345 1808 est.

118 1857 201 1918 Hine
215 1853 306 1914 deteri
329 1859 480 1932 cogentur,
504 1849 645 1912 mundum
667 1867 722 1930 per
742 1849 893 1911 bominem
916 1850 1023 1912 tantum
1045 1867 1123 1922 esse,
1147 1856 1177 1909 et
1195 1847 1345 1910 bominem

122 1975 194 2020 eum
216 1973 293 2028 esse,
316 1954 366 2033 qui
388 1951 468 2014 venit
489 1970 549 2014 non
572 1960 605 2013 nt
626 1951 779 2026 iudicaret,
802 1952 856 2014 sed
878 1960 911 2013 ut
931 1950 1074 2013 mundum
1095 1950 1207 2012 salvum
1228 1953 1346 2024 taceret,

121 2058 222 2140 ipsum
250 2055 375 2146 denique
408 2073 477 2118 esse
505 2054 675 2136 priusquam
696 2053 843 2116 Abrabam
870 2053 965 2116 fieret.
1008 2053 1093 2116 iesus
1116 2052 1211 2124 enim,
1241 2051 1345 2132 inquit,

123 2161 203 2224 dabit
224 2159 302 2222 iib'e:
331 2159 438 2230 Amen,
466 2176 553 2220 omen
582 2158 646 2220 dieo
668 2156 769 2228 uobis,
799 2161 959 2238 antequam
980 2157 1130 2218 Abrabam
1158 2157 1262 2238 fieret,
1292 2174 1344 2237 eqo

123 2283 202 2327 sum.
245 2261 290 2323 An
311 2279 372 2322 non
400 2277 470 2322 uero
499 2257 715 2338 perabsurdum
738 2258 817 2320 dictu
840 2267 904 2333 est,
938 2277 1005 2320 eum
1034 2259 1161 2322 existere
1189 2268 1345 2339 autequam

120 2367 208 2428 tieret
229 2363 385 2437 Abrabam,
408 2379 494 2442 quem
517 2379 553 2423 ex
574 2359 689 2422 semine
710 2359 844 2422 Abrahae
866 2370 934 2440 post
955 2361 1147 2440 quadraginta
1169 2360 1243 2421 duas
1261 2367 1343 2422 aeta·
1470 2395 1472 2402 ι

121 2477 168 2529 tes
191 2474 292 2528 netum
314 2484 383 2527 esse
405 2463 532 2526 volunt?
576 2462 608 2524 Si
631 2463 702 2524 item
724 2481 810 2532 earo,
833 2481 920 2543 mam
942 2462 1069 2525 Verbum
1092 2463 1229 2542 gestavit,
1252 2461 1344 2524 Vilius

124 2577 186 2639 est,
215 2584 252 2628 an
281 2583 340 2626 nou
375 2561 565 2627 vehementer
592 2572 737 2645 repugnat
765 2545 960 2637 contendere,
989 2565 1065 2625 bane
1092 2563 1187 2643 ipsam
1216 2581 1344 2637 carnem,

125 2683 217 2745 quam.
235 2683 270 2726 ex
291 2666 381 2727 bieria
403 2665 523 2746 aceepit,
548 2684 616 2728 esse
639 2683 694 2745 per
715 2684 802 2746 quam
825 2667 951 2729 mundus
967 2667 1061 2727 iaetus
1082 2673 1137 2726 est.
1182 2665 1258 2738 Quid
1274 2683 1344 2728 rero
1399 2658 1403 2674 '

118 2767 162 2830 -do
185 2765 233 2827 his
256 2765 353 2826 verbis
376 2765 483 2827 dicturi
504 2777 589 2830 suut:
611 2767 650 2830 Iu
671 2770 781 2831 mundo
804 2766 895 2832 erat?
938 2767 1070 2846 Namque
1092 2765 1291 2844 Euangeliou,
1315 2777 1346 2828 ut

125 2867 305 2947 significaret
330 2867 478 2930 exstitisse
498 2867 604 2931 Filium
631 2869 803 2950 priusquam
832 2868 992 2930 seeundum
1025 2885 1141 2930 carnem
1164 2876 1344 2942 nasceretur,
1446 2943 1449 2950 Ι
1574 2901 1578 2908 ·

125 2969 198 3031 baeu
219 2967 346 3030 subiecit
365 2969 469 3031 verbe:
498 2970 536 3032 ra
556 2973 668 3034 mundo
691 2981 770 3034 erut.
811 2970 906 3031 Porro
936 2967 960 3030 si
994 2987 1055 3031 non
1076 2969 1203 3031 Verbum
1227 2979 1274 3032 est
1293 2969 1344 3030 Vi-

125 3071 193 3146 bus,
216 3070 268 3132 sed
290 3070 381 3132 bomo
405 3079 451 3132 est
466 3071 567 3146 Filius,
591 3071 740 3152 quomodo
763 3069 905 3133 mundum
926 3071 1025 3150 possit
1039 3089 1167 3146 serrare,
1191 3089 1256 3133 oum
1280 3070 1344 3150 ipse

127 3191 243 3252 quoque
266 3172 306 3233 sit
328 3191 362 3234 ex
385 3171 519 3235 mundo?
563 3173 699 3246 Quodsi
722 3191 777 3234 neo
797 3171 845 3234 bis
859 3172 1025 3236 rationibus
1040 3191 1143 3236 eorum
1165 3173 1341 3253 comprime·

126 3284 174 3336 tur
194 3265 386 3354 impudentia,
410 3274 618 3368 respondeant,
641 3273 759 3336 ubinam
782 3275 911 3338 futurum
935 3275 975 3337 sit
988 3275 1127 3350 Verbum,
1150 3276 1175 3338 si
1193 3275 1282 3336 bomo
1298 3283 1345 3336 est

126 3377 156 3438 in
176 3374 287 3438 Patre?
332 3375 461 3447 Quotum
484 3385 581 3438 autem
607 3376 731 3438 Verbum
755 3375 812 3438 erit
833 3395 899 3438 orum
920 3377 1018 3452 Patre,
1041 3397 1107 3440 eum
1123 3378 1212 3439 bomo
1236 3384 1265 3438 et
1285 3377 1343 3440 Pa-

127 3489 170 3540 ter
190 3496 281 3540 unum
304 3475 390 3539 sint?
433 3476 521 3550 Quod
550 3477 576 3538 si
604 3477 694 3540 bomo
717 3478 883 3559 unigenitus
907 3486 969 3554 est,
998 3487 1120 3559 quotum
1154 3497 1265 3560 quaeso
1289 3479 1346 3542 erit

126 3577 274 3642 Verbum?
317 3579 368 3640 Vel
390 3581 469 3640 enim
491 3579 654 3647 seeundum
677 3598 744 3642 esse
766 3579 961 3660 respondebit
981 3581 1104 3662 aliquis,
1137 3582 1183 3643 vel
1206 3583 1232 3642 si
1254 3599 1345 3661 supra

127 3679 305 3760 unigenitum
333 3689 395 3754 est,
424 3681 487 3761 ipse
518 3691 596 3744 uerte
623 3683 710 3745 Pater
738 3683 836 3745 tuerit.
882 3683 1138 3756 Quemadmodum
1166 3683 1245 3744 enim
1268 3699 1344 3744 unus

129 3790 172 3844 est
192 3782 289 3854 Pater,
311 3781 352 3843 ita
373 3783 541 3862 unigenitus
565 3802 600 3845 ex
624 3803 659 3846 eo
681 3791 766 3848 natus
789 3803 866 3847 unus
889 3793 944 3846 est
990 3783 1067 3858 Quid
1091 3793 1246 3862 praeterea
1269 3786 1344 3846 Ver-

127 3884 195 3945 bum
217 3881 337 3944 bomine
360 3883 484 3962 amplius
506 3883 605 3958 babet,
629 3884 654 3944 si
671 3885 799 3948 Verbum
813 3886 906 3947 Vilius
921 3899 991 3946 ‘non
1013 3884 1075 3946 sit?
1117 3885 1256 3946 Mundum
1275 3885 1343 3965 qui-

129 3985 193 4047 dem
214 4000 269 4063 per
289 3981 395 4044 Fidium
417 3992 446 4044 et
461 3983 588 4046 Verbum
611 3985 718 4048 iactum
741 4005 808 4048 esse
830 3987 1048 4066 scriptumest,
1071 4003 1284 4066 communeque
1299 3995 1345 4050 est

129 4085 223 4148 Verbo
247 4093 277 4146 et
297 4083 371 4145 Vilio
394 4083 535 4146 mundum
558 4103 675 4160 creare,
705 4097 735 4149 at
754 4088 870 4149 Patrem
892 4105 954 4148 non
976 4106 993 4147 a
1015 4087 1127 4160 Verbo,
1155 4088 1208 4150 sed
1232 4107 1248 4148 a
1269 4087 1344 4150 Fdio

162 4341 269 4392 edesii.
290 4349 313 4391 et
329 4338 418 4406 dpgtio.
431 4332 586 4406 γενόμενον.
623 4341 710 4405 Regius
795 4357 814 4392 e.
834 4341 930 4394 Gobler.
949 4343 988 4394 bto
1006 4351 1029 4393 et
1047 4357 1100 4394 mot
1117 4336 1209 4397 πόσος.

132 4417 152 4460 et
168 4411 238 4472 Sego.
256 4403 408 4476 λεγόμενον.
446 4408 490 4460 diii
502 4411 605 4474 aditique
617 4419 709 4460 utrum·

132 4493 173 4542 qua
191 4480 309 4528 omittunt.
793 4479 810 4528 i.
829 4479 869 4528 Sic
893 4479 949 4541 flag.
972 4481 1071 4543 Segner.
1088 4479 1160 4530 basii.
1180 4488 1204 4528 et
1220 4475 1345 4538 dugiioun.

163 4546 183 4594 d.
201 4547 241 4596 Sio
265 4547 320 4609 Reg.
345 4554 368 4596 et
391 4545 489 4604 Segusa.
514 4554 539 4596 ut
563 4553 586 4597 et
603 4547 709 4597 Nunnius
759 4545 787 4597 bt
804 4548 827 4597 in
846 4547 899 4598 aliia
918 4555 941 4598 et
959 4550 1028 4600 editis
1047 4539 1161 4598 deortui.

131 4609 191 4673 legit.
225 4613 270 4664 diii
289 4624 311 4664 et
329 4615 385 4665 editi
402 4606 453 4674 εἴη,
474 4616 597 4666 mendose.
