3162 5308
519 376 668 432 nrvrsronl¹
678 377 697 420 1.
714 377 750 418 m
766 376 960 421 senariorum.
1276 363 1337 428 699

91 549 148 592 se
167 531 302 611 ”angelos
324 528 355 589 in
377 528 519 590 Trinitate
541 528 694 613 collocare.
737 527 810 590 Nam
832 528 856 590 si
880 527 1041 590 secuudum
1055 529 1122 590 illos
1137 541 1208 609 post
1221 511 1421 593 Paneheou.

21 653 23 662 ¹
92 643 142 694 et
171 633 280 695 Filium
302 629 592 710 sequunturaugeli,
613 637 692 692 certe
714 649 730 691 e
750 629 893 692 Trinitate
914 637 984 691 aunt
1005 631 1107 710 angeli,
1130 632 1256 694 neciam
1271 643 1340 695 sunt

92 738 388 800 admrirtrtratores
411 735 538 812 spiritus
561 735 814 794 remuneratam
835 735 926 802 missi,
948 747 1003 792 nee
1022 731 1080 811 ipsi
1095 734 1189 796 sancti
1205 735 1338 796 alliciun-

21 841 23 846 ’
93 847 176 912 tur,
203 837 256 900 sed
278 833 379 916 potius
401 834 474 896 ahos
496 842 615 896 sanctos
637 832 775 894 alliciunt.

212 1045 260 1104 ll.
306 1039 455 1112 Quaenam
478 1037 595 1098 nudem
617 1037 691 1098 haec
712 1043 770 1096 tem
798 1035 1067 1098 absurdaillorum
1094 1037 1241 1098 dementia
1269 1037 1339 1099 est‘l
1422 1029 1428 1042 “

102 1143 191 1217 Quo
221 1143 252 1204 iu
279 1142 345 1203 looo
371 1159 477 1202 rursus
506 1137 674 1218 Scripturas
704 1155 804 1198 sacrae
832 1138 1007 1199 invenerunt
1034 1138 1176 1218 Spiritum
1204 1139 1338 1218 angelum

103 1243 206 1307 uicit
250 1244 357 1332 Eadem
380 1242 468 1316 enim,
492 1259 566 1320 quae
586 1241 644 1302 iam
667 1239 734 1312 dixi,
758 1239 829 1300 mihi
850 1247 985 1319 repetere
1005 1257 1128 1302 necesse
1150 1251 1204 1304 est.
1247 1241 1338 1304 Para-

106 1347 210 1408 clitus
232 1346 327 1408 dictus
349 1353 397 1406 est
419 1352 448 1406 et
469 1343 591 1422 spiritus
614 1341 790 1422 adoptionis,
813 1341 936 1421 spiritus
959 1342 1170 1404 sanctimoniae
1185 1351 1216 1405 et
1230 1343 1339 1405 Christi

105 1449 256 1529 spiritus.
300 1448 336 1509 At
350 1465 506 1526 nunquam
526 1446 572 1508 uel
593 1445 714 1525 angelus
737 1451 787 1506 aut
808 1443 997 1522 archangelus
1027 1453 1077 1506 ant
1105 1444 1227 1524 spiritus
1248 1445 1338 1506 raini-

106 1551 224 1624 sterii,
254 1549 354 1630 quales
382 1557 453 1610 suut
480 1547 589 1626 angeli,
619 1546 781 1626 appellatus
810 1553 864 1606 est
909 1545 987 1619 Quin
1015 1545 1075 1607 imo
1098 1547 1192 1608 eidem
1214 1554 1244 1607 et
1265 1547 1339 1608 uiuo

105 1653 272 1716 ministrat
293 1650 419 1723 Gabriel,
442 1667 508 1712 oum
528 1648 636 1710 Mariae
658 1648 713 1710 ait:
735 1647 870 1730 Spiritus
893 1659 1015 1710 aonctrts
1039 1653 1281 1728 superamictis
1302 1662 1338 1723 te,

107 1767 149 1818 et
172 1757 275 1816 virtus
298 1752 447 1816 Attisst'mi
467 1750 654 1814 obumbrabit
676 1751 737 1812 tihi.
782 1749 854 1811 Cum
883 1749 971 1829 igitur
1001 1749 1170 1829 Scripturas
1199 1749 1339 1830 Spiritum

111 1854 267 1932 angelum·
281 1871 343 1914 non
364 1853 519 1934 appellent,
542 1845 611 1931 quib
634 1851 830 1914 excusationis
853 1851 962 1912 hahere
983 1835 1103 1931 possint
1121 1851 1152 1911 in
1171 1859 1248 1913 tanta
1263 1860 1339 1913 tam-

114 1975 181 2036 que
204 1954 330 2017 absurda
351 1957 525 2028 temeritate,
547 1955 672 2016 maxime
693 1971 758 2016 cum
780 1955 845 2033 ipse
860 1953 1041 2028 Valentinus,
1065 1954 1114 2032 qul
1130 1954 1248 2034 impiam
1265 1955 1341 2017 hane

115 2065 253 2120 mentem
275 2057 334 2120 illis
354 2057 489 2130 inseruit,
511 2056 591 2118 illum
614 2056 732 2136 quidem
753 2054 938 2128 Paraolitum,
961 2055 1018 2116 hos
1040 2074 1111 2117 vero
1132 2055 1259 2136 Angelos
1281 2075 1340 2118 no·

115 2159 287 2234 minaverit,
310 2160 380 2222 licet
399 2159 477 2220 idern
499 2158 690 2221 stultissimus
705 2157 847 2238 Spiritum
869 2157 980 2238 angelis
1003 2165 1192 2220 coaetaneum
1216 2161 1338 2222 eodem-

118 2281 179 2344 que
201 2261 342 2324 duntaxat
363 2273 496 2342 tempore
518 2279 551 2322 ao
572 2260 639 2322 illos
662 2260 811 2322 exstitisse
834 2257 1005 2322 senseritt·
1029 2259 1110 2334 „Sed
1133 2281 1217 2335 eece,
1240 2261 1339 2341 inqui-

120 2373 218 2441 „unt,
246 2365 323 2446 apud
351 2361 529 2442 Prophetam
552 2362 720 2440 Zachariam
742 2362 884 2441 scriptum
907 2369 965 2422 est:
997 2361 1079 2424 Haeo
1107 2364 1178 2425 dicit
1205 2364 1339 2442 angelus,
1393 2381 1405 2392 ·

120 2473 202 2548 „qut
223 2469 359 2549 loquitur
373 2471 405 2527 io
425 2484 480 2527 me.
524 2463 611 2543 Atqui
626 2461 816 2544 perspicuum
833 2470 887 2536 est,
910 2463 958 2524 hie
973 2463 1095 2542 spiritus
1112 2464 1230 2524 nomine
1246 2481 1424 2543 ange-rear.

122 2569 210 2640 „lum
237 2567 269 2628 in
298 2567 366 2646 ipso
388 2566 557 2646 loquentem
575 2560 770 2646 'sigulfioeri.“
814 2565 921 2627 Verum
943 2565 972 2626 id
995 2565 1115 2627 minime
1138 2565 1284 2638 dicerent,
1312 2569 1338 2630 si

122 2668 203 2748 quod
224 2666 325 2745 legunt
345 2667 451 2728 vellent
471 2667 631 2730 attendere.
686 2667 758 2729 Nam
786 2665 940 2729 Zacharias
970 2666 1000 2728 in
1029 2666 1195 2728 candelabri
1225 2667 1349 2744 risione

121 2769 177 2830 ait:
206 2767 245 2832 Et
267 2767 423 2847 respondit
445 2769 584 2847 uagetur,
607 2773 660 2852 qui
680 2767 857 2851 loquetetur
879 2774 911 2830 ia
932 2779 992 2838 mc,
1016 2777 1045 2829 et
1066 2769 1160 2830 dicit:
1189 2767 1352 2850 Numqutd'

121 2873 220 2932 nescis
243 2867 315 2948 quid
335 2878 408 2930 root
429 2869 523 2930 baec?
542 2947 548 2960 ι
565 2869 603 2932 Et
626 2872 706 2932 diui:
736 2869 804 2933 Non
833 2872 959 2932 domme.
1002 2867 1041 2932 Et
1062 2870 1220 2950 respondit
1248 2880 1276 2932 et
1297 2877 1340 2933 ait

123 2973 162 3034 ool
182 2989 228 3032 me
249 2970 365 3031 uicena:
393 2967 458 3031 Hor
484 2980 529 3033 eat
549 2973 673 3033 uerbum
695 2972 808 3034 domiai
827 2973 866 3032 cd
887 2969 1052 3032 Zorobobel
1073 2971 1188 3032 dicens:
1216 2970 1285 3034 Noa
1307 2978 1353 3034 in

21 3139 22 3142 ,
124 3077 236 3136 uirtute
256 3087 366 3150 magno
386 3087 441 3131 neo
461 3073 494 3132 ta
515 3073 635 3142 robore,
659 3072 710 3133 sed
731 3076 763 3132 tu
785 3069 903 3150 Sparata
924 3088 997 3143 meo,
1021 3072 1092 3134 dicit
1106 3071 1252 3136 Dominus
1276 3093 1340 3137 om-

124 3177 272 3255 nipotens.
315 3171 358 3232 Ex
381 3170 487 3251 quibus
509 3171 600 3250 liquet
621 3157 770 3252 angelum,
798 3171 848 3250 qui
869 3171 1034 3250 Prophetae
1056 3173 1247 3252 loquebatur,
1278 3193 1339 3236 nou

123 3277 215 3338 luisse
236 3274 378 3355 Spiritum
402 3280 548 3347 sanctum,
571 3275 624 3335 sod
647 3273 728 3335 illurn
750 3273 867 3352 quidem
891 3291 958 3336 esse
979 3275 1125 3354 angelum,
1148 3277 1227 3338 hune
1241 3285 1337 3338 autern

125 3396 190 3440 esse
211 3376 354 3456 Spiritum
376 3375 429 3436 Dei
452 3375 677 3454 omnipotentis,
702 3375 748 3436 oui
771 3376 942 3454 etangelus
957 3376 1111 3450 ministrat,
1134 3379 1243 3458 quique
1258 3397 1273 3441 a
1290 3379 1337 3440 di·
1377 3348 1380 3374 Ι

124 3479 237 3542 ciuitate
259 3477 348 3539 dividi
370 3477 482 3556 nequit,
504 3495 538 3538 ac
558 3477 646 3538 Verbi
669 3477 809 3556 proprius
833 3487 887 3538 est.
932 3477 1019 3550 Quod
1046 3479 1072 3540 si
1094 3479 1227 3559 Apostoli
1249 3481 1337 3542 verba

125 3581 206 3643 nohis
230 3579 433 3660 opposuerint,
456 3579 505 3658 qui
528 3578 641 3640 scilicet
661 3587 733 3657 post
754 3565 902 3640 Christum
925 3579 1035 3642 eleetos
1057 3581 1177 3660 angelos
1200 3583 1337 3643 nomina-

126 3684 178 3757 rit,
206 3682 318 3755 dicant,
347 3679 464 3760 quinam
494 3699 529 3742 ex
558 3681 616 3743 illia
639 3681 776 3742 omnihus
800 3680 936 3742 Trinitati
958 3681 1161 3762 adiungendus
1186 3683 1233 3745 sit.
1278 3683 1338 3745 Nec

127 3863 168 3916 roi
184 3858 263 3918 ababa
281 3881 329 3915 non
347 3865 443 3915 hahent.
734 3885 746 3902 ι
786 3867 802 3915 i.
826 3867 866 3917 Sio
884 3867 939 3928 lieg.
959 3867 980 3916 l.
1003 3868 1101 3929 Seguer.
1119 3868 1188 3920 Gohl.
1205 3869 1295 3931 Aoglie.
1314 3879 1338 3922 at

159 3952 177 3986 e.
195 3934 289 3984 Gohler.
308 3941 331 3982 et
348 3932 452 3981 Felclm.
469 3933 490 3982 l.
510 3927 607 3998 φασὶν,
626 3927 702 3999 παρὰ
752 3933 856 3982 Felelxm.
870 3931 890 3980 l.
926 3936 1032 3983 Attamen
1052 3937 1147 3984 Gohler.
1160 3944 1182 3985 et
1198 3937 1301 3986 Feta-lm.
1313 3939 1335 3988 l.

128 4001 162 4066 τῷ
178 3993 309 4066 Ζαχαρῖᾳ.
348 3999 421 4049 tidem
446 4014 500 4048 mox
524 4008 546 4050 et
570 4001 660 4063 liegt.
679 4009 702 4050 et
753 3999 801 4046 τοῦ
820 3999 938 4048 omittant.
973 4002 1017 4051 Alii
1036 4010 1059 4050 et
1077 4002 1132 4051 editi
1150 3997 1181 4050 τὸ
1193 3999 1337 4071 δὲπνεῦμα

129 4071 218 4132 Segner.
242 4059 325 4126 δῆλόν
341 4059 428 4121 ἐστιν,
455 4057 505 4115 ὅτι,
539 4069 704 4124 Argiletum
753 4061 784 4114 τὸ
804 4057 897 4130 ἅγιον,
923 4059 980 4130 iqri
997 4062 1028 4116 tt
1046 4067 1152 4136 πνεῦμα
1170 4071 1217 4121 τοῦ
1234 4087 1336 4122 παντο·

129 4134 240 4198 lleglost.
259 4128 342 4194 δῆλον
360 4125 410 4183 ὅτι.
445 4135 524 4184 Ceteri
542 4145 565 4184 et
583 4135 639 4184 editi
658 4129 703 4194 δη·
752 4127 895 4200 κράτορος.

129 4197 218 4255 hubae.
788 4204 810 4252 tr.
828 4203 869 4252 Sic
886 4203 942 4262 fleg.
955 4203 975 4253 l.
994 4205 1065 4266 Sego.
1078 4205 1146 4256 Gohl.
1159 4216 1181 4257 et
1192 4208 1295 4258 Felclrnr.
1311 4210 1333 4258 l.

159 4275 172 4323 l.
189 4273 245 4336 Reg.
265 4272 287 4322 t.
305 4271 443 4332 etGegner.
462 4257 531 4319 abab.
752 4271 830 4320 Ceteri
854 4285 908 4320 xero
933 4280 956 4322 et
979 4273 1035 4322 editi
1060 4265 1152 4339 ἰσχύος
1174 4273 1223 4323 τοῦ
1243 4269 1335 4340 λόγου.

133 4341 250 4458 ¹qviperi
268 4341 289 4457 p.
315 4341 414 4457 Steguer.
439 4339 534 4390 Gohler.
554 4346 577 4389 et
594 4337 699 4389 relatu.
751 4339 812 4456 gripl
830 4339 1100 4459 R⁹⁸',¹'p‘1¹qs⁰⁸¹1'“i
1119 4336 1175 4458 tupi
1199 4335 1222 4424 a}
1240 4337 1272 4422 ro:
1290 4353 1334 4395 etc.

145 4445 150 4459 .
281 4421 358 4458 rec.
773 4423 887 4457 cerne
941 4423 1025 4458 eom.
1063 4447 1068 4458 .
1100 4424 1145 4460 πει
1197 4421 1334 4462 straete.

158 4477 178 4525 h.
197 4423 315 4528 Sicqmss.
334 4489 425 4526 ornnes.
460 4474 538 4524 Editio
558 4475 700 4525 commetiri.
752 4476 796 4524 Alii
813 4485 836 4524 et
853 4475 909 4525 editi
927 4469 1066 4536 turserat
1083 4472 1115 4525 τό
1134 4427 1178 4529 stov.

132 4535 306 4603 malatestae.
344 4543 433 4594 thidum
453 4544 541 4606 Regl.
560 4545 699 4606 etSegner.
742 4585 745 4602 ,
770 4545 801 4610 J.
825 4545 938 4606 Siclleg.
957 4546 977 4594 l.
997 4554 1020 4593 et
1038 4545 1060 4594 2.
1080 4547 1178 4609 Seguer.
1197 4547 1293 4596 Gobter.
1313 4553 1336 4596 et

133 4593 173 4657 οὖν
188 4612 303 4662 omittunt.
751 4611 856 4662 Felclm.
868 4612 889 4662 l.
925 4613 1002 4664 Ceteri
1014 4621 1091 4664 autom
1108 4623 1132 4664 et
1141 4615 1197 4665 editi
1207 4607 1236 4662 ἐν
1246 4613 1279 4680 τῇ
1289 4621 1333 4664 etc.
