3054 5236
443 369 558 414 norrea
573 369 790 414 arommuuns
806 369 894 412 omne
907 369 927 412 ι.
1234 354 1295 418 873

1 539 54 580 οη
87 519 280 598 exigere,
318 537 394 600 queo
416 519 461 582 rei
484 526 599 582 meatee
621 497 788 580 debentur?
831 519 908 580 Nam
930 517 1055 580 iumenti
1078 517 1165 580 Verbi
1187 534 1382 599 conposuere.

4 628 124 684 sotum
154 628 233 695 est,
265 640 312 682 ae
334 621 402 700 ipsi,
425 620 510 682 cuius
533 639 643 700 eorpus
665 621 777 682 laetum
799 628 855 692 est,
878 619 1083 682 adorationem
1106 619 1226 682 adfertis
1242 639 1296 680 ve-

4 733 122 784 tram.
181 722 320 784 Debita
343 741 415 802 ergo
438 730 469 783 et
490 721 586 784 divina
608 721 783 796 adoratione
805 720 927 795 solitum
950 721 1027 784 Dens
1050 723 1129 784 enim
1152 729 1200 782 est
1221 721 1296 782 Ver-

7 845 98 896 ium,
130 823 243 886 euius
275 843 393 904 corpus
416 832 463 884 est
483 822 649 902 proprium,
671 819 781 901 quippe
805 839 872 882 cum
895 832 1086 884 assesserunt
1106 823 1245 884 mulieres
1260 823 1298 884 ad

4 929 229 999 bominum,
259 926 337 988 illas
359 925 407 988 bis
429 923 570 1004 probibet
591 922 709 984 verbis:
739 919 814 984 Noli
831 941 877 986 ms
899 932 1037 1003 tonuere,
1063 925 1199 985 nonduin
1221 927 1300 986 snsbs

9 1029 160 1092 ascendi
186 1029 240 1090 ad
260 1027 393 1090 Patrem
409 1045 520 1118 neuin,
544 1024 678 1087 iudiesns
700 1042 778 1104 opius
799 1041 868 1084 esse
882 1023 1066 1086 Ascensione
1088 1034 1118 1086 et
1131 1043 1220 1086 unam
1235 1025 1300 1087 lore

8 1127 299 1190 escensionem.
342 1128 478 1188 Attamen
506 1126 680 1188 aecedentes
701 1123 769 1185 illae
791 1131 952 1186 tenuerunt
972 1123 1065 1203 pedes
1087 1124 1152 1186 eius
1174 1133 1204 1186 el
1224 1125 1299 1188 ado·
1410 1131 1417 1144 ’

15 1238 208 1292 severunt.
265 1229 365 1292 Pedes
386 1233 557 1301 tenuerunt,
579 1227 672 1288 ileum
695 1225 903 1286 adoraverunt
948 1225 1045 1287 Pedes
1068 1226 1187 1305 quidem
1203 1227 1300 1290 mruis

15 1343 53 1393 et
95 1331 245 1392 ossium
277 1337 443 1392 contentum
466 1327 689 1408 praeferebant,
723 1326 776 1388 sed
800 1344 866 1386 oum
888 1325 941 1388 Dei
964 1334 1082 1400 essent,
1112 1327 1205 1390 Deum
1233 1327 1301 1390 illae

25 1433 285 1494 adoraverunt.
330 1431 367 1492 Et
388 1430 456 1492 stibi
480 1447 600 1509 quoque
620 1427 717 1490 aiebat
739 1426 896 1488 Dominus:
926 1425 1053 1507 Palpats
1071 1447 1118 1490 nae
1139 1441 1169 1492 et
1191 1447 1302 1510 sepno-

27 1539 140 1608 soite,·
180 1538 269 1615 quia
291 1536 421 1614 spiritns
446 1550 568 1594 oornssn
590 1540 713 1592 stesso
733 1548 796 1591 non
820 1529 920 1600 babet,
948 1531 1029 1591 siant
1047 1549 1094 1592 nis
1116 1530 1223 1593 videtis
1246 1531 1303 1592 ba·-

36 1637 141 1706 bere,
171 1652 365 1714 quamquam
387 1633 454 1712 ipse
477 1631 608 1711 Spiritus
630 1631 686 1692 sit:
714 1629 851 1710 Spiritus
873 1633 953 1692 enabs
974 1640 1019 1693 est
1040 1629 1133 1694 Dens.
1176 1631 1213 1692 Et
1234 1647 1302 1694 oum

34 1738 122 1796 (licit
149 1755 191 1796 es
220 1754 260 1796 se
281 1734 391 1794 habere
413 1733 560 1811 smulque
582 1729 713 1792 ostendit
732 1731 809 1810 ipsa,
833 1749 886 1792 our
906 1731 962 1792 ait:
985 1729 1121 1811 Spiritus
1138 1751 1260 1796 aarum
1274 1743 1304 1795 et

45 1857 130 1898 ossa
156 1854 232 1896 non
258 1835 352 1906 babet,
375 1845 410 1896 nt
431 1853 486 1904 ms,
508 1833 615 1912 inquit,
638 1851 727 1912 quem
749 1849 811 1893 non
833 1832 882 1893 illa
896 1851 976 1906 esse,
999 1833 1052 1894 sed
1068 1833 1116 1895 illa
1131 1833 1241 1896 babere
1255 1835 1303 1896 vi·-

44 1935 168 1998 desis?
195 1954 241 1996 an
265 1945 298 1996 nt
319 1935 449 2008 doceret,
472 1933 616 2014 Spiritum
638 1940 744 1996 natissa
765 1933 996 1996 inenarrabilem
1018 1953 1103 2007 esso,
1126 1935 1225 2014 ipsum
1247 1949 1388 1996 au-osn.

50 2047 118 2100 tem
146 2045 328 2100 contactum
351 2037 387 2098 sd
409 2055 520 2116 corpus
543 2047 646 2097 nostro
668 2035 765 2096 simile
787 2034 946 2114 pertinere,
967 2036 1046 2114 quod
1062 2021 1119 2096 sibi
1135 2055 1170 2098 ex
1186 2035 1305 2114 Virgine

53 2159 126 2202 non
152 2139 290 2218 quadam
313 2137 455 2219 operandi
476 2137 603 2210 ratione,
627 2136 681 2198 sed
703 2135 831 2198 naturali
853 2136 1044 2215 generatione
1067 2145 1304 2217 comparavere

58 2250 97 2304 ut
130 2249 164 2303 ot
196 2241 362 2302 secundum
386 2247 519 2302 naturam
542 2245 624 2300 esset
644 2256 772 2318 eorpus,
801 2255 835 2298 ao
856 2255 961 2300 rursus
984 2237 1145 2300 seeundum
1169 2247 1305 2300 naturam

59 2341 260 2404 indivisibile
288 2337 369 2402 ess'et
390 2361 406 2402 a
428 2339 516 2402 Verbi
539 2337 680 2400 Deitatei
725 2339 775 2400 Sio
802 2338 880 2400 euim
909 2346 941 2400 et
965 2356 1048 2399 mors
1079 2339 1143 2400 eius
1172 2339 1305 2419 contigit,

64 2462 206 2522 corpore
230 2443 349 2524 quidem
374 2442 536 2504 seeundum
560 2448 694 2502 naturam
716 2439 911 2520 suscipiente,
934 2439 1031 2502 Verbo
1054 2447 1151 2502 eutem
1174 2459 1228 2519 per
1249 2459 1305 2502 vo-

65 2545 223 2606 luntatem
246 2563 310 2605 enm
332 2543 506 2604 admittente
529 2547 559 2604 et
580 2559 634 2621 per
655 2547 831 2619 potestatem
855 2558 940 2602 suam
962 2541 1115 2620 proprium
1137 2558 1246 2620 corpus
1268 2541 1306 2604 ad

69 2651 207 2705 mortem
236 2644 386 2714 tradente,
416 2661 475 2720 quo
506 2649 537 2703 et
557 2641 731 2703 naturaliter
751 2661 808 2721 pro
830 2641 918 2704 nobis
940 2649 1092 2720 patereun
1113 2651 1144 2703 et
1165 2643 1306 2704 divinitus

17 2807 21 2819 ,
67 2762 138 2824 pro·
154 2742 248 2805 nobis
268 2749 450 2822 resurgeret
495 2741 662 2821 Totumque
683 2743 886 2822 generationis
901 2743 1067 2822 mortisque
1082 2743 1232 2822 negotium
1246 2761 1306 2806 no-

20 2913 22 2929 ,
72 2853 170 2906 stram
193 2845 445 2924 perquisitionem
467 2845 782 2924 reoupsmtionemque
803 2851 928 2923 spectet.

163 2947 195 3007 7.
221 2934 322 3007 'llaec
343 2963 409 3006 oum
432 2945 473 3006 its
495 2962 529 3006 se
552 2944 679 3007 babeant
701 2953 732 3006 et
753 2945 785 3005 in
807 2944 948 3008 eonlesso
971 2944 1085 3006 sintin
1108 2945 1239 3008 Eeolesia
1253 2945 1307 3008 Dei

82 3045 251 3116 Catholioa,
280 3065 333 3108 our
360 3065 413 3108 ros
436 3065 554 3108 rursum
577 3046 675 3108 dicitis
699 3064 808 3126 eorpus
832 3065 849 3108 a
870 3046 952 3109 caelo
976 3046 1069 3110 essel
1098 3065 1151 3108 our
1172 3047 1308 3110 Christus

82 3148 162 3210 illud
181 3146 301 3210 effecit?
344 3147 551 3228 Respondete:
573 3147 657 3209 dune
679 3156 713 3212 ut
734 3167 770 3208 ex
792 3147 874 3208 caelo
897 3147 929 3208 in
952 3159 1060 3208 terram
1083 3165 1192 3228 corpus
1207 3148 1308 3210 deler-

84 3257 133 3310 ret
160 3257 190 3310 et
210 3247 358 3310 invisibile
380 3248 519 3310 redderet
541 3247 673 3322 risibile,
707 3247 903 3310 contumeliae
925 3247 1092 3328 inoapooem
1115 3247 1310 3310 conmmeliae

84 3369 239 3431 rapacem,
267 3348 450 3429 impassibile
473 3358 504 3410 et
525 3349 692 3412 immortale
713 3349 839 3420 mortue
861 3358 892 3411 et
911 3347 1055 3429 passibile
1075 3347 1207 3411 iaceret?
1249 3347 1309 3412 Eo·

87 3451 224 3532 quidnam
245 3451 277 3512 iu
300 3450 357 3512 iltis
379 3449 527 3536 beneficii,
551 3469 569 3512 o
592 3451 695 3532 inepti,
719 3451 745 3512 si
768 3470 802 3512 es
823 3451 855 3512 in
871 3450 991 3512 Cbristo
1007 3451 1082 3513 laeta
1098 3450 1212 3524 dicatis,
1235 3469 1311 3532 quas

21 3553 22 3556 ’
87 3552 326 3632 inl’rotoplasto
341 3552 433 3614 iidem
455 3553 531 3614 laeta
554 3551 645 3615 suntl
688 3551 752 3614 Nisi
766 3553 845 3614 ddas
866 3552 981 3636 lapsum
1005 3552 1034 3614 in
1050 3551 1311 3632 incomparabilem

90 3654 303 3735 reparationem
325 3653 462 3716 Christus
490 3655 521 3716 in
548 3653 742 3716 similitudine
771 3653 871 3715 caruis
900 3653 1013 3733 peceati
1035 3671 1182 3732 apparens
1204 3669 1311 3732 peona-

91 3763 206 3834 tnmque
227 3755 258 3815 in
281 3771 369 3816 mnne
390 3755 593 3816 condemnans
616 3753 807 3827 restituisset,
830 3753 870 3816 ita
894 3761 926 3814 ut
947 3771 1036 3814 carne
1051 3752 1171 3816 indutus
1186 3752 1313 3815 interra

123 3923 143 3956 a.
162 3907 258 3964 Sepoer.
283 3893 400 3968 ἇρῥητός
423 3917 464 3956 τις
486 3898 569 3954 tenir.
606 3905 670 3955 inira
754 3905 779 3954 b.
798 3905 895 3956 Gobler.
914 3905 1050 3954 rotenus.
1070 3895 1314 3967 etSeguesian.ini

93 3975 152 4024 idem
170 3962 201 4030 iis
216 3963 246 4019 is
262 3964 351 4035 lausqi
367 3981 471 4037 nepam.
721 3971 782 4036 γῆν.
818 3973 883 4022 intra
902 3973 1012 4034 Ssguen,
1027 3987 1098 4036 qoem
1117 3971 1250 4036 sequimur,
1267 3966 1314 4022 asel

127 4042 142 4090 l.
160 4041 255 4099 sepner.
272 4029 389 4094 barat,
409 4041 672 4101 quemserntisumns.
722 4042 764 4094 τίς
782 4023 862 4100 inlr
880 4032 952 4089 roais.
988 4039 1050 4089 dditi
1075 4049 1099 4091 et
1117 4041 1157 4089 alii
1175 4033 1221 4086 arni
1238 4031 1312 4099 τίςῆ

96 4103 231 4158 missen
248 4107 368 4155 ineditis.
403 4105 455 4156 ttox
470 4091 488 4172 ᾖ
505 4101 587 4156 πάλιν
602 4101 673 4155 κατὰ
722 4101 753 4158 ἐν
769 4099 844 4156 rods.
880 4107 954 4156 Panlo
978 4104 1314 4172 parmenianistas

97 4167 178 4242 φύσιν
191 4171 237 4232 τῆς
253 4172 303 4221 τοῦ
320 4165 412 4236 λόγου,
431 4174 467 4222 sla
485 4175 548 4225 idem
566 4183 591 4224 et
608 4175 672 4224 Nen—
723 4169 812 4240 λέγετε
829 4165 853 4224 ἅ.
890 4175 951 4224 Editi
970 4163 1233 4240 olytysumiyy.
1261 4175 1313 4224 llos

99 4246 155 4294 nias.
187 4241 244 4290 tidini
270 4225 287 4305 ᾖ
309 4239 361 4299 τῆς
378 4239 426 4288 aad
443 4233 546 4306 λόγου,
574 4244 672 4292 omissis
723 4235 748 4292 ei
764 4237 860 4361 pFai'rqi
874 4233 959 4361 ἰῗδάμ
976 4243 1064 4294 desunt
1081 4246 1104 4294 in
1123 4245 1223 4306 Sepnsr.
1242 4241 1314 4294 Gobl.

101 4311 185 4362 mediis.
725 4319 750 4361 st
786 4313 872 4362 ssim.
902 4348 909 4361 .

131 4395 151 4442 g.
169 4379 196 4426 lta
214 4375 471 4434 Sesostrlioblerirn.
490 4383 513 4427 el
532 4375 672 4428 delebunt.
760 4413 765 4424 .

169 4437 209 4492 ²2²
227 4435 289 4502 s,
307 4441 355 4502 o
370 4439 507 4507 oef-
616 4445 673 4496 u
724 4480 751 4529 1„
759 4413 842 4530 nt
858 4411 1088 4530 nnumin
1105 4409 1313 4543 nisius:

104 4505 458 4642 gzgpiz⁰ffilfief⁶¹sz⁰gff
485 4511 672 4564 mmm
725 4555 749 4596 et
766 4548 872 4598 Felclm.
885 4547 908 4597 l.
925 4540 1150 4600 πολιτεύσασθαι.
