3236 5286
238 343 303 414 228
595 377 597 382 ·
640 359 667 420 ι,
682 359 1075 418 ιτειιιιοιιιιιιασιεειεσοει
1165 420 1169 430 1

151 502 357 577 Ριέβιοῦσίαν
379 501 425 574 ιῦν
446 509 559 574 ταῦτα.
604 511 764 596 Ιγέννημα
784 507 846 596 γὰρ
867 509 926 596 τῆς
946 510 1005 574 τοῦ
1028 491 1158 593 πατρὸς
1180 475 1296 588 οόσίάς
1317 505 1471 599 ὑπάρχει,

69 612 75 622 ’
239 606 322 689 ὑλςτο
348 610 474 697 μηδένα
501 603 724 696 άμφιβάλλειν
753 605 807 675 ότι
827 604 904 676 καθ’
930 604 1110 696 ὁμοιότητα
1130 611 1190 675 τοῦ
1213 605 1473 695 άτρέπτυυπα-

238 710 318 799 τρὸς
338 707 504 797 ῦτρεπτός
526 708 673 776 ἐστικαὶ
698 705 716 775 ὑ
738 709 843 795 λόγος.
1408 729 1409 732 ’

241 819 264 854 ⁵
324 817 377 879 40.
424 816 517 889 Τέως
536 811 598 894 μὲν
619 800 678 876 οὑν
700 820 776 890 ταῖς
797 813 875 896 περὶ
897 813 957 877 τοῦ
979 811 1053 877 υίοῦ
1075 811 1220 890 ἐννοίαις
1231 810 1395 899 χρώμενοι
1408 809 1471 884 σῦ-

238 935 306 992 τως
326 910 414 997 πρὸς
433 909 495 1001 τάς
516 903 656 996 όλόγους
677 905 786 978 αὑτῶν
809 911 976 992 ἐπινοίας,
1001 907 1047 992 ὥς
1068 911 1207 980 όέόωκεν
1229 907 1350 993 ιἀὑτός
1371 909 1390 979 ὑ
1411 913 1470 980 κύ-

237 1036 325 1102 ριος,
349 1006 592 1100 άπηντήσαμεν.
622 1011 722 1078 καλὸν
745 1013 782 1080 όέ
803 1012 922 1080 καὶτὰ
942 1019 1025 1081 θεῖα
1046 1012 1142 1100 λόγια
1156 1019 1385 1101 παραθέσθαι
1399 1015 1472 1082 λοι-

236 1106 315 1195 πόν,
338 1107 379 1180 ἵν’
405 1113 455 1181 ἐτι
475 1113 532 1181 καί
552 1113 681 1181 οπλεῖον
703 1115 762 1179 τοῦ
783 1115 844 1199 μὲν
866 1114 940 1180 υἱοῦ
960 1113 1000 1180 τὸ
1022 1111 1186 1202 ἄτρεπτον
1202 1109 1394 1205 ἀποδειχθῇ
1414 1114 1470 1183 καὶ

237 1212 259 1303 ἥ
288 1211 511 1294 ἀναλλοίωτος
540 1207 641 1281 αὑτοῦ
663 1213 807 1302 πατρικὴ
830 1215 946 1303 φύσις,
976 1213 1102 1282 τούτων
1125 1216 1161 1281 δὲ
1182 1211 1203 1302 ἡ
1225 1216 1467 1304 κακοφροσόνη.

236 1316 375 1404 γράφων
396 1321 507 1383 τοίνυν
524 1316 772 1402 Φιλιππησίοις
795 1309 1018 1395 ὑάπόστολός
1033 1336 1134 1404 φησι·
1156 1318 1256 1383 τοῦτο
1272 1323 1468 1404 φρονείσθω

238 1417 274 1485 ἐν
295 1412 383 1501 ὑμῖν,
407 1414 426 1482 ὑ
446 1417 502 1482 καί
523 1414 558 1482 έν
579 1417 718 1502 Χριστῷ
735 1410 849 1503 Ἰησοῦ,
874 1415 911 1495 ὃς
932 1416 967 1484 ἐν
987 1420 1101 1505 μορφῇ
1124 1419 1208 1484 θεοῦ
1229 1411 1384 1504 ὑπάρχων
1407 1411 1468 1502 οὑχ

239 1509 415 1614 ὑρπαγμόν
436 1512 581 1606 ἡγήσατο
602 1516 642 1582 τό
664 1510 750 1583 εἶναι
772 1511 830 1583 λσα
850 1520 932 1603 θεῷ,
956 1512 1026 1584 ἄλλ’
1051 1516 1168 1584 ἑαυτὸν
1184 1516 1319 1585 ένένωσε
1331 1517 1467 1606 μορφὴν

179 1691 189 1698 ,
239 1618 359 1686 δούλου
381 1617 508 1706 λαβών,
539 1616 574 1684 ἐν
602 1611 791 1702 ὁμοιώματι
811 1611 1005 1704 άνθρώπων
1026 1617 1215 1704 γενόμενος,
1248 1621 1301 1685 καὶ
1324 1618 1466 1704 σχήματι

240 1715 390 1807 εὑρεθείς
421 1715 467 1798 ιὺς
495 1717 679 1805 άνθρωπος
708 1717 930 1786 ἐταπείνωσεν
960 1718 1094 1799 ἑαυτόν,
1128 1719 1299 1806 γενόμενος
1321 1716 1465 1806 ὑπήκοος
1544 1809 1549 1814 ἱ
1603 1755 1604 1804 η

239 1827 335 1909 μέχρι
355 1819 515 1898 θανάτου,
538 1817 689 1886 θανάτοιν
712 1820 748 1886 δέ
771 1823 925 1906 σταυροῦ.
957 1820 1088 1888 διὸκαὶ
1112 1817 1129 1888 ὑ
1152 1820 1235 1900 θεὸς
1250 1815 1349 1888 αὑτὸν
1363 1817 1476 1906 ὑπερ·
1603 1809 1604 1828 ¹

239 1921 372 2010 όψωσε,
401 1919 458 1988 καὶ
486 1919 661 2006 ἐχαρίσατο
688 1913 778 2008 αὑτῷ
812 1917 918 2006 ὄνομα
944 1920 984 1988 τὸ
1005 1917 1091 2007 ὑπέρ
1113 1924 1183 1988 πᾶν
1205 1918 1326 2018 ὄνομα,
1355 1922 1411 1988 ἵνα
1432 1921 1468 1989 ἐν

239 2026 288 2110 τῷ
312 2018 451 2106 ὀνόματι
468 2015 573 2108 Ἰησοῦ
594 2023 664 2110 πάν
685 2020 763 2106 γόνυ
785 2021 902 2110 κάμψῃ
926 2019 1134 2108 ἐπουρανίων
1156 2024 1210 2088 καὶ
1235 2021 1391 2109 ἐπιγείων
1411 2020 1468 2089 καὶ

239 2127 485 2204 καταχθονίων,
507 2123 562 2188 καί
584 2124 681 2188 πᾶσα
700 2121 835 2208 γλῶσσα
856 2121 1170 2208 αἐξομολογήσηται,
1203 2118 1258 2188 ὅτι
1278 2124 1390 2211 κύριος
1408 2117 1469 2210 Ἰη-

239 2224 321 2300 σοῦς
340 2221 490 2308 Χριστὸς
511 2222 559 2300 εἰς
580 2220 680 2302 δόξαν
701 2227 785 2291 θεοῦ
808 2220 934 2308 πατρός
942 2225 973 2300 “).
1009 2228 1044 2288 τί
1064 2221 1184 2288 τούτου
1206 2223 1397 2312 λευκότερον
1411 2225 1468 2290 καί
1520 2275 1526 2290 ,

241 2315 557 2408 άποδεαιτικιότερον
578 2327 724 2407 ’γένοιτο
746 2322 805 2406 άνς
841 2317 877 2390 οῦ
906 2321 967 2409 γάρ
990 2322 1026 2402 ἐξ
1046 2321 1230 2390 ἐλαττόνων
1251 2327 1392 2410 βελτίων
1413 2329 1469 2410 γέ-

238 2445 342 2509 γονεν,
366 2416 450 2490 άλλὰ
469 2425 596 2506 μᾶλλον
616 2424 700 2503 θεὸς
720 2421 878 2511 ὑπάρχων
899 2422 972 2510 ’τὴν
995 2421 1111 2490 όοῦλου
1131 2424 1265 2511 μορφὴν
1281 2426 1386 2511 ἐλαβε,
1410 2422 1468 2490 καί
1592 2425 1601 2442 ’

239 2523 343 2618 ἐντῷ
357 2524 479 2609 ,λαβεῖν
501 2519 561 2590 οὑκ
581 2523 782 2613 ἐβελτιώθη,
806 2521 876 2593 ἄλλ’
901 2525 1120 2594 ἐταπείνωσεν
1142 2523 1267 2592 ἑαυτόν.
1303 2527 1373 2590 ποῦ
1393 2529 1467 2589 τοί-

239 2651 299 2693 νυν
320 2624 355 2693 ἐν
375 2623 507 2704 τούτοις
527 2623 654 2708 μισθός
675 2628 734 2712 τῆς
755 2620 888 2715 ἀρετῆς,
911 2620 933 2712 ἢ
954 2632 1038 2693 ποία
1059 2623 1228 2712 προςκοπὴ
1250 2627 1304 2692 καί
1326 2617 1466 2710 βελτίω·
1491 2709 1507 2720 „

240 2747 295 2808 σις
326 2725 361 2794 ἐν
387 2725 610 2808 ταπεινώσας
644 2726 673 2794 εί
700 2725 762 2812 γάρ
789 2727 873 2806 θεὸς
901 2723 947 2795 ὧν
969 2732 1097 2813 γέγονεν
1120 2724 1319 2813 ἄνθρωπος,
1351 2728 1406 2792 καὶ
1430 2724 1468 2804 ἐξ

239 2824 350 2914 ῦψυυς
371 2825 516 2913 καταβάς
538 2827 668 2912 λέγεται
688 2823 877 2913 ὑψοῦσθαι,
900 2830 968 2895 ποῦ
989 2823 1139 2913 ὑψοῦται
1155 2816 1242 2906 ’θεὸς
1264 2824 1329 2910 ὤας
1366 2825 1468 2911 δήλου

240 2924 337 3010 όντος
357 2929 460 2997 πάλιν
481 2926 610 3009 τούτου,
633 2924 707 2994 ιότι
728 2930 787 2994 τοῦ
810 2931 894 2996 θεοῦ
915 2924 1061 3013 ὑψίστου
1085 2927 1180 3007 ὄντος
1202 2928 1238 3008 ἐξ
1260 2921 1470 3016 άνόγκηςεῗ·

239 3055 296 3099 ναι
328 3030 380 3099 όεῒ
411 3032 464 3099 καί
495 3029 555 3097 τόν
587 3021 716 3096 τούτου
738 3027 836 3114 λόγον
869 3026 1023 3114 ῦψιστον.
1068 3032 1135 3095 ποῦ
1164 3019 1222 3095 σῦν
1244 3031 1363 3096 πλεῖον
1384 3021 1468 3110 εἶχεν

239 3126 424 3217 ὑψωθῆναι
447 3129 465 3197 ό
487 3131 591 3218 ἐντῷ
613 3132 716 3218 πατρὶ
740 3123 786 3196 τόν
808 3132 862 3197 καί
885 3125 1002 3214 όμοιος
1022 3128 1106 3197 κατὰ
1120 3129 1232 3197 πάντα
1246 3132 1306 3196 τοῦ
1320 3127 1468 3214 πατρός,·

241 3221 358 3295 οῦκοῦν
378 3231 489 3318 πάσης
510 3233 703 3321 προςθήκης
724 3227 908 3320 άπρυςόεής
930 3230 1010 3310 ἐστι,
1033 3231 1089 3296 καί
1110 3224 1169 3296 οῦκ
1191 3229 1290 3310 ἐστιν,
1315 3227 1361 3308 ὠς
1382 3225 1470 3296 ὑπο-

240 3329 375 3394 νοοῦσιν
410 3330 444 3396 οί
471 3326 649 3416 Ἀρειανσλ
695 3331 724 3398 εί
751 3331 813 3418 γὰρ
843 3330 959 3399 διὰτὸ
981 3327 1165 3416 ὑψωθῆναι
1186 3336 1404 3418 καταβέβηκα
1426 3323 1468 3393 λὺ

241 3425 353 3512 λόγος,
387 3431 442 3494 καί
472 3432 578 3496 ταῦτα
598 3437 795 3518 γέγραπται,
828 3428 880 3510 τίς
899 3437 993 3516 χρεία
1013 3421 1053 3520 ἦν
1076 3427 1162 3509 ὅλως
1182 3433 1236 3497 καὶ
1251 3431 1469 3498 ,ταπεινῶσαι

152 3527 369 3609 ε.ιιε.ἐαυτόν,
392 3528 450 3594 ἵνα
469 3531 569 3594 τοῦτο
592 3529 711 3619 ζητήσῃ
735 3531 864 3615 λαβεῖν,
890 3527 973 3620 ὅπερ
997 3527 1081 3616 εἶχες
1113 3537 1216 3600 ποίαν
1239 3533 1276 3599 δέ
1296 3533 1351 3599 καὶ
1371 3528 1467 3616 χάριν

208 3699 211 3705 ,
241 3629 357 3716 ἐλαβεν
380 3624 398 3696 ὑ
419 3631 479 3716 τῆς
499 3626 632 3714 χάριτος
655 3627 774 3716 δοτήρ,·
807 3625 830 3716 ἢ
850 3634 925 3711 πῶς
947 3632 1044 3719 ἔλαβε
1063 3633 1103 3699 τὸ
1127 3630 1233 3717 όνομα
1248 3633 1296 3712 εἷς
1309 3631 1348 3699 τὸ
1363 3654 1471 3717 προς-

239 3733 415 3798 κυνεῖσθαι
443 3724 462 3797 ὑ
491 3725 544 3799 άεὶ
566 3728 668 3814 ἐντῷ
692 3722 831 3814 ῦνόματι
853 3726 954 3799 αὑτοῦ
976 3733 1276 3819 προςκυνοόμενοςς
1308 3734 1363 3799 καὶ
1384 3734 1471 3817 πρὶν·

238 3837 371 3920 γένηται
391 3826 418 3919 γ’
427 3821 486 3899 οὑν
516 3827 715 3918 ἅνθρωπος,
744 3835 994 3918 παρακαλοῦσιν
1023 3831 1186 3919 οἱτάγιοι·
1217 3829 1236 3900 ό
1258 3833 1340 3914 θεὸς
1362 3831 1397 3900 ἐν
1417 3833 1467 3918 τῷ

309 4085 333 4148 ι)
351 4083 437 4150 Philip.
456 4087 481 4146 ι,
500 4087 591 4136 ε-ιι.

272 4234 294 4274 ι,
313 4219 453 4281 θεςσειίεσ.
469 4209 509 4265 οῦν
525 4217 622 4274 ταῦτα,
640 4216 762 4287 γέννημα
778 4219 827 4281 τῆς
911 4224 935 4272 b.
954 4223 994 4273 Sic
1011 4223 1151 4286 Seguerinu.
1171 4220 1268 4272 Goblor.
1288 4229 1312 4272 ει
1331 4220 1472 4271 ΈεΙοΙιισΛ.
1568 4245 1573 4252 -

237 4283 289 4333 τοῦ
306 4293 351 4335 σία.
387 4287 453 4334 idem
474 4299 528 4334 mox
547 4294 570 4334 ιι
588 4288 645 4347 neg.
661 4289 784 4349 λοςΙίεισ.
803 4297 827 4338 εί
877 4287 921 4338 Alii
939 4303 995 4339 vero
1013 4299 1037 4340 et
1055 4291 1111 4340 editi
1136 4281 1172 4342 ὑε
1198 4281 1315 4336 δέδωκεν
1333 4280 1347 4332 ὅ
1364 4280 1469 4354 πόριος»

238 4352 365 4402 Basiliam.
380 4346 452 4416 μηδὲ
469 4343 658 4417 όμφιβάλλειν.
679 4355 753 4402 Paulo
770 4361 827 4417 ρυει
879 4349 978 4408 αὑτοῖς.
1015 4357 1074 4407 thid.
1094 4358 1193 4419 Seguer.
1213 4345 1424 4418 άπαντιὶσωμεῠ.

239 4419 313 4469 editio
332 4419 449 4468 Commel.
468 4419 586 4468 mendoso
605 4419 678 4468 habet
694 4410 728 4467 άτ
747 4415 827 4474 επτός

233 4480 299 4536 ’ἐστι
315 4479 378 4550 περὶ
393 4479 440 4534 καὶ
457 4478 472 4533 ά
489 4480 578 4551 λόγος.
613 4487 660 4536 Sed
678 4499 729 4552 περ
759 4488 827 4537 thes!
912 4507 933 4540 c.
952 4491 1051 4554 Seguer.
1070 4491 1168 4542 Gobler.
1187 4488 1325 4542 etFelckm.
1338 4486 1360 4536 1.
1374 4479 1471 4534 πλέον.

239 4555 270 4604 ab
287 4554 400 4604 omnibns
418 4567 477 4603 ωτι.
656 4607 666 4614 ,
878 4551 940 4610 miti
958 4565 982 4608 εί
1005 4557 1046 4608 alii
1063 4554 1164 4610 πλεῖον.
1200 4556 1349 4622 ΡεεΙοψοιι
1366 4553 1470 4615 θεςαεις.
