3094 5318
442 349 585 415 rer'rsrorn
602 373 640 414 rv.
656 373 692 413 nn
710 373 905 417 senrrronmr.
1219 351 1279 420 783

4 526 47 588 iti
78 524 251 587 dixeritis
267 525 344 604 apud
362 523 579 602 vosmetipsos:
604 521 657 594 „Si
680 520 917 584 dieamus-Filius
932 533 988 594 est,
1010 525 1181 587 audiemus:
1204 523 1366 586 Ubinam.

8 645 123 698 ‚nam
153 625 196 686 id
224 622 462 704 scriptumest?
506 623 557 686 siu
586 623 748 684 dixerimus
777 641 837 682 uon
867 631 913 682 est
934 623 1040 696 Filius,
1075 629 1213 688 timemus
1241 643 1280 688 ne

4 729 169 798 „dicent
197 726 307 788 nobis:
330 727 390 788 Cur
412 743 483 804 ergo
508 725 651 803 seriptum
675 732 736 785 est:
766 723 829 784 Nos
851 741 914 785 non
937 729 1081 804 spiritum
1101 730 1208 790 mundi
1227 747 1280 791 ue-

4 877 22 902 „
35 833 224 910 cepimus,
249 830 301 890 sert
322 827 474 908 Spiritum
497 831 549 907 uui
570 845 609 888 eu
629 825 692 888 Deo
716 823 812 888 est?“
853 824 908 886 Sin
923 833 1020 886 autem
1036 826 1111 905 apud
1127 845 1180 888 ros
1196 829 1280 906 ipsos

4 933 240 992 dener-tentes
262 947 316 990 ros
338 947 457 1008 quoque
480 927 584 989 dicatis
607 927 781 999 Nescimus,
809 933 1044 987 consentaneum
1073 936 1118 986 est
1146 936 1176 987 et
1205 945 1280 1002 eum,

4 1051 114 1112 quem
145 1032 196 1092 de
223 1049 257 1091 re
279 1028 425 1091 eiusmodi
448 1027 667 1108 interrogastis,
691 1026 781 1088 silere
799 1026 1054 1105 obtemperantem
1070 1026 1108 1098 ei,
1130 1027 1281 1105 uiridiuit:

6 1135 61 1196 Ne
91 1133 306 1213 respondeus
328 1131 423 1194 snttts
445 1135 535 1193 intuto
556 1129 720 1192 stultitiam
741 1145 843 1200 mum,
872 1145 910 1190 ne
938 1127 1088 1207 efficieris
1113 1133 1147 1190 ei
1166 1121 1282 1200 tamdia,

5 1238 72 1298 sed
101 1234 277 1314 responde
298 1233 395 1304 stulto
417 1235 508 1294 tuero
529 1231 691 1293 ambitium
713 1247 817 1304 seem,
846 1247 884 1290 ne
911 1228 971 1290 sibi
999 1232 1120 1308 sopiens
1149 1247 1214 1291 esse
1235 1235 1282 1291 ui-

11 1339 163 1400 deatur.
218 1333 389 1412 Responsio
412 1341 521 1406 sutem,
544 1350 618 1411 unae
640 1331 723 1392 vobis
742 1329 868 1392 maxime
883 1329 1029 1399 convenit,
1053 1338 1099 1390 est
1120 1327 1281 1404 sitentium,

12 1447 51 1499 ut
80 1447 237 1498 vestram
260 1434 459 1514 ignorantiam
479 1431 720 1512 deprehendatis.

122 1641 160 1702 3.
217 1635 345 1698 Rursum
367 1635 457 1712 igitur
478 1650 603 1711 aequum
627 1642 673 1694 est
694 1649 728 1694 ex
751 1632 806 1704 iis,
831 1639 905 1710 quae
926 1651 982 1694 ros
1003 1635 1132 1708 effertis,
1161 1651 1216 1695 ros
1238 1635 1283 1698 sie

20 1743 252 1816 inter-rogare.
296 1733 545 1814 Quandoquidem
565 1733 731 1813 Prophetae
752 1733 783 1794 iu
805 1732 917 1812 Spiritu
938 1724 997 1796 boi
1012 1734 1184 1814 toutnrntur.
1207 1745 1237 1797 et
1252 1738 1369 1802 tonos.

21 1843 130 1903 Esaia
166 1837 303 1916 Spiritus
332 1843 452 1898 sanatam
486 1836 659 1915 prophetat,
694 1843 727 1897 ut
754 1833 784 1895 in
814 1834 1019 1914 superioribus
1047 1836 1283 1900 demonstratum

24 1953 99 2014 esta
127 1957 213 2018 ergo
236 1937 364 2017 Spiritus
387 1947 434 1999 εει
454 1937 582 1998 Verbum
605 1937 669 2010 Dei,
692 1936 810 2014 duoque
825 1935 919 1997 Verba
943 1947 1023 2007 sunt,
1042 1927 1178 2018 'Spiritus
1200 1938 1283 2000 vide·
1358 1955 1364 1962 ·

23 2045 107 2105 licet
133 2049 169 2102 et
194 2039 300 2102 Fitirra.
343 2037 460 2101 Etenim
482 2035 648 2118 Prophetae
670 2047 742 2098 utne
762 2037 989 2117 prophetabant,
1015 2039 1133 2118 quondo
1156 2040 1285 2102 Verbum

28 2145 90 2208 ltei
117 2143 166 2205 sd·
186 2141 258 2202 iitos
281 2141 380 2203 tiebat.
422 2139 465 2202 dd
487 2142 581 2212 been,
602 2139 842 2220 quandoquidem
865 2140 963 2200 omnia
985 2159 1039 2230 per
1061 2140 1189 2204 Verbum
1210 2143 1285 2204 neta

30 2254 130 2316 sunt,
163 2253 198 2305 et
222 2244 289 2304 sine
311 2243 379 2322 ipso
401 2244 509 2304 iactum
532 2251 579 2303 εει
600 2239 688 2313 nitu,
722 2249 753 2302 et
773 2227 863 2303 Deus
885 2246 1036 2321 snpientia
1055 2245 1201 2323 fundauit
1222 2253 1286 2305 ter-

33 2367 128 2418 rom,
156 2353 191 2406 et
215 2345 315 2406 omnia
337 2345 367 2405 in
391 2343 536 2424 sapientia
558 2344 642 2415 tecit,
666 2342 870 2422 scriptumque
894 2352 940 2405 εει
959 2347 1006 2414 (ot
1026 2345 1058 2406 irr
1079 2343 1285 2422 superioribus

34 2449 235 2510 deuterattno
259 2453 332 2522 esti:
355 2443 480 2510 dmr'ttes
498 2445 646 2525 Spirintm
668 2455 753 2506 tuom
776 2453 805 2506 et
828 2445 1032 2518 emodunntra
1055 2461 1125 2524 ergo
1148 2454 1198 2506 aut
1213 2445 1284 2526 Spi-

38 2549 123 2608 ritus
148 2546 284 2610 tterburn
306 2557 363 2619 εει,
387 2557 438 2610 out
459 2547 489 2608 iu
512 2545 631 2607 umbos
654 2545 724 2608 teuit
743 2545 823 2606 Deus
848 2546 956 2618 omnia,
979 2540 1018 2606 in'
1031 2541 1181 2625 Sapientia
1203 2555 1233 2610 et
1254 2546 1285 2608 in

39 2646 183 2724 Spiritrr3
215 2655 245 2707 et
266 2665 334 2721 our,
365 2667 493 2728 ευεεεε,
514 2647 623 2709 Pontus
644 2645 699 2708 sit:
735 2645 820 2708 Unus
841 2643 941 2722 Dent,
970 2663 1010 2707 ιω
1030 2661 1088 2726 quo
1111 2651 1228 2722 omnio,
1258 2657 1287 2708 et

41 2765 132 2810 unus
156 2745 327 2819 Dominus,
353 2768 412 2830 per
433 2768 519 2830 quan
542 2745 665 2812 omnini
708 2747 878 2826 iterumque
906 2763 974 2807 oum
1000 2741 1092 2807 Filius
1122 2747 1162 2808 sit
1187 2750 1286 2826 sinope

41 2849 155 2912 Putris
179 2849 361 2924 inuisibilis,
390 2859 437 2911 εει
458 2859 556 2910 autem
579 2848 708 2928 Spiritus
731 2849 828 2925 imago
850 2845 933 2919 Filii,
956 2845 1100 2925 seriptum
1124 2855 1171 2908 εει
1192 2847 1285 2908 enirn:
1347 2871 1357 2888 .

47 2951 139 3022 Quos
159 2953 333 3027 praenotuit
355 2959 384 3012 et
401 2951 642 3031 praedestinavit
665 2950 836 3028 conformes
867 2949 939 3027 fieri
965 2951 1106 3028 r'mnpr'nis
1129 2947 1203 3010 ritu
1222 2953 1286 3023 suia

45 3051 142 3130 igitur
164 3049 225 3110 bae
245 3049 361 3111 ratione
382 3067 454 3112 avus
476 3060 523 3113 εει
543 3051 641 3112 Pater.
685 3049 722 3110 iit
742 3048 882 3127 quoniam
902 3045 993 3110 Filius
1023 3047 1142 3126 quido·
1171 3050 1201 3112 in
1228 3069 1286 3112 no·

47 3152 133 3214 mirre
156 3149 258 3210 Patris
281 3150 371 3224 venit,
393 3151 532 3232 Spiritns
553 3161 655 3214 ornem
676 3162 811 3220 sanetus,
834 3149 875 3210 ait
889 3149 993 3223 fitius,
1015 3169 1100 3232 quern
1115 3156 1212 3214 mittet
1228 3149 1288 3214 ra-

50 3266 100 3317 ter
123 3257 159 3314 in
181 3255 307 3314 nostine
325 3271 408 3325 meaa
431 3271 502 3331 erpo
526 3261 559 3312 et
577 3253 635 3313 boe
657 3267 775 3330 quoque
797 3249 887 3311 modo
910 3269 983 3312 aruo
1004 3260 1051 3313 est
1067 3247 1163 3314 Peter.
1208 3253 1286 3326 Quid

51 3354 88 3416 ad
112 3355 190 3417 baeu
212 3354 390 3433 responsuri
411 3354 496 3426 estis,
518 3354 588 3416 tinet
610 3353 709 3414 omnis
730 3362 841 3414 temere
859 3351 988 3415 dicatis?
1032 3353 1113 3427 Quid
1126 3355 1287 3418 ratiocine-

50 3455 126 3518 mini
148 3455 231 3534 apsd
252 3452 480 3534 vosmetipsos?
523 3457 566 3515 dn
589 3471 656 3515 eunt
678 3453 836 3514 adsertatis
859 3455 1106 3528 amboesium,
1140 3456 1288 3520 eiusmodi

4 3545 5 3558 ¹
54 3555 248 3634 qonosbones
271 3553 518 3635 reprehenditis?
562 3555 622 3616 Sed
644 3555 728 3634 prius
750 3573 806 3615 ros
828 3555 914 3634 ipsos
934 3557 1085 3636 ooarguite
1117 3559 1197 3633 (nam
1221 3559 1288 3620 tatia

55 3675 199 3734 quaerere
221 3657 435 3733 oonsuev'ntis)
458 3657 681 3736 seripturisque
704 3655 923 3735 obtemperate,
951 3665 984 3718 et
1003 3676 1072 3719 enm
1090 3677 1152 3719 non
1175 3677 1286 3740 suppe-

56 3765 119 3818 tant
140 3775 216 3836 quse
239 3757 457 3834 respondeatis,
480 3755 585 3818 dissito
605 3765 677 3836 post
697 3757 772 3828 bae,
794 3757 937 3835 Spiritum
959 3758 990 3818 irr
1013 3757 1175 3837 Scripturis
1197 3777 1286 3820 nurn-

58 3875 146 3934 quam
173 3863 409 3917 roeatuur'esse
436 3856 545 3929 filiurn,
578 3858 632 3919 sed
660 3857 803 3936 Spiritum
832 3867 967 3918 sendum
995 3867 1024 3919 et
1052 3859 1195 3937 Spiritum
1223 3860 1287 3922 bei.

60 3954 316 4029 Quemadmodum
345 3965 442 4017 aunem
466 3957 593 4035 Spiritus
622 3975 684 4018 norr
711 3965 835 4018 vocotus
858 3966 906 4018 est
926 3957 1022 4031 titius,
1056 3957 1101 4020 oie
1127 3976 1224 4040 neque
1251 3961 1288 4023 do

61 4056 134 4116 rutro
156 4054 301 4132 scripturn
324 4061 385 4118 est:
408 4055 476 4135 lpse
499 4065 545 4117 est
567 4057 695 4136 Spiritus
717 4067 848 4120 sanetas.
892 4057 970 4120 Num
992 4059 1082 4138 igitur
1105 4060 1174 4139 qrria
1188 4060 1286 4141 Spiri-

4 4287 8 4294 ,
96 4257 116 4290 ε.
142 4234 174 4288 rd
197 4236 305 4304 πνεῦμα
329 4239 398 4290 deest
421 4241 445 4290 in
463 4239 607 4290 Gobteriano
626 4249 651 4291 ει
700 4257 756 4292 vero
775 4237 860 4309 ὑμῶν.

68 4307 168 4358 taretin.
185 4307 208 4357 t.
734 4311 758 4359 d.
776 4309 825 4359 τοῦ
843 4309 909 4360 θεοῦ
928 4312 996 4362 obest
1013 4327 1026 4361 a
1046 4311 1143 4364 notter.
1161 4321 1185 4362 et
1202 4311 1288 4362 retut-

99 4376 121 4422 b.
139 4375 178 4424 Sic
200 4375 258 4436 neg.
276 4383 299 4422 et
317 4375 415 4436 Segoer.
450 4375 512 4425 Editi
530 4390 585 4426 sero
604 4365 650 4423 uri·
701 4380 781 4427 manni
803 4379 824 4428 t.

69 4439 121 4516 spi.
155 4443 244 4491 ttridern
270 4441 367 4492 Gobter.
386 4442 531 4494 erroreum.
553 4444 574 4493 l.
593 4433 646 4492 ἄλλ’
735 4459 757 4500 ο,
776 4447 873 4497 Gobter.
887 4447 917 4496 'et
935 4446 1038 4496 Fetctm.
1052 4449 1074 4498 t.
1093 4439 1158 4498 lusi.

76 4503 214 4572 nnoxpivoo
231 4502 303 4593 node
319 4502 399 4590 τήν.ι
623 4579 647 4590 ..
734 4513 750 4561 i.
775 4513 809 4562 ltu
829 4515 885 4576 tieg.
903 4521 927 4564 et
943 4515 1015 4576 sepo.
1051 4516 1112 4592 Editi
1130 4503 1289 4565 ιειεοῧῐωι.

104 4588 122 4622 o.
140 4577 193 4638 tter.
217 4586 240 4626 et
263 4581 362 4639 berner.
386 4577 452 4644 υμῖν
475 4587 548 4630 recte.
584 4579 648 4630 Edrtr
734 4595 757 4642 ε.
782 4581 851 4632 Gobt.
870 4593 893 4630 ει
912 4581 1023 4658 intubum
1038 4582 1059 4631 t.
1076 4595 1115 4648 μη
1132 4576 1287 4646 μέμφεσθε.
