3176 5304
202 387 244 450 40
600 399 626 441 ε.
642 399 797 442 numu
811 398 1036 444 εαεειεειεεοει

116 546 368 635 ιντιιέωρακυλς,
397 545 520 633 ἑώρακε
546 545 604 612 τὸν
627 551 756 631 πατέρα
765 549 804 627 ι),·
838 541 925 612 ούτιο
946 545 1009 634 γάρ
1031 542 1118 634 ἡμᾶς
1141 549 1174 614 οἱ
1196 544 1288 634 ἅγιοι
1307 550 1433 636 βουλό-

91 728 97 736 ,
200 673 296 735 μενοι
313 641 414 728 νοεῖν,
438 649 577 714 τοιαῦτα
597 645 654 714 καὶ
668 647 921 734 παραδείγματα
935 646 1109 729 δεδώκασι,
1131 647 1187 716 καὶ
1198 648 1289 717 ἔστιν
1300 648 1432 720 ἄτοπον

202 749 258 843 καὶ
285 751 359 817 λίαν
389 743 520 835 άσεβές,
553 750 709 827 τοιαύτας
738 747 871 837 ἐχούσης
898 751 957 835 τῆς
983 753 1112 838 γραφῆς
1133 749 1194 830 τὰς
1215 751 1358 832 εἰκόνας.
1394 753 1433 836 έξ

203 850 312 919 ἄλλων
334 846 420 936 ἡμᾶς
441 849 521 938 περὶ
542 853 601 917 τού
624 855 736 935 κυρίου
759 850 974 918 διανοεῖσθαι
993 853 1061 918 τῶν
1082 849 1165 939 μήτε
1186 860 1428 941 γεγραμμένων,

202 952 285 1041 μήτε
305 951 382 1019 τινά
404 951 554 1020 διάνοιαν
578 952 624 1031 είς
647 946 815 1036 εὐσέβειαν
838 950 987 1036 ἐχόντων.

291 1059 339 1121 13.
390 1049 515 1122 Ούκοῦν
538 1052 659 1120 λοιπόν
683 1054 875 1139 λεγέτωσαν,
899 1051 1010 1120 πόθεν
1033 1051 1097 1140 άρα
1118 1055 1175 1123 καὶ
1189 1045 1284 1123 οὗτοι
1296 1057 1431 1142 μαθόν-

202 1180 271 1234 τες,
300 1147 339 1242 ’ἢ
363 1161 454 1235 τίνος
481 1150 596 1235 αύταίς
617 1153 909 1240 παραδεδωκότος,
939 1158 1078 1221 τοιαῦτα
1099 1155 1258 1242 περὶτοῦ
1281 1161 1432 1244 σωτῆρας

202 1253 359 1324 ’όπονοείν
381 1255 530 1344 ἤρξαντο.
569 1253 762 1343 άνέγνωμεν,
788 1255 961 1344 φήσουσιν,
985 1255 1019 1324 έν
1040 1267 1115 1336 ταῖς
1136 1264 1349 1345 παροιμίαις·
1371 1257 1430 1325 κύ·

14 1409 20 1434 ,
93 1375 96 1382 “
202 1383 275 1449 ριος
303 1358 408 1426 έκτισέ
427 1385 470 1443 με
498 1353 596 1448 ἀρχὴν
620 1354 707 1426 ὁδῶν
732 1351 833 1424 αύτού
856 1357 903 1437 εἷς
925 1357 1003 1444 έργα
1025 1353 1165 1440 αὐτοῦ’).
1209 1359 1348 1446 καὶγὰρ
1371 1359 1429 1427 καὶ

204 1461 237 1528 οἱ
258 1457 337 1548 περὶ
358 1457 519 1547 Εύσέβιον
541 1464 639 1528 τοῦτο
661 1461 766 1544 λέγειν
789 1458 932 1539 ἐδόκουν,
955 1457 1011 1526 καὶ
1033 1458 1073 1526 σὺ
1096 1461 1133 1528 δέ
1152 1460 1288 1550 γράφων
1304 1460 1428 1548 έδήλω-

203 1585 273 1642 σας,
297 1557 351 1628 ότι
373 1561 429 1630 διὰ
450 1564 584 1650 πολλῶν
604 1564 665 1647 μὲν
688 1556 890 1640 ἀποδείξειαν
913 1557 1176 1648 ἀνατρεπόμενοι
1190 1561 1246 1628 καὶ
1260 1552 1354 1628 οὗτοι
1367 1587 1427 1628 κα-

202 1663 446 1751 τεγινώσκοντο,
469 1667 566 1731 τοῦτο
590 1665 626 1731 δέ
648 1659 738 1748 ὅμως
760 1656 855 1728 αὐτοὶ
877 1661 915 1727 τὸ
938 1661 1036 1748 ῥητὸν
1059 1660 1128 1729 άνω
1150 1662 1206 1728 καὶ
1226 1663 1314 1730 κάτω
1330 1688 1427 1750 περι-

204 1771 368 1854 φέροντες,
393 1767 426 1832 §v
448 1767 514 1832 τῶν
536 1764 723 1850 κτισμάτων
745 1763 802 1829 τὸν
825 1763 897 1830 υἱὸν
922 1758 1007 1831 εἶναι
1030 1764 1148 1850 έλεγον,
1171 1763 1227 1832 καὶ
1248 1775 1320 1844 τοῖς
1334 1791 1427 1853 γενη-

202 1877 275 1947 τοῖς
296 1862 395 1934 αύτόν
419 1869 653 1954 συνηρίθμουν.
698 1860 783 1932 ἀλλὰ
810 1865 866 1932 καὶ
888 1869 987 1932 τούτο
1002 1865 1147 1936 ,δοκοῦσι’
1166 1890 1227 1950 μοι
1247 1866 1292 1952 μὴ
1307 1891 1428 1954 ,moq-

91 1993 97 2011 ν
202 1975 294 2037 κέναι
315 1970 438 2047 καλῶς·
463 1963 527 2058 έχξι
547 1968 609 2055 γάρ
630 1967 688 2058 τὴν
711 1967 861 2035 διάνοιαν
885 1962 1001 2056 εύσεβῆ
1023 1966 1079 2034 καὶ
1101 1969 1176 2035 λίαν
1199 1963 1314 2057 ὀρθήν,
1337 1967 1377 2057 ἣν
1400 1968 1431 2036 ελ

202 2069 258 2137 καλ
280 2065 375 2136 αύτοὶ
397 2069 614 2156 νενοήκεισαν,
639 2064 697 2136 οόκ
720 2063 759 2136 δν
773 2068 831 2136 τὸν
847 2068 961 2155 κύριον
976 2073 1035 2156 τῆς
1050 2069 1147 2156 δόξης
1163 2069 1426 2166 έβλαςφήμησαν.

203 2171 245 2237 τό
274 2169 335 2257 γάρ
363 2178 586 2260 προειρημένα
614 2170 719 2258 1πρός
747 2169 785 2237 τό
807 2170 905 2257 ῥητόν
927 2173 1025 2236 τοῦτο
1049 2171 1342 2255 συμβαλλέτωσαν,
1372 2171 1429 2236 καὶ

204 2269 348 2356 ὄψονται
369 2273 495 2362 πολλὴν
518 2273 551 2340 έν
573 2267 688 2351 αὐτοῖς
709 2263 810 2339 οὖσαν
832 2271 890 2358 τὴν
913 2271 1087 2360 διαφοράν.
1132 2278 1184 2350 τίς
1204 2271 1265 2357 γὰρ
1289 2266 1327 2338 οὗ
1350 2294 1428 2339 συν-

204 2375 265 2460 σρᾷ
298 2372 448 2440 διάνοιαν
478 2373 558 2457 έχων
588 2369 708 2460 ὀρθήν,
740 2369 797 2443 ’ὅτι
828 2372 950 2458 τὰμὲν
971 2371 1144 2456 κτιζόμενα
1164 2371 1221 2438 καὶ
1240 2372 1428 2457 ποιούμενα

203 2475 328 2566 Qv
350 2477 408 2542 τού
431 2478 674 2561 ποιοῦντος,ο
656 2471 788 2543 ὁδί
756 2474 841 2557 υιός,
872 2470 972 2558 ὡςέν
956 2484 1066 2552 ντοῒς
1088 2474 1282 2559 ἔμπροσθεν
1305 2473 1426 2552 ἔδειξεν

204 2571 348 2662 όλόγος,
373 2569 578 2664 υύκφζξωθεν
601 2571 709 2643 ἀλλ’3
679 2603 795 2674 w&
750 2581 808 2642 τοῦ
798 2579 983 2669 γεννῶντα
1039 2573 1167 2661 πατρὸς
1181 2570 1338 2698 ὑπάρχεις
1371 2599 1429 2640 και

202 2677 264 2765 γὰρ
291 2675 474 2764 ἄνθρωπός
500 2679 602 2760 κτίζει
628 2678 743 2764 μὲν
711 2685 832 2758 οικίαν,
861 2679 957 2765 γεννᾷ
942 2584 1223 2756 δέχολόνῗΐ
1155 2702 1211 2742 και
1232 2671 1291 2743 οὐκ
1313 2673 1352 2742 άν
1374 2700 1426 2754 τις
1490 2695 1493 2704 ’

203 2775 418 2868 άναστρέφων
441 2781 534 2849 εἴποι
554 2781 613 2869 τὴν
627 2783 687 2866 μὲν
703 2781 809 2848 οἰκίαν
825 2783 877 2847 καὶ
893 2779 953 2867 τὴν
968 2782 1047 2846 ναῦν
1062 2781 1245 2864 γεννᾶσθαι
1260 2777 1353 2864 παρὰ
1367 2781 1426 2844 τοόΙ

202 2881 505 2965 κατασκευάζοντος,
529 2882 586 2951 τὸν
608 2885 644 2951 δὲ
668 2883 738 2951 υἱὸν
761 2881 954 2963 έκτίζεσθαι
976 2879 1031 2946 καὶ
1052 2886 1234 2947 ποιεῖσθαι
1255 2879 1347 2966 παρὰ
1368 2882 1427 2946 τοῦ

203 2979 313 3066 αὐτοῦ,
338 2981 414 3054 οὐδὲ
437 2986 538 3054 πάλιν
560 2985 618 3074 τὴν
638 2988 698 3070 μέν
722 2985 827 3052 οἰκίαν
844 2982 953 3051 εἰκόνα
967 2985 1026 3048 τοῦ
1041 2981 1215 3063 κτίζοντος,
1238 2980 1296 3048 τόν
1308 2982 1344 3049 δὲ
1356 2980 1426 3048 υἱὸν

203 3080 361 3171 ύνόμοιον
389 3091 447 3156 τού
475 3093 668 3177 γεννῶντος·
694 3083 783 3162 ,ἀλλὰ
808 3087 935 3172 μᾶλλον
957 3083 1032 3150 ’τόν
1059 3085 1120 3167 μὲν
1142 3081 1213 3148 υίόν
1237 3081 1347 3148 εἰκόνα
1366 3084 1425 3148 τού

202 3186 330 3270 πατρὸς
353 3185 557 3278 ὁμολογήσει,
580 3191 638 3281 τὴν
662 3193 697 3259 δὲ
719 3191 883 3259 οἰκίαντέ
846 3195 959 3275 τέχνης
974 3180 1060 3255 εἶναι
1074 3183 1266 3271 δημιουργη
1267 3207 1310 3261 ια,
1335 3182 1422 3248 τέ’
1378 3207 1424 3267 μη

201 3309 254 3362 τις
282 3281 346 3386 ἆρα
374 3287 433 3373 τὴν
455 3291 605 3359 διάνοιαν
627 3299 741 3380 νοσοίη
763 3290 899 3368 καὶτὰς
923 3293 1045 3377 φρένας
1066 3281 1314 3406 παρεξεστηκὼς
1334 3283 1425 3367 ῖτυγ-

199 3381 305 3468 χάνοι.
342 3367 455 3468 Ιοἰμέλει
477 3387 611 3454 πάντων
632 3392 758 3473 μᾶλλον
780 3387 896 3475 meta
917 3387 1036 3476 γραφή,
1060 3385 1264 3473 γινώσκουσα
1277 3382 1335 3471 τὴν
1351 3381 1426 3449 έκά-

203 3507 284 3552 στου
313 3483 428 3571 φύσιν,
464 3487 543 3572 περὶ
569 3491 629 3571 μέν
658 3493 724 3557 τῶν
746 3490 942 3574 κτιζομένων
965 3488 1022 3556 διά
1044 3495 1219 3567 Μωυσέως
1241 3491 1357 3572 φησίν·
1391 3483 1425 3551 ἐν

203 3579 284 3673 άρχῇ
307 3582 502 3674 ἐποίησεν(
486 3611 503 3652 ο
524 3587 607 3667 θεὸς
628 3589 685 3656 τόν
708 3585 846 3676 οὐρανὸν
868 3617 924 3658 και
944 3591 1002 3676 τὴν
1017 3593 1122 3676 γῆνλγ·
1146 3614 1223 3676 περι
1215 3586 1425 3654 δὲτοῦυλοῦ

203 3681 260 3769 ούχ
283 3687 402 3771 έτερον,
426 3680 495 3754 ἄλλ’
520 3682 619 3755 αὐτόν
641 3688 699 3756 τὸν
721 3697 851 3777 πατέρα
874 3697 1026 3778 σημαίνει
1047 3691 1199 3774 λέγοντα·
1230 3689 1264 3757 ἐκ
1285 3688 1426 3774 γαστρός

202 3786 269 3873 πρὸ
292 3785 460 3875 ἕωςφόρου
483 3787 636 3879 έγέννησά
658 3814 696 3859 σε
704 3795 742 3872 ⁴)·
764 3790 819 3857 καὶ
841 3791 959 3872 πάλιν·
982 3789 1053 3868 υἱός
1073 3814 1139 3873 μου
1162 3787 1192 3859 ελ
1214 3791 1263 3871 σύ,
1289 3790 1350 3877 έγὼ
1367 3789 1426 3876 σή-

200 3911 300 3974 μερον
321 3891 492 3980 γεγέννηκά
514 3897 598 3974 οε”)·
621 3886 777 3972 αότόςτε
798 3891 878 3979 περὶ
900 3893 1017 3960 ἑαυτοῦ
1042 3886 1059 3955 ό
1081 3890 1193 3976 κύριος
1216 3892 1250 3958 έν
1265 3898 1426 3977 παροιμί-

201 4013 255 4067 αις
283 3991 386 4076 λέγει·
414 3993 483 4080 πρὸ
505 3995 541 4061 δέ
563 3993 698 4062 πάντων
719 3996 847 4082 βουνῶν
869 3997 965 4080 γεννᾷ
986 3997 1072 4077 με“)·
1099 3992 1156 4058 καὶ
1177 3991 1257 4077 περὶ
1276 3995 1338 4075 μέν
1359 3997 1425 4062 τῶν

200 4093 360 4178 γεννητῶν
380 4091 437 4159 καὶ
456 4097 597 4161 κτιστύν
620 4090 638 4160 ό
657 4091 804 4182 Ἰωάννης
827 4103 926 4183 φησί·
948 4095 1060 4161 πάντα
1075 4087 1120 4157 δι’
1139 4087 1239 4156 αύτοῦ
1255 4089 1381 4174 ἐγένετο
1390 4097 1424 4175 ’γ’

246 4346 293 4408 1)
311 4345 377 4394 loun.
397 4346 437 4402 14,
456 4345 480 4396 9.
550 4346 576 4404 2)
595 4345 705 4406 Pron&
724 4345 764 4394 22.
818 4345 949 4402 menes.
970 4345 992 4392 1.
1046 4337 1419 4409 4)Psal.110[109.Lxx.],

200 4411 225 4464 δ.
294 4412 319 4474 5)
338 4412 400 4463 ΡευΙ.
420 4411 444 4476 2,
462 4412 486 4461 7.
557 4413 582 4472 θ)
601 4414 669 4464 Ριον.
687 4385 712 4474 8'‚
731 4413 772 4462 25.
843 4413 868 4472 ’ίγ
888 4413 952 4462 ioan.
974 4409 996 4470 1,
1017 4409 1039 4460 3.

232 4564 253 4598 τ.
273 4549 314 4598 Sic
331 4547 388 4626 neg.
408 4547 491 4598 codex.
526 4547 569 4596 ΑΙίί
594 4555 618 4596 ει
635 4545 691 4596 editi
711 4546 783 4596 omit·
836 4545 888 4596 Μαι
906 4543 967 4594 idem
980 4535 1061 4607 Κεφ*
1048 4539 1184 4598 υπονοεῖν,
1205 4545 1244 4594 uhi
1264 4544 1304 4594 11ίί
1323 4553 1346 4594 ει
1365 4545 1421 4597 edin

197 4623 249 4666 ιααι
277 4607 292 4675 ἢ
320 4609 395 4668 τίνος
421 4605 514 4668 αὐτοῖς
542 4606 779 4680 παραδεδωκότος.
834 4609 916 4662 νοεῖν.
