3176 5304
415 393 560 437 19181·οΗ
574 393 612 436 DE
627 391 772 436 [imnis
788 391 931 436 lllfflffl
946 391 1065 435 milbi-
1316 373 1356 434 il

128 567 191 628 gere
212 545 342 620 uellent,
369 543 460 606 uobis
488 541 657 604 huiusmodi
686 541 817 622 exempla
838 542 997 604 tradidere.
1042 541 1085 636 ln
1106 558 1167 602 uon
1188 539 1281 620 igitur
1300 537 1444 600 alo-ens.

128 648 250 710 sedum
274 645 403 726 proinde
426 644 565 723 valdeque
586 640 708 723 impium
736 644 840 714 luerit,
868 663 936 706 cum
958 643 1013 704 luas
1036 641 1180 720 imagines
1202 649 1231 701 et
1252 658 1356 702 enem-

126 749 168 827 μὴ
189 747 351 826 Scriptura
366 743 544 818 'conducat,
572 763 632 818 nos
651 764 687 806 ex
709 743 792 818 aliis,
821 763 896 823 quae
919 761 1017 821 neque
1039 741 1150 820 scripta
1172 751 1241 801 sunt
1262 761 1356 820 neque

126 849 328 929 adplenum
351 846 410 908 ullo
432 846 521 908 modo
543 854 687 926 spectant,
710 845 828 906 Domini
851 843 988 904 notitiam
1011 839 1187 922 inquirere?

215 1051 267 1112 ts.
312 1047 372 1108 lam
405 1047 502 1128 itaque
535 1046 753 1127 respondeant,
784 1046 930 1108 undenam
964 1046 1062 1108 edocti
1091 1045 1136 1106 sel
1159 1063 1219 1124 quo
1243 1043 1358 1104 tandem

16 1149 23 1178 ¹
124 1153 180 1215 illis
207 1149 345 1210 tradente
367 1148 423 1210 ista
445 1149 482 1210 de
499 1147 653 1210 Salvatore
676 1147 821 1228 suspirari
844 1147 1006 1227 coeperint
1038 1147 1191 1228 Legimus,
1214 1144 1359 1224 inquient,

125 1253 154 1314 in
175 1249 370 1314 Proverbiis:
403 1250 551 1312 Dominus
575 1253 689 1311 necuit
710 1267 755 1311 me
776 1253 896 1310 initiunt
917 1253 1038 1312 oiurusn
1059 1268 1188 1311 mrum
1210 1253 1243 1310 in
1265 1265 1361 1328 opere
1416 1291 1427 1300 -

123 1373 194 1416 ssu.
241 1351 361 1414 Scilicet
381 1350 411 1412 id
434 1351 522 1412 etiam
545 1349 720 1410 ridebantur
740 1349 889 1410 obiectare
912 1349 1082 1424 Eusebiani,
1104 1357 1195 1430 tuque
1216 1351 1282 1430 ipse
1299 1350 1358 1412 tuis

125 1453 237 1516 litteris
260 1451 334 1514 milti
356 1450 547 1531 significasti,
570 1451 643 1512 istos
665 1469 783 1529 quoque
805 1450 905 1511 multis
927 1451 997 1512 licet
1018 1453 1198 1530 argumentis
1219 1461 1356 1533 prostra-

125 1566 174 1616 tos
200 1561 232 1616 et
252 1553 405 1614 convictos
427 1553 464 1614 ad
485 1553 535 1614 illa
550 1551 719 1630 scripturae
741 1552 828 1612 rerba
850 1552 1029 1632 profugisse,
1051 1571 1143 1631 eaque
1165 1571 1286 1614 sursum
1301 1553 1356 1616 de·

126 1673 272 1718 unumve
293 1655 536 1717 circumferentes
557 1670 739 1724 asseverare,
760 1652 865 1716 Filium
887 1673 974 1716 unam
997 1673 1014 1716 e
1035 1653 1128 1714 rebus
1149 1655 1255 1716 creatis
1276 1673 1356 1726 esse,

128 1775 259 1836 eumque
286 1755 365 1816 inter
392 1774 440 1816 res
470 1754 562 1816 iactas
590 1771 796 1815 annumerare.
840 1754 946 1816 Verum
968 1755 1047 1816 hunc
1068 1754 1240 1832 Scripturas
1261 1755 1357 1818 locum

127 1879 191 1921 nou
219 1866 299 1919 recte
327 1855 399 1918 mihi
430 1854 567 1916 videntur
588 1853 788 1930 intellexisse3
815 1854 963 1934 siquidem
985 1856 1066 1934 pium
1088 1864 1117 1917 et
1139 1855 1223 1916 valde
1245 1863 1358 1918 rectum

127 1960 263 2022 continet
283 1975 418 2028 sensum,
439 1975 528 2034 quem
550 1957 576 2017 si
597 1955 656 2036 ipsi
671 1956 896 2028 intellexissent,
919 1956 1076 2018 llominum
1092 1956 1202 2035 glorim
1218 1955 1358 2037 blesphe-

128 2061 199 2122 miis
222 2077 284 2120 nou
305 2057 513 2120 ollendissent.
555 2057 629 2118 Nam
651 2075 727 2136 quse
748 2057 839 2136 supra
863 2066 935 2118 sunt
955 2057 1048 2131 dicta,
1071 2076 1137 2119 cum
1159 2059 1214 2120 hac
1234 2070 1357 2120 senten·

129 2163 170 2223 tis
198 2161 366 2234 conserant,
395 2169 637 2240 cognoscentque
665 2159 789 2222 multum
818 2159 850 2220 in
879 2158 936 2220 illis
958 2141 1026 2220 esse
1046 2159 1239 2222 discriminis.
1282 2162 1356 2234 Quis

130 2262 209 2324 enim
232 2279 321 2324 sanae
342 2261 450 2324 mentis
472 2279 532 2322 non
555 2261 700 2342 intelligit,
723 2281 774 2322 res
797 2267 913 2322 creatas
934 2268 965 2321 et
985 2263 1075 2322 lactes
1090 2269 1172 2324 entra
1187 2263 1356 2324 effectorem

130 2381 216 2436 esse,
245 2362 334 2425 lilium
356 2373 470 2436 autem,
498 2373 642 2444 utsupra
664 2363 869 2436 ostendimus,
898 2380 958 2422 non
982 2371 1063 2424 extre
1085 2363 1139 2423 sed
1162 2383 1197 2424 ex
1219 2363 1356 2442 gignente

131 2473 215 2543 patre
249 2463 413 2526 exsistere?
463 2465 576 2542 Nempe
610 2465 700 2526 homo
730 2464 852 2526 domum
883 2465 1004 2544 quidem
1032 2465 1149 2536 condit,
1182 2465 1236 2526 sed
1264 2465 1358 2526 lilium

132 2565 245 2643 giguit,
266 2565 305 2624 ita
327 2573 360 2624 ut
380 2583 470 2624 nemo
493 2564 614 2624 inverso
637 2565 739 2626 ordine
761 2568 840 2628 ausit
862 2567 977 2640 dicere,
1000 2567 1122 2628 domum
1144 2575 1175 2626 et
1195 2583 1300 2626 narem
1323 2564 1361 2624 ab

135 2663 324 2722 aedificatore
346 2662 435 2738 gigni,
458 2659 550 2720 ultum
571 2673 667 2723 autem
688 2664 849 2727 abeodem
872 2667 960 2728 cundi
982 2675 1012 2728 et
1033 2667 1108 2739 lieri,
1131 2685 1188 2728 nec
1209 2667 1281 2726 item
1303 2663 1362 2722 do-

140 2777 227 2820 mum
247 2759 439 2820 aedificatoris
461 2759 617 2836 imaginem
639 2781 722 2836 esse,
752 2765 844 2824 tilium
866 2785 935 2826 vero
960 2787 1030 2828 esse
1056 2767 1201 2846 genituris
1227 2761 1364 2824 dissimi-

137 2861 219 2932 lem;
250 2858 302 2922 sed
329 2859 429 2940 potius
457 2859 549 2919 tilium
578 2877 643 2920 esse
677 2863 769 2940 patris
801 2864 956 2942 imaginem
984 2876 1016 2927 et
1047 2868 1170 2939 smmum
1192 2865 1266 2924 artis
1288 2881 1365 2941 opus

133 2961 293 3034 fatebitur,
318 2959 375 3022 uisi
397 2961 476 3020 torte
498 2960 565 3038 quis
588 2969 686 3021 mente
708 2961 747 3022 sit
768 2973 870 3041 captus
892 2984 925 3025 ac
945 2967 1063 3027 deliret.
1107 2966 1246 3026 Proiecto
1268 2963 1366 3025 divina

133 3063 297 3143 Scriptura,
320 3080 397 3142 quae
420 3079 522 3124 rerum
545 3062 677 3124 omnium
701 3071 835 3124 naturam
857 3064 943 3142 louge
964 3065 1072 3126 melius
1094 3063 1230 3126 omuibus
1252 3083 1363 3144 cogno-

133 3166 207 3236 scit,
237 3164 273 3226 de
301 3165 393 3226 rebus
416 3163 525 3225 creatis
548 3182 603 3242 per
623 3163 755 3244 Moysem
779 3165 854 3226 haec
874 3165 928 3226 ait:
958 3165 996 3228 ln
1014 3168 1165 3247 princepis
1184 3167 1258 3246 [ecit
1278 3166 1361 3230 oeus

135 3267 250 3330 coelum
279 3279 307 3330 et
335 3277 463 3327 terrum.
507 3263 551 3326 De
575 3265 648 3326 Filio
680 3277 780 3328 autem
808 3285 871 3328 non
897 3267 986 3330 alium
1016 3287 1101 3347 mam
1127 3267 1221 3350 ipsum
1243 3269 1357 3330 Patrem

135 3369 263 3430 declarat
294 3368 407 3430 dicere:
441 3367 490 3430 lis
515 3375 606 3429 utero
629 3381 700 3432 ante
724 3369 887 3449 lucr'seruos
907 3373 1001 3450 genui
1020 3383 1056 3434 te.
1100 3369 1136 3431 Et
1157 3389 1277 3432 rursus:
1306 3369 1359 3433 rt-

137 3469 195 3532 lr'ns
226 3489 309 3532 meus
337 3488 368 3530 es
398 3481 450 3546 ηις
478 3469 540 3548 llqo
570 3461 655 3534 tadu
676 3476 825 3551 pendite.
869 3470 938 3551 lpse
960 3491 1078 3551 quoque
1098 3471 1243 3533 [lominus
1265 3471 1302 3533 de
1324 3490 1359 3534 se

136 3573 201 3651 ipso
223 3573 254 3632 in
275 3569 446 3632 Proverbiis
468 3571 523 3632 ait:
554 3575 631 3634 Ante
658 3592 758 3636 omnes
782 3573 873 3636 colln
893 3585 1095 3654 generatae.
1139 3574 1267 3634 loannes
1289 3571 1358 3634 item

136 3672 173 3733 de
191 3671 277 3734 iactis
300 3679 330 3732 et
351 3671 458 3734 uestis
480 3673 571 3736 rebus
593 3674 637 3736 sic
656 3675 802 3755 loquitur:
834 3675 940 3738 Omnis
960 3680 1141 3756 peripsum
1161 3676 1248 3753 sueto
1269 3682 1358 3746 παις

136 3773 172 3834 de
193 3773 321 3835 [luminu
354 3780 452 3834 autem
483 3773 570 3836 dicit:
606 3775 782 3857 [inigenitus
805 3777 917 3848 Filius,
952 3781 1005 3857 qui
1032 3784 1077 3837 est
1097 3780 1131 3836 in
1152 3779 1223 3836 sinn
1245 3775 1358 3848 Putris,

136 3877 200 3954 ipse
220 3877 391 3936 enarravit·
435 3873 537 3952 ltaque
559 3875 586 3934 si
607 3876 684 3936 tilius
706 3885 763 3948 est,
785 3897 847 3938 nou
870 3889 917 3937 est
938 3895 988 3936 res
1010 3883 1118 3946 creata,
1140 3873 1167 3938 si
1188 3885 1289 3936 contra
1311 3893 1361 3938 res

138 3985 235 4038 creata
262 3981 326 4049 est,
356 3991 417 4034 non
441 3982 488 4034 est
510 3981 590 4036 certe
612 3973 706 4048 lilius3
737 3975 883 4054 siquidem
906 3975 1063 4052 plurimum
1085 3995 1133 4039 res
1156 3976 1204 4039 ills
1227 3978 1304 4038 inter
1326 3995 1360 4038 se

169 4264 193 4312 b.
214 4263 253 4312 Sic
272 4265 327 4325 lteg.
363 4266 407 4316 tui
433 4279 487 4314 cero
514 4271 537 4312 et
560 4263 618 4314 editi
636 4255 674 4316 εἰς
694 4255 724 4308 τὸ
777 4253 1359 4320 οἶκῖανεῖκόναιοῦκτίζοντος,τὸνδὲυὶόν

1 4344 16 4366 ·-
137 4323 222 4394 ῥητὸν
240 4329 322 4379 τοῦτο
341 4328 562 4398 avppaurucar.
776 4331 865 4380 omissa
884 4333 981 4382 suntin
1000 4333 1056 4394 lleg.

2 4424 5 4431 ·
136 4415 195 4514 ἔσει
209 4401 252 4451 Sic
270 4401 326 4462 lleg.
366 4406 395 4450 tt
418 4403 459 4452 alii
485 4409 509 4451 et
536 4401 593 4450 editi
619 4390 725 4464 nuruis

172 4501 203 4582 d..
215 4535 280 4585 llaec
298 4537 367 4586 rerba
376 4529 572 4594 nidrosiensi
580 4533 722 4584 ποιεῖσθαι

137 4595 283 4666 usqissai
302 4593 404 4660 uiro&
422 4595 487 4653 ccidi
503 4595 585 4652 netto
601 4597 652 4662 cris
669 4595 721 4667 μέν
810 4603 828 4652 l.
846 4601 903 4661 lieg.
922 4593 1060 4666 τυγχάνει.

809 4447 830 4510 e.
849 4433 889 4481 Sic
907 4431 963 4493 lleg.
1000 4432 1080 4482 Ceteri
1099 4440 1178 4482 autern
1197 4439 1220 4483 et
1238 4432 1295 4484 editi
1313 4427 1364 4484 τόν

775 4507 895 4550 omittunt.
