3176 5304
678 289 867 362 emeramus,
1340 299 1379 362 te

120 461 315 522 summatim
330 461 510 534 refutarunt,
532 469 566 522 ut
580 459 763 542 Epiphanius
778 469 809 524 et
823 460 1049 538 Theodoretus3
1071 469 1121 524 aut
1140 470 1245 524 oontm
1268 463 1377 544 singu-

120 560 163 622 las
184 561 515 640 quasdamlsaersses
530 561 764 642 disputaverunt,
788 582 863 642 quae
884 581 974 626 ausas
996 582 1059 626 non
1074 563 1181 625 dabant
1201 564 1237 626 ad
1260 573 1376 645 myste-

116 662 159 720 ria
176 661 262 723 fidei
292 661 440 725 subtilius
455 662 633 742 explicanda,
655 664 907 744 quemadmodum
919 663 1040 726 saeculo
1063 671 1165 741 quarto
1180 664 1377 728 Alarodrum

114 760 366 842 lycopolitam,
389 763 543 843 llidpmnm
565 764 803 838 Alexandrinum,
826 765 927 828 Titum
948 765 1162 838 bostrensem,
1184 763 1376 845 Serapionem

114 861 302 925 Thmueos
328 865 501 945 episcopum
523 866 554 927 in
575 865 765 929 Manichacus
786 865 929 928 calamum
951 865 1111 927 strinxisse
1133 864 1278 926 videmus.

209 964 338 1044 Neque
353 975 461 1040 minen,
478 974 511 1027 ut
524 965 721 1046 significatum
737 967 908 1039 antemnis
923 968 1033 1047 scripto
1055 967 1214 1028 doctorum
1237 965 1377 1041 ecclesiae

109 1065 318 1142 domiso
340 1079 369 1128 et
386 1067 535 1148 polemico
557 1068 587 1128 in
609 1067 818 1130 bibliothecam
846 1067 1016 1148 recipienda
1044 1066 1124 1130 duxi.
1169 1066 1378 1128 Commemoro

35 1238 36 1244 ἵ
110 1183 152 1225 ex
178 1165 242 1228 bis
272 1169 506 1246 praetermissas
529 1188 545 1230 a
567 1187 616 1230 me
639 1167 737 1248 Cyrilli
764 1169 1024 1248 Hierosolymitaui
1046 1168 1224 1230 Catecbeses
1253 1169 1379 1230 octode—
1444 1245 1452 1260 ἱ

108 1267 175 1327 cim
205 1268 256 1330 ad
298 1277 501 1348 competentes
535 1269 599 1330 sire
630 1269 878 1343 catechumenos,
911 1271 942 1330 in
975 1269 1082 1348 quibus
1105 1269 1131 1330 is
1152 1268 1284 1348 quidem,
1318 1287 1378 1349 quo

112 1377 286 1447 tempore
308 1369 472 1449 presbyteri
488 1387 611 1432 munere
633 1370 819 1448 fungebatur,
842 1389 948 1432 omues
963 1369 1104 1432 articulos
1126 1369 1250 1449 symboli
1266 1371 1377 1432 lliero-

111 1470 318 1550 solymitani
340 1471 513 1550 copiosiore
536 1489 685 1543 sermone.
711 1479 743 1532 ut
764 1471 890 1545 videtur,
913 1470 1101 1552 extemporali
1125 1472 1263 1550 exposuit
1283 1491 1377 1552 eaque

114 1573 264 1634 ratione
289 1571 445 1650 praecipua
467 1572 619 1634 doctrinae
641 1572 820 1636 christianae
842 1571 935 1654 capita
956 1581 1131 1652 persecutus
1147 1581 1204 1633 est.
1249 1573 1377 1634 Verum-

116 1681 244 1734 tamen
281 1690 342 1742 non
375 1681 435 1736 tam
458 1682 558 1736 exacto
573 1685 610 1757 ¹et
642 1692 766 1755 presso,
798 1693 886 1754 quam
908 1673 938 1734 in
966 1673 1091 1736 eruditis
1124 1673 1377 1751 disputationibus

117 1775 197 1834 tisri
244 1773 340 1847 solet,
373 1774 411 1836 de
433 1775 621 1854 dogmatibus
655 1774 829 1854 theologicis
861 1775 1023 1848 disseruit,
1051 1773 1105 1836 sed
1129 1782 1163 1834 ut
1183 1791 1234 1834 res
1257 1774 1377 1849 larebat,

119 1893 236 1952 qrrtrm
261 1874 447 1954 explanatius
474 1883 536 1938 tom
565 1877 655 1938 etiam
680 1876 778 1938 fusius
801 1885 831 1936 et
851 1876 888 1936 ad
911 1893 1068 1937 commuue
1088 1875 1229 1936 iodicium
1250 1873 1379 1955 popula-

120 1993 272 2056 remque
294 1975 517 2055 intelligentiam
547 1976 816 2049 accommodatius,
848 1984 936 2055 atque
963 1975 1057 2036 multo
1079 1977 1165 2037 edam
1186 1975 1287 2038 minus
1308 1975 1379 2038 uni·

126 2095 266 2140 vomam
304 2077 457 2140 doctrinae
491 2078 671 2141 christianae
701 2075 829 2140 formam
869 2087 948 2140 certa
987 2076 1103 2138 rationo
1134 2083 1163 2137 et
1197 2085 1260 2138 arte
1291 2096 1377 2138 com-

126 2176 255 2254 plexus
284 2188 340 2242 est
396 2179 596 2252 Quamobrem
624 2189 850 2242 monumentum
879 2179 938 2240 hoc
963 2178 1074 2240 veteris
1105 2176 1246 2238 ecclesiae
1267 2176 1297 2238 in
1319 2197 1377 2240 suo

128 2296 260 2356 genere
280 2280 398 2344 unicum
420 2301 589 2362 quanquam
603 2281 679 2344 lectu
694 2281 906 2360 dignissimum
929 2289 985 2354 est,
1008 2288 1041 2340 ut
1055 2297 1130 2358 quae
1152 2277 1266 2359 publica
1288 2279 1378 2342 fuerit

129 2398 182 2440 eo
210 2389 343 2462 tompore
364 2382 437 2443 tides
461 2393 490 2444 et
511 2383 607 2462 qualis
628 2383 776 2446 instinctio
791 2382 981 2451 cateobetioa‚
1003 2381 1074 2444 inde
1088 2381 1248 2454 discamus,
1271 2399 1376 2462 parum

133 2492 248 2543 tamen
271 2483 454 2543 auctoritatis
478 2493 509 2543 et
528 2503 603 2546 usna
625 2483 728 2559 babet,
757 2484 808 2545 ubi
831 2484 868 2546 de
890 2481 1047 2546 subtiliore
1070 2482 1238 2561 dogmatum
1262 2483 1377 2544 enoda-

134 2579 234 2642 tione
256 2569 288 2640 et
313 2581 483 2644 defiuitione
510 2584 556 2644 rel
578 2584 613 2644 de
640 2585 783 2646 artificiali
814 2603 919 2646 eorum
948 2583 1122 2644 uenatione
1149 2591 1180 2644 et
1199 2582 1379 2662 probatione

144 2679 319 2754 quaeritur.
360 2680 422 2740 Nec
443 2679 570 2742 dubitari
591 2692 699 2760 potest,
721 2684 791 2762 quin
813 2695 931 2764 praeter
952 2684 1083 2746 numeris
1104 2683 1320 2762 proclivitatem
1342 2681 1381 2742 ad

148 2777 335 2840 senteutiam
358 2779 632 2842 Semi-brianonum
653 2783 699 2841 rel
732 2793 812 2844 certe
844 2783 987 2862 qtrasdam
1018 2783 1087 2844 eius
1120 2782 1311 2860 suspiciones
1333 2779 1381 2842 itta

145 2879 253 2958 ipsius
277 2877 378 2958 operis
401 2877 596 2940 conformatio
617 2879 812 2956 prohibuerit,
834 2899 893 2959 quo
916 2883 1013 2942 minua
1035 2881 1066 2942 id
1080 2889 1219 2958 unquam
1241 2878 1408 2942 scientiae'

143 2981 287 3060 artisque
320 2978 508 3058 theologicae
541 2980 691 3058 specimen
731 2981 841 3059 pariter
878 2980 1079 3042 celebraretur
1111 2989 1200 3058 atque
1226 2981 1381 3060 praecipua

142 3081 317 3154 Athanasii,
339 3080 458 3154 Basilii,
483 3080 617 3159 Gregorii
640 3080 816 3143 Nazianzeni
838 3081 947 3158 scripta
976 3078 1141 3156 dogmatica
1162 3079 1219 3140 iam
1240 3079 1277 3142 ab
1298 3081 1381 3144 eius-

146 3185 217 3246 dem
247 3193 278 3244 et
304 3183 442 3262 proxime
475 3181 629 3261 sequentis
662 3181 768 3244 aetatis
803 3180 952 3260 theologis
987 3178 1130 3242 celebrata
1161 3199 1229 3244 esse
1251 3191 1377 3246 constat.

147 3285 289 3346 Ceterum
316 3283 396 3380 quod
419 3283 567 3346 editiones
588 3283 687 3363 Cyrilli
709 3281 872 3344 blillesiaua
894 3289 925 3342 ot
948 3282 1124 3342 Touttaeana
1146 3299 1225 3346 nuuc
1244 3285 1377 3348 rariores

147 3396 238 3456 sunt.
277 3383 349 3448 sarde
383 3384 545 3465 optandum
574 3392 637 3456 est,
683 3393 717 3446 ut
751 3403 825 3444 nora
867 3384 1065 3445 Carecbeseon
1099 3383 1202 3466 lell.
1236 3385 1327 3446 editio
1359 3403 1376 3446 a

146 3489 213 3549 viro
236 3487 325 3550 docto
348 3486 385 3547 ad
407 3487 466 3548 boc
492 3503 602 3548 munus
630 3487 702 3548 satis
731 3486 876 3546 instructo
900 3494 930 3546 et
950 3485 1059 3545 idoneo
1081 3485 1258 3558 adornetur,
1286 3504 1377 3564 quum

144 3607 225 3667 quae
254 3587 353 3648 studio
383 3586 460 3650 Guil.
488 3586 585 3650 Caroli
614 3585 730 3648 lleisohl
759 3587 872 3648 Moneri
900 3605 915 3648 a
941 3589 1033 3652 1848.
1057 3586 1155 3646 minua
1184 3585 1379 3664 probabiliter

146 3689 287 3750 inchoata
316 3696 376 3760 est,
404 3705 464 3750 nou
493 3687 605 3752 absolui
635 3689 777 3750 rideatur.
822 3667 944 3750 Praeter
965 3685 1069 3766 Cyrill'r
1094 3685 1271 3746 Catecbeses
1293 3686 1378 3764 plura

146 3787 348 3852 celebriorum
363 3788 554 3868 scriptorum,
577 3789 626 3868 qui
648 3789 803 3853 ecclesiam
827 3788 958 3852 Orientis
981 3787 1099 3849 sacculo
1120 3801 1226 3864 quarto
1249 3785 1379 3849 iliustra-

148 3899 231 3962 rent,
254 3889 291 3950 ad
313 3907 370 3950 nos
393 3888 489 3950 delata
510 3899 581 3950 sunt
602 3890 744 3970 opuscula
773 3889 938 3968 dogmatica
966 3905 1058 3965 eaque
1080 3885 1114 3947 ad
1142 3886 1240 3948 locum
1261 3887 1299 3948 de
1320 3887 1378 3948 tri·

150 3991 241 4054 nitate
264 3989 452 4070 pertinentia,
476 4007 551 4068 quae
573 3991 702 4052 tortasse
725 3998 814 4050 erunt
841 3989 889 4068 qui
913 3988 968 4049 hac
995 3989 1026 4049 in
1049 3987 1227 4050 ilibliotbaoa
1256 3985 1379 4049 deside-

144 4103 228 4166 ‚reut
273 4091 363 4153 Cuius
386 4090 505 4170 generis
527 4101 598 4152 suut
617 4089 740 4152 Eusebii
756 4089 964 4152 caesareensis
986 4087 1054 4150 libri
1077 4088 1136 4150 duo
1159 4097 1269 4150 eontra
1290 4086 1379 4150 Mor·

148 4193 261 4256 cellum
283 4202 313 4252 et
333 4199 395 4254 tres
419 4193 454 4255 de
474 4191 678 4256 ecelesiastica
701 4191 860 4273 tlteolopio‚
882 4191 996 4270 Didymi
1018 4187 1205 4250 Alexandrini
1228 4189 1263 4250 de
1285 4193 1380 4252 triai-

148 4304 212 4358 tote
228 4293 296 4356 libri
311 4301 372 4354 tres
389 4311 494 4372 graece
509 4293 545 4356 ab
559 4294 604 4362 lo.
618 4293 739 4374 Aloysio
753 4291 915 4372 llinparelli
929 4291 1082 4354 Bononiae
1097 4309 1123 4352 a.
1141 4291 1232 4353 1769.
1247 4289 1377 4368 primum

149 4395 219 4458 editi
244 4403 274 4456 et
303 4394 437 4458 eiusdem
466 4397 501 4458 de
521 4398 637 4477 spiritu
665 4404 771 4458 annoto
800 4401 942 4457 tractmus
965 4412 1001 4454 er
1022 4389 1269 4472 interpretatione
1290 4389 1380 4453 latins

150 4495 335 4576 Hieronymi,
351 4495 507 4578 Epipbanii
523 4499 707 4572 tucantur,
728 4496 849 4558 loannis
865 4491 1072 4574 Chrysoetomi
1088 4502 1197 4554 contro
1211 4491 1380 4554 Aeomoeos

1138 4605 1177 4658 Β*
1199 4621 1209 4636 ·
