3226 5308
225 351 289 418 584
624 357 651 402 ε.
666 349 1060 400 Δεκεαιοιιιεαειεειεαονι

140 514 284 603 νωκαήν
311 509 448 596 καρδίαν
477 506 523 585 εἷς
553 499 717 590 δσέβειαν.
756 498 918 587 ίδοὺγδιρ
947 495 1007 564 ἐπὶ
1034 498 1140 564 πᾶσιν
1169 493 1373 582 ἐλεγχόμενοι
1393 497 1463 564 καὶ

227 606 562 696 δεικνύμενοιιπόοης
583 610 763 681 Ισυνέσεως
786 600 903 688 ἐρημοι
925 593 984 665 ούκ
1005 597 1224 680 αἰσχύνονται,
1248 591 1318 663 ἀλλ’
1343 593 1464 684 ὥςπερ

224 710 244 802 v}
273 715 428 798 λεγομένη
459 706 554 794 παρὰ
575 715 647 784 τοῖς
665 701 823 790 Ἑλλήνων
845 700 970 786 μύθοις
990 696 1075 786 ὕδρα
1095 698 1134 766 τὸ
1156 704 1278 785 θηρίον
1300 693 1466 784 δναιρου-

224 821 332 902 μένων
358 815 425 878 τῶν
455 812 626 894 προτέρων
656 803 767 892 όφεων
796 801 913 870 δι’δινεν
937 801 1067 886 ἐτέρους
1091 797 1196 886 δ’φεις,
1220 801 1465 888 φιλονεικοῦσα

225 915 313 1002 πρὸς
334 912 392 979 τόν
415 906 615 993 ἀναιροῦντα
628 910 677 994 vy}
698 909 766 972 τῶν
788 906 907 990 ἐτέρων
929 904 1096 1000 προβολῇ,
1125 901 1184 968 τόν
1206 896 1462 988 αὐτὸντρόπον

225 1015 302 1083 1’καὶ
329 1015 363 1081 οἱ
392 1010 560 1097 θεομάχοι
586 1007 642 1075 καί
664 1008 697 1074 ολ
718 1013 914 1093 θεοστυγεῖς
936 1000 1046 1091 όίςπερ
1067 1000 1167 1088 ῦδραι
1187 1000 1246 1088 τήν
1268 1002 1375 1090 ψυχὴν
1396 1009 1464 1070 πί-

225 1139 366 1195 πτοντες
388 1109 439 1200 ἐφ’
464 1107 515 1190 οἷς
537 1107 785 1196 προβάλλονται
804 1105 909 1187 ἰόλλας
931 1105 1182 1194 ἐφευρίσκουσιν
1200 1099 1379 1184 Ἰουδαῑκὰς
1398 1109 1459 1172 καὶ

225 1217 340 1304 μωρὰς
362 1215 494 1293 ἑαυτοῖς
516 1210 709 1299 ἐκζητήσεις,
732 1213 789 1276 καὶ
810 1205 937 1294 οὥςπερ
960 1208 1084 1295 ἐχθραν
1105 1204 1164 1292 τήν
1186 1202 1349 1292 ἇλήθειαν
1366 1207 1461 1291 ἕχον-

226 1344 281 1398 τες
303 1319 478 1386 ἐπινοοῦσι
498 1312 686 1400 καινότερα,
711 1307 806 1390 όπως
825 1310 952 1397 μᾶλλον
971 1307 1213 1396 χριστομόχοος
1235 1307 1372 1388 ἑαυτούς
1394 1307 1456 1376 διὰ

227 1418 364 1486 πάντων
388 1417 593 1496 ἐπιδείξωσι.
1410 1465 1416 1480 .

314 1525 364 1586 59.
409 1517 511 1596 Μετὰ
538 1516 599 1603 γαρ
621 1514 699 1594 τοὺς
719 1512 899 1591 τοσούτους
919 1505 987 1578 κατ’
1012 1505 1121 1578 αύτῦν
1143 1510 1307 1596 ἐλέγχους,
1331 1506 1381 1601 ἐφ’
1407 1508 1463 1592 οἷς

229 1617 306 1686 ὖκαὶ
338 1616 356 1686 ό
384 1617 542 1706 διάβολος
570 1615 670 1696 αὐτὸς
698 1611 716 1682 ό
745 1614 871 1686 τούτων
899 1612 1009 1707 πατήρ
1039 1611 1214 1696 ἐντραπείς
1241 1607 1282 1680 δν
1304 1607 1461 1702 ἀπῆλθεν

231 1713 358 1801 όπίσω,
388 1720 492 1788 πάλιν
521 1715 567 1799 ιός
596 1716 666 1786 ἀπὸ
696 1718 854 1804 στρεβλής
875 1719 933 1802 τῆς
953 1715 1090 1800 καρδίας
1112 1711 1221 1780 αὐτῶν
1244 1714 1462 1795 ἐπινοοῦντες

229 1821 432 1908 γογγύζουσι,
456 1819 511 1888 καὶ
534 1829 606 1898 τοῖς
627 1821 687 1903 μὲν
710 1818 940 1905 ψιθυρίζουσι,
963 1826 1036 1895 τοῖς
1059 1817 1095 1882 δέ
1117 1811 1162 1894 ὡς
1182 1815 1342 1894 κώνωπες
1364 1841 1464 1903 περι-

231 1927 397 2008 βομβοῦαι
418 1924 582 2007 λέγοντες·
606 1920 701 1999 ἔστω,
724 1923 829 1986 ταῦτα
851 1914 957 1997 οότως
978 1916 1170 2004 ἐρμηνεόετε
1191 1920 1247 1984 καί
1263 1922 1373 1986 νικᾶτε
1387 1929 1463 1998 τοῖς

231 2023 404 2108 λογισμοῖς
424 2025 478 2088 καί
500 2031 576 2099 ταῖς
598 2015 820 2100 ἀποδείξεσιν,
844 2013 929 2086 ἀλλὰ
950 2019 1003 2086 δεῖ
1024 2019 1128 2104 λέγειν
1149 2018 1307 2106 βουλήσει
1327 2017 1384 2086 καί
1398 2026 1464 2088 θεν

231 2121 325 2205 λήσει
346 2124 562 2204 ’γεγενῆσθαι
588 2120 646 2188 τὸν
673 2120 746 2188 υλδν
774 2116 842 2186 όπὸ
871 2122 930 2186 τοῦ
959 2118 1097 2206 πατρός.
1134 2119 1247 2188 καὶέν
1269 2120 1374 2207 τούτῳ
1396 2122 1461 2206 γὰρ

230 2218 378 2298 πολλοὺς
406 2213 565 2286 ἀπατῶσι
586 2220 855 2308 προβαλλόμενοι
875 2219 914 2286 τὸ
935 2219 1088 2308 βούλημα
1108 2219 1165 2287 καί
1185 2221 1224 2286 τὸ
1244 2223 1377 2308 θέλημα
1398 2226 1461 2287 τοῦ

231 2323 326 2388 θεοῦ.
363 2321 462 2387 τοῦτο
492 2321 527 2387 δὲ
549 2322 661 2406 εἰμέν
682 2347 734 2401 τις
754 2326 822 2389 τῶν
845 2317 958 2409 ὀρθῶς
980 2322 1206 2389 πιστευόντων
1228 2317 1452 2405 δπλούστερον

234 2421 356 2506 ἐ’λεγεν,
391 2415 487 2488 οῦδὲν
518 2411 558 2507 ἦν
579 2419 795 2490 ὑποπτεῦσαι
816 2422 976 2509 περὶτοῦ
998 2424 1193 2509 λεγομένου,
1223 2421 1356 2508 ναύτης
1377 2423 1453 2509 ’τῆς

235 2517 422 2607 όρθοδόξοο
455 2523 606 2601 διανοίας
637 2519 696 2609 τήν
730 2519 961 2611 ἁπλουστέραν
995 2527 1062 2591 τῶν
1090 2525 1243 2611 ῥημάτων
1270 2520 1457 2610 προφορόιν,

235 2621 351 2710 ἐπειδὴ
375 2623 411 2688 δὲ
433 2619 510 2710 παρ’
536 2624 709 2708 αίρετικιῦν
731 2622 822 2690 ἐστιν
844 2619 865 2708 ἡ
888 2624 999 2711 φωνή,
1032 2620 1172 2690 όποπτα
1194 2625 1230 2691 δέ
1251 2627 1316 2690 τῶν
1338 2623 1463 2710 αἱρετο-

235 2726 301 2790 κιῦν
322 2722 365 2789 τὰ
386 2722 526 2810 ῥήματα,
551 2722 608 2792 καὶ
629 2720 676 2803 ὡς
695 2729 896 2810 γέγραπται“
917 2728 1120 2812 Ικοβερνιῦσι
1134 2726 1171 2792 δέ
1188 2719 1320 2810 δισεβεῖς
1336 2723 1463 2806 δόλους,

235 2821 293 2892 καί
314 2825 347 2892 οἱ
368 2824 462 2910 λόγοι
483 2820 592 2892 αὐτῶν
615 2825 681 2893 είσι
703 2824 851 2904 domu),
875 2819 935 2912 κᾷν
956 2824 1058 2909 μόνον
1081 2824 1232 2906 νεόοωοι,
1257 2827 1465 2914 διεφθαρμέ-

149 2947 293 3014 εουενην
321 2925 383 3013 γὰρ
414 2925 525 3010 ἐχουσι
552 2925 611 3012 τήν
632 2929 789 3014 καρδίαν·
820 2931 901 3014 φέρε
921 2926 977 2992 καὶ
997 2915 1116 2993 ΙΙ’τοῦτο
1138 2925 1177 2992 τὸ
1199 2927 1375 3012 λεγόμενον
1397 2927 1464 3006 ἐξε-

235 3027 403 3112 τάσωμεν,
432 3027 553 3113 μήπως
581 3027 640 3096 ἐπὶ
667 3033 773 3097 πᾶσιν
797 3027 1003 3114 ἐλεγχθέντες
1025 3027 1146 3094 λοιπὸν
1168 3022 1214 3105 ὦς
1234 3025 1333 3113 όδραι
1354 3026 1464 3094 καινό-

235 3151 331 3214 τερον
355 3127 539 3216 ἐπενόησαν
561 3129 731 3210 λεξείδιον,
755 3131 826 3198 ἰἵνα
848 3128 905 3196 διὰ
926 3132 985 3216 τῆς
997 3128 1152 3215 τοιαύτης
1166 3129 1396 3214 κομψολογίας
1411 3129 1463 3194 καί

236 3230 389 3310 πιθανῆς
416 3226 616 3316 ύφαρπαγής
644 3229 703 3318 τήν
726 3231 852 3297 ἐαοτιῦν
875 3224 1029 3316 δσέβειαν
1050 3229 1155 3296 πάλιν
1177 3227 1286 3306 ἄλλως
1308 3227 1463 3294 ἐπισπεί-

237 3345 331 3407 ρωσι.
368 3327 490 3394 ταυτὸν
510 3329 573 3413 γὰρ
596 3335 750 3415 σημαίνει
772 3327 790 3396 δ
813 3332 932 3415 λέγων·
954 3329 1111 3416 βουλήσει
1131 3335 1261 3416 γέγονεν
1279 3325 1297 3394 ό
1313 3328 1393 3408 υἱός,
1409 3326 1463 3394 καὶ

238 3418 257 3486 ό
280 3424 400 3508 λέγων·
422 3415 462 3510 ἦν
485 3448 571 3492 ποτε
593 3422 649 3494 ὅτε
671 3423 730 3493 οόκ
751 3418 805 3514 ήν,
828 3433 883 3495 καὶ
906 3428 942 3508 ἐξ
962 3423 1021 3494 οῦκ
1043 3427 1148 3496 όντων
1169 3433 1321 3517 Ιιγέγονεν
1344 3424 1362 3494 δ
1384 3427 1461 3514 υίός,

238 3521 294 3589 καὶ
321 3529 443 3607 κτίσμα
470 3523 569 3590 ἐστίν.
608 3519 677 3590 ἀλλ’
702 3526 777 3592 ἐπεί
799 3531 905 3592 ταῦτα
926 3529 1075 3613 λέγοντες
1095 3524 1324 3618 ᾐσχύνθησαν,
1349 3529 1463 3615 ότέρως

238 3618 324 3692 αύτδι
345 3623 449 3691 πόλιν
471 3629 643 3710 σημαίνειν
665 3625 881 3713 ἐπεχείρησαν
903 3627 953 3694 ὀί
969 3627 1088 3711 δόλιοι,
1103 3629 1263 3719 βούλησιν
1277 3627 1464 3717 προβαλλό-

308 3809 332 3872 1)
352 3811 420 3862 Ρεον.
441 3811 481 3874 12,
500 3812 523 3863 ό.
544 3811 567 3863 δ.

273 3943 298 3993 ιζ
321 3944 378 4007 Res.
392 3946 413 3996 l.
437 3955 460 3997 ει
479 3947 620 4009 Seguvrivn.
639 3940 826 4008 συνειδήσεως.
878 3950 931 4000 Mox
950 3952 1006 4013 neg.
1017 3952 1038 4001 ι,
1057 3958 1081 4000 ω
1092 3951 1192 4014 Soguvr,
1210 3942 1285 4004 ὅπως
1301 3943 1405 4016 μᾶλλον
1422 3956 1464 3998 εις,

238 4010 314 4088 liqem
340 4013 413 4075 paulo
440 4023 496 4077 ροεῑ
518 4007 595 4082 παρὰ
617 4015 676 4070 τοῖς
694 4009 828 4075 Ἑλλήνων
879 4025 905 4068 ut
930 4026 954 4066 vt
976 4019 1083 4068 Nunnius
1108 4019 1173 4078 legit.
1210 4019 1270 4067 Εδὶιί
1296 4027 1320 4067 οι
1337 4017 1378 4066 viii
1396 4007 1465 4068 ὅπως

238 4077 356 4158 μεθείς,
383 4089 407 4130 εί
424 4081 481 4144 fleg.
499 4081 522 4130 2.
541 4076 618 4147 παρὰ
635 4083 693 4138 τοῖς
703 4076 828 4144 Ἕλλησιν
877 4079 975 4150 μόνον.
1011 4086 1102 4134 ibidem
1120 4078 1168 4133 διὰ
1184 4079 1299 4134 πάντων
1316 4083 1463 4134 wentano·

238 4139 318 4211 υδρα.
353 4147 398 4198 Alii
422 4155 446 4197 υῑ
468 4150 525 4198 editi
542 4143 618 4215 παρὰ
636 4150 693 4202 τοῖς
704 4141 828 4211 Ἕλλησιν
879 4151 941 4202 blot.
960 4159 983 4200 ει
1001 4153 1105 4202 Ροίείισι.
1126 4151 1148 4200 l.

239 4205 270 4262 ἐν
285 4207 387 4278 μύθοις
406 4223 451 4264 etc.
913 4219 937 4266 d.
956 4219 1012 4278 [δερ.
1033 4218 1053 4264 l.
1073 4225 1097 4265 ει
1113 4217 1253 4278 δεςυεείεο.
1271 4212 1319 4266 καὶ
1336 4209 1463 4280 διάβολος.

273 4279 297 4328 b.
316 4281 373 4342 fleg.
391 4281 413 4332 l.
438 4289 461 4331 εῑ
483 4282 582 4342 Seguvr.
606 4283 719 4333 omittunt
739 4279 785 4332 καί
803 4277 830 4333 ολ
880 4285 956 4334 Iidem
982 4297 1036 4330 mox
1060 4282 1150 4331 εδδιιοι
1172 4276 1255 4332 πάλιν
1280 4278 1318 4337 ὥς
1336 4275 1391 4332 ιἰπό
1409 4297 1465 4348 quae

155 4407 160 4414 ι
239 4340 383 4412 θεομάχοι.
419 4348 493 4397 Iidem
518 4347 591 4410 paulo
610 4357 665 4410 post
683 4344 830 4416 ότίιεοιεό-
876 4354 905 4400 'in
923 4349 977 4398 εΙίὶε
996 4356 1019 4398 οι
1037 4343 1107 4398 edim
1125 4349 1220 4401 δεεαοί.

208 4437 214 4444 -
239 4407 382 4478 ρίσειοοσιν
396 4406 547 4467 Ἰουδαϊκοῖς
563 4423 608 4464 ele,
915 4431 937 4465 ε.
955 4415 1049 4476 λοςΙίε.
1067 4424 1091 4466 ει
1109 4416 1166 4478 neg.
1184 4417 1208 4467 2.
1225 4413 1424 4482 γεγεννῆσθαι,
1441 4423 1466 4466 σί

275 4495 295 4530 τ.
316 4483 420 4546 Uterque
440 4484 496 4544 Res.
521 4490 545 4532 εῑ
563 4481 594 4530 Se
612 4496 662 4531 αετ.
682 4472 769 4546 ὥςπερ
787 4475 829 4550 ἔχ-
881 4491 906 4534 ει
922 4483 1015 4533 videtur
1032 4483 1140 4534 Nunnius
1157 4485 1253 4545 legisse,
1273 4496 1326 4530 num
1346 4485 1415 4529 verm
1431 4499 1466 4545 ρι-

239 4543 323 4615 θραν.
359 4549 439 4602 Ceteri
462 4558 486 4600 ει
503 4550 560 4600 editi
600 4543 700 4617 ττιρδε
716 4541 830 4615 ἔχθραν.
880 4552 955 4602 πόνοι
972 4565 1029 4604 esve.
1065 4551 1111 4602 ΔΙῦ
1129 4559 1153 4601 et
1169 4551 1227 4600 εδίιί
1242 4544 1419 4612 γεγενῆσθαι.

411 4657 414 4664 ι
