3236 5286
586 381 692 427 omno
707 383 729 426 1.
745 381 859 427 eornm
874 381 1009 428 munos.
1101 373 1108 380 '
1341 367 1405 431 233

175 535 297 597 modum
318 535 399 614 ipse,
422 533 472 612 qui
494 549 597 594 omnes
620 533 798 608 sanctificet,
821 534 953 612 seipsum
975 552 1031 614 pro
1053 533 1142 596 nobis
1163 535 1244 596 Petri
1267 533 1491 596 sanctifi-ono.

177 653 243 698 core
265 633 351 708 dicit,
379 652 441 696 non
463 653 535 696 sone
556 642 590 695 ut
610 634 738 696 Verbum
761 643 896 696 sonetum
918 635 984 705 list,
1012 636 1066 696 sed
1094 645 1127 696 ut
1154 637 1219 714 ipse
1246 637 1277 698 in
1299 637 1403 716 seipso

176 755 233 798 uos
256 753 360 798 omnes
383 744 503 798 sanctos
524 734 644 808 redden
672 733 711 796 iu
737 735 850 813 puriter
877 733 926 794 bis
955 733 1056 794 verbis
1085 735 1232 800 emoltooit
1253 755 1320 800 ettoo
1340 755 1404 800 nott

176 835 396 916 intelligendum
419 844 475 909 est,
499 835 709 898 eumexalteri
731 837 812 908 (nam
827 833 992 895 altissimus
1007 842 1075 910 est),
1098 835 1152 895 sed
1174 835 1200 894 is
1223 844 1403 912 culmosos,

176 949 210 1001 ut
230 939 367 1000 videlicet
392 939 440 1000 ille
470 937 591 1016 quidem
618 954 674 1016 pro
693 935 782 996 nobis
805 935 921 996 iustitie
941 935 1042 1008 lieret,
1071 953 1127 996 uos
1156 945 1255 996 autem
1280 937 1311 997 in
1337 940 1405 1016 ipso

179 1041 373 1102 exaltaremur
394 1047 425 1100 et
446 1038 597 1100 coelorum
617 1036 842 1116 ingrederemur
869 1035 989 1110 ianuas,
1021 1055 1094 1117 quus
1124 1036 1191 1116 ipse
1217 1055 1324 1099 rursus
1349 1055 1406 1118 pro

178 1141 265 1204 nobis
287 1139 418 1220 aperuit,
441 1139 607 1201 dicentibus
629 1138 676 1200 bis
698 1137 750 1218 qui
771 1136 1012 1216 praecorrebant:
1041 1136 1148 1201 Tollite
1166 1149 1294 1218 portos,
1313 1143 1429 1219 prio.

181 1249 269 1325 orpes,
292 1254 422 1316 cestros,
447 1254 476 1305 et
497 1241 666 1312 elevamini,
686 1250 798 1320 portoe
818 1234 979 1302 oeternoel
1000 1251 1030 1301 et
1050 1239 1192 1302 introibit
1207 1257 1265 1302 reor
1279 1239 1409 1320 plo'rioc.

180 1343 332 1424 Siquidem
353 1361 415 1404 nou
437 1342 486 1404 bic
507 1341 728 1420 intelligendum
751 1348 807 1412 est,
830 1340 943 1402 clausas
967 1340 994 1401 ei
1015 1340 1108 1402 luisse
1129 1349 1243 1421 portos,
1266 1341 1317 1422 qui
1340 1360 1409 1404 om·

178 1445 260 1508 nium
281 1445 427 1512 Dominus
451 1453 480 1505 et
501 1445 625 1504 effector
646 1451 719 1504 erit.
763 1440 873 1502 Verum
894 1441 925 1502 id
940 1441 1029 1502 etiem
1042 1450 1165 1521 propter
1183 1461 1241 1504 uos
1263 1442 1409 1522 scriptum

179 1556 242 1622 est,
265 1545 372 1626 quibus
394 1544 526 1626 peradisi
547 1543 634 1606 ianua
657 1553 721 1605 eret
742 1542 870 1604 occluso.
914 1541 998 1604 Unde
1020 1543 1149 1604 humano
1178 1562 1261 1606 more
1282 1541 1409 1625 propter

179 1666 313 1721 mertem,
342 1665 430 1725 quom
459 1645 609 1723 gestabat,
638 1643 675 1705 de
702 1643 753 1704 illo
782 1643 890 1704 dicittn
920 1642 1026 1706 Tollite
1050 1657 1162 1725 portos
1195 1655 1226 1706 et
1251 1649 1404 1722 introibit,

177 1749 260 1811 reiut
280 1765 389 1826 nempe
410 1745 533 1806 bomine
554 1745 734 1806 introeunte.
778 1743 894 1806 Rursus
914 1763 984 1806 vero
1008 1745 1075 1824 quio
1097 1745 1226 1808 Verbum
1247 1747 1326 1810 Deus
1348 1757 1407 1823 est,

160 1849 220 1909 -de
242 1847 348 1908 eodem
370 1846 469 1906 divine
483 1843 608 1916 dicitur,
630 1843 789 1906 Dominum
811 1865 878 1908 eum
900 1854 930 1907 et
949 1865 1049 1926 regem
1072 1847 1184 1926 glorios
1203 1835 1284 1907 csse'.
1328 1848 1410 1912 Hono

183 1951 284 2011 eutem
305 1954 439 2008 nostram
460 1945 666 2007 exaltationem
687 1945 815 2026 Spiritus
837 1955 956 2008 sanctus
977 1948 1093 2027 psalmo
1106 1947 1290 2027 octogesimo
1305 1955 1408 2010 octavo

183 2049 234 2110 bis
257 2049 356 2110 verbis
377 2047 536 2126 praedicit:
565 2046 605 2110 Bt
626 2051 658 2110 iro
679 2052 797 2110 iustitio
820 2059 874 2111 tuo
895 2048 1124 2121 exultabuntur,
1146 2053 1286 2130 posonium
1307 2047 1410 2132 plorio

185 2154 312 2214 virtutis
333 2169 436 2214 eorum
457 2161 491 2212 to
513 2169 553 2212 es.
599 2149 631 2211 Si
652 2167 747 2230 porro
767 2149 861 2211 Filius
884 2149 996 2211 iustitio
1018 2157 1073 2222 est,
1096 2169 1157 2211 non
1175 2171 1245 2239 ergo
1261 2151 1309 2214 illc
1324 2151 1409 2214 exni-

181 2253 294 2314 totione
316 2271 390 2332 opus
411 2251 515 2327 babet,
544 2252 597 2315 sed
618 2270 677 2314 uos
698 2271 822 2326 sumus,
851 2251 956 2332 quiin
984 2250 1093 2314 iustitie
1121 2253 1297 2330 exaltamur,
1321 2273 1409 2336 ,quae

180 2371 289 2434 nempe
309 2355 375 2436 ipse
397 2363 449 2417 est.

263 2662 315 2722 42.
358 2656 413 2718 Illa
440 2653 578 2717 similiter
606 2651 694 2713 verbe
720 2654 843 2716 denovit
862 2655 914 2716 illi
933 2673 994 2716 non
1015 2663 1140 2734 propter
1159 2655 1260 2734 ipsum
1280 2655 1412 2716 Verbum

181 2759 295 2836 scripte
316 2765 396 2817 sunt.
440 2754 514 2814 Nom
536 2761 691 2832 antequem
713 2754 802 2818 homo
825 2756 925 2830 fieret,
953 2755 990 2816 eb
1012 2757 1131 2834 Angelis
1154 2755 1191 2816 ab
1213 2754 1414 2832 omnibusque

182 2856 276 2918 rebus
305 2856 413 2916 crectis
440 2853 602 2916 secundum
629 2863 780 2934 paternam
802 2857 1016 2935 proprietatem
1037 2855 1232 2928 adorabatur,
1262 2854 1306 2915 uti
1333 2855 1414 2916 dixi-

183 2975 264 3019 mus.
296 2955 407 3016 Verum
428 2955 499 3016 illud
521 2955 559 3015 de
579 2954 630 3014 illo
652 2964 773 3034 propter
794 2974 852 3016 nos
867 2965 965 3035 etpro
980 2955 1068 3018 nobis
1083 2956 1268 3030 dictumest.
1300 2955 1413 3036 Quem-

187 3056 347 3120 admodum
370 3055 448 3116 enim
469 3063 500 3116 ut
522 3055 614 3118 bomo
635 3063 772 3116 mortuus
795 3057 892 3116 est'et
914 3055 1069 3125 exaltatus,
1091 3053 1136 3114 sic
1155 3063 1300 3132 quotenus
1322 3055 1413 3117 bomo

187 3157 322 3237 occipere
344 3156 465 3230 dicitur,
493 3157 573 3237 quod
596 3173 716 3236 semper
737 3156 872 3217 utilene
899 3155 1019 3228 hebuit,
1048 3163 1080 3216 ut
1107 3153 1217 3216 scilicet
1244 3155 1413 3218 huiusmodi

187 3258 276 3320 etium
298 3258 362 3319 dete
384 3258 476 3336 gratia
497 3258 534 3319 ed
556 3276 613 3320 nos
629 3271 732 3335 usque
753 3255 944 3335 pertingeret
988 3255 1049 3317 Nec
1075 3257 1154 3317 enim
1175 3255 1302 3319 Verbum
1323 3267 1412 3322 ceru'c

183 3369 315 3422 assumto
336 3358 511 3421 diminutum
534 3366 596 3430 ost,
619 3365 654 3418 ut
673 3363 830 3436 quaereret
850 3355 1048 3437 accipiendum
1070 3357 1212 3437 gretiam,
1234 3359 1288 3420 sed
1309 3359 1411 3439 potius

183 3459 315 3522 divinum
336 3459 564 3540 reddiditquod
586 3459 697 3532 induit,
730 3477 827 3538 eoque
854 3459 1018 3530 humanum
1043 3477 1137 3540 genus
1164 3461 1302 3523 munifice
1324 3461 1411 3523 locu-
1501 3519 1506 3526 .

183 3559 314 3640 pletorit
358 3560 396 3623 Ut
418 3561 496 3623 enim
519 3567 665 3641 melenus
683 3559 737 3621 Dei
752 3559 878 3622 Verbum
901 3570 932 3622 et
952 3561 984 3622 in
1005 3563 1100 3624 lorme
1119 3557 1174 3624 Dei
1196 3571 1270 3635 eret,
1294 3580 1413 3642 semper

100 3681 110 3694 ·
184 3662 422 3738 subodoratum,
445 3663 485 3725 ita
507 3662 706 3736 idolotitum,
729 3671 875 3740 quatenus
896 3662 988 3725 bomo
1011 3663 1105 3725 laetus
1129 3670 1160 3723 et
1179 3671 1303 3724 vocatus
1316 3663 1412 3737 lesus,

184 3763 337 3826 universus
359 3783 409 3826 res
431 3773 545 3827 creatas
565 3763 624 3826 sub
645 3763 772 3845 pedibus
799 3763 949 3828 subiectos
969 3764 1075 3837 hebet,
1105 3780 1271 3842 omnesque
1297 3764 1328 3824 in
1354 3763 1415 3826 boc

185 3865 306 3926 nomine
329 3865 388 3945 ipsi
409 3865 533 3926 flectunt
552 3881 659 3944 genua,
681 3867 927 3944 confitemurque,
948 3883 1010 3926 nou
1029 3863 1262 3940 ignominiosum
1276 3863 1341 3926 eius
1364 3863 1413 3927 di-

187 4043 276 4116 φῶνει
293 4041 470 4115 ὄγδοηκοπῷ
494 4039 586 4114 ὀγδόῳ
610 4043 711 4114 politici
735 4043 775 4098 tl·
846 4048 877 4096 ·l.
896 4047 954 4108 neg.
972 4055 996 4096 et
1012 4047 1118 4097 Velcbm.
1136 4041 1297 4118 meierum»
1312 4040 1343 4101 'et
1360 4064 1416 4100 mox
1495 4065 1498 4072 ·

185 4129 258 4182 yur·
276 4109 306 4167 ἕν
323 4116 356 4185 τῇ
375 4125 420 4167 ete.
534 4115 538 4124 '
825 4107 916 4175 πάσης
931 4107 1051 4168 erictus:

860 4199 883 4247 3.
905 4183 947 4254 Sip
970 4181 1068 4244 Segusr.
1094 4183 1191 4234 Gobler.
1215 4193 1238 4234 et
1261 4185 1366 4234 Felcbm.
1392 4183 1416 4234 i.

183 4217 774 4350 sitit{stituitltttttnttltztt
825 4243 1417 4385 §30:2³2‘tseffijlgpfepffl53:35⁶„ss

221 4402 242 4437 e.
261 4389 292 4437 Se
310 4389 401 4438 derisu.
420 4381 498 4436 ἔστιν
515 4379 529 4434 ὁ
547 4381 628 4452 λόγος
645 4380 688 4441 tit.
723 4385 777 4437 Mox
801 4407 806 4415 ·
827 4388 932 4439 Veiokm.
950 4387 975 4437 ⁵.
994 4397 1017 4438 et
1036 4387 1109 4449 {legio
1126 4379 1305 4456 dusputpm'dn.

187 4453 251 4504 idem
276 4467 290 4502 o
325 4447 355 4503 ἐν
383 4453 416 4522 τῇ
438 4448 604 4522 deeotooo'vp.
649 4455 729 4506 Ceteri
754 4462 778 4505 et
861 4457 885 4506 b.
904 4457 1003 4518 Sefluen
1023 4447 1059 4508 odo
1074 4447 1140 4520 γάρ.

188 4521 245 4599 edjti
262 4514 293 4570 l»
311 4525 429 4574 omittunt
466 4525 517 4575 ulcr
539 4525 596 4575 item
614 4524 713 4585 signer.
730 4517 778 4572 ocal
861 4525 879 4574 i.
896 4521 996 4600 Segner.
1015 4522 1112 4574 Gobler.
1130 4521 1276 4573 etlilium.
1297 4521 1320 4572 1.
1344 4514 1419 4567 omit·

134 4651 136 4656 ι
187 4601 244 4654 γαρ
260 4584 304 4640 eol
321 4583 362 4642 τό.
397 4591 460 4643 liditi
478 4591 559 4642 stolii
576 4585 693 4658 καὶγὰρ
710 4582 752 4643 τό.
829 4599 882 4642 tuot
898 4583 951 4638 dno
968 4581 1050 4638 udde.
