3258 5276
242 395 307 462 274
380 403 396 426 ¹'
644 407 670 448 s.
686 405 840 448 ιτιιειιεειι
854 402 1079 448 ικσιιιεειεσονι

157 558 328 624 εισι-ποτὲ
355 551 540 642 βασιλεύων
570 551 720 630 θάνατος
747 549 947 638 κατηργήθη.
994 546 1133 634 καὶγὰρ
1162 533 1222 614 καί
1245 548 1330 616 κατά
1357 552 1475 618 ιτοῦτο

147 679 152 686 “
242 663 398 744 κρείττων
419 651 439 741 ἦ
463 650 503 721 δι’
529 647 630 720 αύτοῦ
654 653 806 720 διακονία
826 656 972 736 γέγονεν,
1002 645 1057 716 ότι
1084 651 1139 716 καί
1167 648 1207 714 τὸ
1230 643 1393 717 άδονατόν
1414 655 1474 719 τοῦ

242 758 355 844 νόμου,
379 757 413 824 ἐν
436 744 463 842 ᾧ
484 749 622 841 ἠσθένει
645 753 702 820 διὰ
722 757 781 840 τῆς
803 750 932 841 σαρκός,
958 747 975 819 5
996 750 1078 830 θεὸς
1092 751 1150 818 τόν
1166 750 1284 818 ἑαυτοῦ
1300 750 1475 852 υίὸνιπίμ-

242 872 313 945 ψας
335 859 369 926 έν
391 853 579 942 ὁμοιώματι
601 854 721 941 σαρκός
743 851 923 940 ἁμαρτίας,
946 852 1102 939 καὶπερὶ
1125 848 1287 939 ἁμαρτίας
1306 858 1476 940 κατέκρινε

241 959 300 1046 τὴν
323 954 487 1044 ἁμαρτίαν
510 955 544 1024 ἐν
565 959 605 1043 τῇ
630 957 724 1042 σαρκὶ
734 958 765 1037 ¹),
790 953 948 1042 έκσιήσας
970 948 1033 1022 ἀπ’
1059 948 1160 1042 αὐτῆς
1183 952 1473 1041 τόπαράπτωμα,

243 1061 277 1129 έν
300 1047 328 1146 ᾧ
350 1058 535 1138 διαπαντὸς
553 1053 813 1146 ᾐχμαλωτίζετο,
837 1053 919 1135 ῶςτε
940 1054 985 1142 μὴ
1007 1056 1167 1139 δέχεσθαι
1185 1054 1244 1122 τόν
1258 1061 1358 1123 θεῖον
1380 1059 1474 1124 νοῦν·

242 1160 302 1250 τὴν
324 1163 362 1230 δὲ
383 1159 488 1246 σάρκα
510 1157 656 1244 δεκτικὴν
678 1160 736 1224 τοῦ
759 1157 858 1245 λόγου
878 1157 1124 1236 κατασκευάσας
1140 1156 1297 1244 ἐποίησεν
1311 1153 1400 1244 ἡμᾶς
1412 1182 1476 1246 μη-

243 1269 312 1331 κέτι
334 1260 438 1330 1’κατδι
459 1259 565 1346 σάρκα
586 1269 802 1345 περιπατεῖν,
826 1255 912 1326 ἀλλὰ
932 1258 1015 1326 κατὰ
1036 1261 1167 1343 πνεῦμα
1174 1259 1213 1338 ’),
1236 1261 1293 1327 καλ
1314 1257 1477 1338 πολλάκις

159 1366 365 1451 ομοελίγειν·
387 1359 484 1449 ἡμεῖς
498 1362 535 1428 δὲ
552 1354 611 1428 οῦκ
632 1359 730 1444 ἐσμέν
752 1359 787 1428 ἐν
805 1367 910 1445 σαρκί,
934 1353 1009 1427 ἀλλ’
1034 1359 1068 1428 έν
1083 1358 1256 1445 πνεύματι,
1279 1363 1334 1427 καὶ
1350 1355 1404 1426 ότι
1417 1349 1476 1445 ἧλ-

244 1471 307 1534 θεν
330 1459 349 1531 5
371 1465 431 1529 τοῦ
452 1464 537 1530 θεοῦ
559 1461 631 1540 υἱός
653 1461 701 1540 εἷς
721 1460 780 1529 τὸν
801 1460 941 1546 κόσμον,
972 1455 1037 1544 οὐχ’
1062 1461 1119 1528 ἵνα
1139 1457 1230 1548 κρίνῃ
1259 1460 1317 1527 τόν
1338 1458 1472 1545 κόσμον,

245 1559 321 1634 ἀλλ’
346 1565 402 1633 ἵνα
423 1563 568 1642 οπάντας
584 1561 800 1650 λυτρώσηται,
816 1560 873 1630 καὶ
887 1565 985 1650 σωθῇ
1002 1559 1020 1628 ό
1035 1561 1159 1647 κόσμος
1174 1557 1214 1629 δι’
1231 1555 1370 1641 αύτοῦῧ).
1397 1561 1474 1630 τότε

243 1668 303 1752 μέν
324 1665 386 1752 γάρ
409 1662 454 1745 ῶς
475 1661 665 1742 ὑπεύθυνος
688 1659 706 1730 5
728 1664 852 1748 κόσμος
874 1661 1017 1750 ἐκρίνετο
1039 1659 1107 1730 ύπό
1130 1665 1187 1730 τοῦ
1210 1660 1322 1746 νόμου,
1345 1658 1422 1748 άρτι
1437 1662 1473 1730 δέ

246 1764 264 1833 5
286 1767 383 1855 λόγος
405 1766 453 1846 εἷς
474 1765 591 1834 ἑαυτὸν
613 1765 746 1846 ἐδέξατο
768 1764 808 1831 τὸ
828 1773 940 1851 κρῖμα,
963 1768 1018 1832 καί
1035 1767 1083 1851 τῷ
1099 1763 1229 1848 σάματι
1242 1763 1367 1830 παθὼν
1389 1759 1473 1850 ὑπὲρ
1498 1755 1502 1762 ’

244 1868 382 1938 πάντων
404 1875 569 1956 σωτηρίαν
589 1877 663 1945 τοῖς
685 1868 791 1932 πᾶσιν
814 1865 998 1952 ἐχαρίσατο.
1028 1868 1147 1935 ἆτοῦτο
1163 1866 1200 1934 δέ
1212 1867 1347 1951 βλέπων
1362 1869 1476 1952 κέκρα-

243 1995 298 2056 γεν
317 1964 482 2057 Ἰωάννης·
506 1963 524 2035 5
547 1967 647 2054 νόμος
669 1965 726 2036 διὰ
740 1973 896 2046 Μωσέως
918 1966 1032 2055 ἐδόθη,
1055 1964 1075 2054 ἦ
1096 1967 1192 2054 χάρις
1212 1965 1269 2034 καί
1288 1963 1310 2053 ἡ
1333 1959 1477 2054 άλήθεια

245 2071 304 2138 διὰ
320 2063 424 2158 Ἰησοῦ
446 2073 597 2157 Χριστοῦ
620 2069 784 2155 ἐγένετο).
828 2073 985 2154 κρείττων
1007 2068 1044 2134 δέ
1065 2063 1085 2154 ἡ
1104 2066 1201 2154 χάρις
1221 2062 1243 2156 ἢ
1267 2063 1285 2134 5
1306 2067 1408 2152 νόμος
1421 2069 1474 2134 καὶ

245 2168 267 2259 τ)
289 2166 434 2257 ἀλήθεια
455 2169 548 2258 παρὰ
569 2169 627 2257 τὴν
651 2168 756 2238 σκιάν.
1474 2195 1480 2208 ¹

332 2279 384 2341 61.
430 2272 499 2342 ’Τό
521 2259 579 2339 σύν
595 2278 760 2358 κρείττων,
784 2265 895 2352 ῶςπερ
910 2267 1046 2355 εἴρηται,
1070 2261 1130 2350 οῦχ
1151 2261 1224 2335 οἶόν
1238 2259 1328 2356 τεῆν
1344 2263 1385 2337 δι’
1406 2267 1477 2336 ἕτε-

224 2397 305 2470 ,ρου
326 2373 418 2453 τινός
438 2379 598 2460 γενέσθαι
618 2366 640 2461 ἢ
661 2371 718 2440 διὰ
738 2373 798 2438 τοῦ
820 2370 909 2448 υίοῦ,
938 2371 997 2436 τοῦ
1025 2373 1215 2456 καθημένου
1244 2369 1279 2437 ἒν
1301 2371 1395 2456 δεξιᾷ
1416 2371 1475 2436 τοῦ

140 2517 144 2524 -
245 2473 382 2563 πατρός.
417 2482 451 2542 τί
466 2476 503 2542 δὲ
516 2477 615 2542 τοῦτο
631 2480 785 2562 σημαίνει
806 2465 880 2560 ἢτὸ
895 2469 1027 2560 γνήσιον
1047 2473 1107 2537 τοῦ
1129 2470 1211 2550 υἱοῦ,
1235 2473 1304 2537 εκαί
1320 2469 1378 2556 τὴν
1393 2469 1476 2537 θεό-
1554 2461 1559 2474 ’

127 2620 130 2634 ·
197 2621 199 2626 -
244 2585 328 2663 τητα
348 2577 408 2642 τοῦ
430 2575 559 2662 πατρὸς
579 2575 700 2662 ταύτην
723 2568 810 2642 εἶναι
829 2576 890 2640 τοῦ
912 2573 1004 2655 υίοῦ,·
1033 2571 1092 2659 τήν
1120 2597 1156 2640 τε
1183 2571 1244 2658 γὰρ
1265 2573 1327 2638 τοῦ
1347 2567 1476 2655 πατρὸς

176 2723 180 2732 -
244 2677 418 2762 βασιλείαν
438 2675 624 2762 βασιλεύων
647 2671 666 2742 5
688 2674 759 2752 υίὸς
775 2673 831 2741 ἐπὶ
847 2672 905 2740 τόν
928 2671 1028 2740 αῦτόν
1050 2672 1174 2760 θρόνον
1188 2675 1235 2760 τῷ
1251 2675 1353 2758 πατρί
1368 2670 1478 2760 κάθη-

245 2801 310 2857 ται,
334 2780 388 2843 καί
410 2781 449 2862 τῇ
472 2779 530 2842 τοῦ
553 2775 682 2863 πατρὸς
703 2773 844 2861 θεότητι
857 2773 1091 2860 θεωρούμενος
1112 2773 1194 2854 θεός
1217 2772 1306 2842 ἐστιν
1329 2769 1347 2839 5
1370 2773 1477 2867 λόγος,

244 2879 320 2944 ικαί
343 2873 360 2944 ό
382 2878 516 2964 βλέπων
538 2875 597 2942 τόν
619 2877 691 2943 υἱόν
712 2876 832 2960 βλέπει
853 2874 912 2940 τὸν
934 2879 1079 2960 πατέρα,
1108 2877 1163 2941 καί
1193 2871 1298 2954 οῦτως
1327 2869 1375 2953 εἷς
1399 2873 1479 2952 θεός

245 2976 345 3046 ἐστιν.
391 2978 425 3046 έκ
448 2979 563 3060 δεξιῶν
584 2967 662 3064 γοῦν
684 2976 872 3062 καθήμενος
895 2970 1068 3062 άριστερὸν
1091 2969 1129 3041 οῦ
1148 2985 1244 3044 ποιεῖ
1257 2976 1315 3042 τὸν
1337 2979 1475 3060 πατέρα,

246 3073 322 3146 ἄλλ’
346 3075 432 3167 ὅπερ
454 3079 523 3148 ἐστὶ
547 3078 655 3160 δεξιόν
677 3080 732 3146 καὶ
753 3083 864 3162 τίμιον
888 3075 922 3144 ἐν
943 3080 990 3162 τῷ
1013 3079 1132 3164 πατρί,
1166 3078 1343 3143 τοῦτοκαὶ
1366 3071 1384 3142 5
1406 3075 1479 3154 υίὸς

246 3179 312 3260 λέχει
332 3182 388 3247 καὶ
410 3181 513 3264 λέγει·
547 3181 658 3248 πάντα
686 3175 751 3248 ὅσα
779 3178 844 3263 ύχει
872 3173 892 3245 5
920 3178 1030 3264 πατὴρ
1060 3177 1123 3261 ἐμά
1145 3177 1256 3258 ἐστι’).
1302 3176 1359 3244 διὰ
1380 3179 1478 3244 τὀῦτο

245 3275 308 3362 γάρ
329 3281 383 3344 καί
412 3279 600 3365 καθήμενος
628 3281 664 3348 έκ
693 3282 810 3359 δεξιῶν
834 3275 851 3346 5
874 3278 946 3357 υίὸς
969 3275 1030 3365 δρᾷ
1051 3278 1109 3346 τόν
1131 3284 1261 3365 πατέρα
1282 3280 1336 3345 καί
1351 3267 1478 3356 ’ὶαύτός

247 3375 282 3446 έε
304 3378 430 3458 δεξιῶν,
453 3373 512 3464 κάν
536 3377 582 3459 ῶς
604 3379 790 3466 άνθρωπος
810 3377 984 3464 γενόμενος
998 3381 1089 3466 λέγῃ·
1112 3379 1335 3468 ῐπροωρώμην
1350 3378 1408 3446 τόν
1421 3378 1473 3444 κύ-

247 3477 319 3565 ριόν
341 3501 407 3563 μου
430 3478 575 3547 ένάπιόν
596 3505 662 3565 μου
685 3479 742 3547 διὰ
763 3479 899 3560 παντός,
924 3474 978 3545 ὅτι
993 3479 1027 3547 ίκ
1042 3480 1159 3560 δεξιῶν
1179 3505 1245 3566 μου
1260 3481 1348 3549 ἐστίν
1362 3480 1419 3547 ίνα
1432 3479 1478 3566 μὴ

247 3580 443 3662 σαλευθῶ).
489 3580 655 3648 δείκνυται
681 3579 745 3668 γάρ
771 3579 876 3648 πάλιν
903 3584 958 3648 καὶ
988 3581 1150 3668 ἐντούτῳ
1174 3579 1219 3662 ῶς
1241 3579 1260 3650 ό
1282 3581 1354 3662 υίός
1375 3580 1409 3650 έν
1431 3583 1478 3668 τῷ

245 3683 350 3768 πατρί
371 3679 429 3750 καὶ
448 3675 491 3748 ¹⁵5
511 3681 623 3768 πατὴρ
645 3681 679 3749 ἒν
700 3685 748 3768 τῷ
770 3682 842 3769 υίῶ.
881 3684 990 3763 δεξιοῦ
1006 3682 1069 3770 γὰρ
1085 3681 1181 3762 όντος
1201 3687 1260 3752 τοῦ
1283 3684 1419 3769 πατρός,
1444 3683 1480 3750 έν

245 3785 295 3870 τῷ
316 3784 414 3872 δεξιῷ
436 3783 526 3853 ἐστιν
542 3779 657 3866 ύυίός,
679 3786 735 3850 καὶ
755 3790 948 3872 καθημένου
967 3787 1027 3851 τοῦ
1043 3785 1116 3851 υέοῦ
1132 3784 1167 3852 ίκ
1182 3787 1309 3867 δεξιῶν,
1334 3781 1353 3852 ό
1367 3783 1479 3871 πατήρ

247 3883 339 3954 ἔστιν
359 3885 393 3954 έν
411 3891 459 3974 τῷ
482 3887 555 3976 υίρῖ
598 3885 655 3956 καλ
676 3888 709 3956 οἱ
729 3889 789 3975 μὲν
812 3884 945 3975 άγγελοι
966 3887 1176 3956 διακονοῦσιν
1199 3884 1410 3976 άνερχόμενοι
1424 3889 1479 3954 καλ

157 4123 160 4131 k
316 4073 340 4134 1)
363 4073 525 4136 Ηοισ.8,3.
610 4077 637 4138 2)
661 4079 829 4140 Rom.8,4.
922 4077 947 4138 3)
972 4077 1088 4140 Ιοιιιι.3,
1116 4077 1155 4128 17.
1242 4079 1268 4139 4)
1295 4078 1414 4139 Ιοειι.1,
1440 4076 1470 4126 17

247 4139 273 4203 5)
291 4141 358 4191 Ιοεσ.
377 4140 419 4202 16,
439 4143 478 4192 15.
548 4143 574 4204 6)
592 4145 657 4194 ΡειΙ.
679 4147 711 4195 16
729 4143 782 4210 [15.
800 4141 890 4214 LXX·]‚
909 4145 934 4196 8.

280 4288 302 4322 ε.
321 4273 480 4336 Sin-Senum.
498 4276 628 4353 μλιηιῦυ.
656 4278 837 4340 numnam.
889 4279 994 4328 Folckm.
1015 4279 1038 4329 1.
1074 4279 1148 4330 ΡιυΙο
1173 4287 1230 4341 post
1247 4279 1347 4340 Sagun.
1366 4287 1390 4326 ει
1407 4277 1482 4328 ΒεείΙ.

246 4347 271 4392 et
288 4341 436 4394 Belem&
461 4354 510 4392 κατ
529 4355 628 4407 τουεῳ.
665 4345 728 4394 Editi
750 4354 774 4394 ει
797 4347 837 4396 alii
888 4339 1015 4398 πολλάκις
1024 4341 1118 4409 λέγειν.
1148 4347 1226 4397 ceteri
1245 4354 1270 4395 ει
1286 4344 1344 4394 editi
1353 4338 1482 4398 πολλάκις

246 4400 294 4456 καλ
316 4407 406 4484 τηῦευ.
442 4409 516 4460 Paulo
541 4411 722 4487 ρσειβερυει.
745 4413 836 4473 Angue.
887 4408 966 4477 λέγει
1004 4413 1205 4476 Ιοίιιεσιθεςιιει.
1224 4405 1301 4480 δμῶε·
1318 4402 1367 4460 ⁰52
1385 4404 1478 4478 ίσμέν.

248 4476 347 4528 ίὶολΙεε.
366 4487 390 4526 οι
408 4477 512 4528 Felckm.
528 4477 549 4528 1.
569 4469 714 4528 άδυνατυν.
749 4480 778 4529 At
795 4480 836 4530 alii
923 4496 943 4529 α
963 4479 1069 4529 λέλελιυ.
1088 4481 1111 4530 2.
1137 4496 1190 4530 cum
1209 4479 1280 4530 edilis
1297 4470 1397 4528 πάντα.
1432 4481 1479 4530 Alii

247 4552 273 4596 et
290 4543 346 4594 editi
365 4536 499 4610 δυνατόν,
519 4547 642 4596 mendoso.
887 4561 973 4600 omnes
992 4562 1051 4598 σεε.
1068 4541 1181 4602 πάντας.

281 4611 306 4664 h.
323 4604 394 4664 κατά
418 4615 488 4666 abest
505 4630 518 4665 ε
537 4615 637 4677 θεςαει.
656 4614 836 4668 (ἱοόΙειὶνσοει
921 4615 945 4665 d.
964 4614 1063 4677 Seguer.
1081 4613 1162 4664 τοῦτο
1179 4611 1294 4682 βλέπων.
