3258 5276
578 387 685 430 omrro
701 389 722 430 ι.
738 387 854 432 oosrm
868 385 1003 433 nunes.
1332 373 1396 438 tto

163 537 327 600 diceretur:
350 533 397 596 Ars
418 538 540 598 neentis
562 539 632 616 prio
655 535 797 616 tempiset
818 537 877 600 Dei
895 543 967 600 ostie
989 549 1019 601 et
1040 539 1177 620 Spiritu
1199 541 1258 602 Dei
1277 541 1487 604 habitote-tet·

165 641 198 699 eie
220 633 331 698 vobis?
374 635 447 696 Cum
475 635 555 696 enirn
577 635 723 698 Dominus
751 645 888 716 unquam
915 639 1007 700 bomo
1039 640 1185 702 lavaretur
1205 641 1236 702 in
1257 641 1396 716 lomene,

167 755 223 799 nos
251 735 310 815 ipsi
338 735 369 796 in
395 735 447 796 iiio
475 743 505 798 ct
534 736 571 797 sb
593 735 644 796 illo
666 735 845 798 iarnbemur.
889 737 964 798 Cum
986 737 1058 798 item
1079 737 1219 816 Spiritum
1240 741 1396 820 occiperet,

167 857 225 900 nos
247 837 354 916 dignos
376 835 529 909 redolebat,
552 835 603 916 qui
627 835 710 896 illum
732 835 943 914 reciperemus.
988 837 1135 908 Quocirca
1156 856 1219 898 non
1246 849 1279 900 ut
1296 843 1397 904 beron

166 939 212 1000 rcl
233 936 324 1000 Deriel
347 945 398 1000 aut
417 937 467 999 uli
489 955 595 998 omnes
618 935 658 998 its
681 943 711 997 et
732 936 799 1015 ipse
821 936 889 997 olco
912 946 959 998 est
981 945 1105 1010 unctus,
1136 937 1190 998 sed
1218 938 1302 1000 aliter
1328 957 1399 1018 prsc

167 1039 306 1101 omnibus
333 1037 379 1100 sui
409 1037 617 1110 consortibus,
649 1054 757 1115 nempe
787 1035 854 1098 olco
880 1036 1026 1111 lactitiae,
1055 1037 1135 1116 qnod
1163 1055 1234 1100 esse
1257 1037 1401 1118 Spiritum

167 1147 303 1202 sanctum
326 1140 373 1201 bis
395 1139 462 1219 ipsc
481 1137 651 1217 Prophetae
672 1136 771 1198 verbis
794 1135 896 1198 docet:
924 1137 1061 1218 Spiritus
1084 1138 1211 1201 Domini
1229 1157 1324 1218 seper
1344 1157 1399 1205 etto

168 1259 203 1302 eo
231 1241 311 1322 quoi
336 1244 464 1302 commit
489 1258 546 1300 me.
591 1237 673 1298 ldcm
700 1254 820 1316 quoquc
845 1235 888 1298 eit
912 1237 1091 1317 Apostolus:
1127 1238 1401 1312 Quamobrem:

168 1360 235 1402 eom
255 1340 339 1403 Deus
362 1339 481 1420 Spiritu
509 1349 627 1401 soecto.
673 1337 798 1409 numos
820 1337 909 1416 igituir
931 1337 989 1399 iste
1010 1339 1047 1400 tle
1068 1337 1119 1400 illo
1137 1339 1213 1402 dictu
1238 1347 1320 1414 sunt,
1342 1337 1402 1400 nisi

168 1459 234 1502 cnm
256 1449 387 1504 essumls
415 1458 503 1502 carne
531 1437 714 1519 baptismum
743 1438 774 1499 in
796 1435 923 1498 iordane
946 1439 1094 1518 suscepit,
1125 1449 1213 1520 etque
1241 1441 1272 1502 in
1298 1439 1400 1520 ipsum

166 1541 322 1624 descendit
344 1539 498 1620 Spiritus?
542 1539 580 1601 Et
599 1556 672 1600 vero
695 1539 761 1618 ipso
783 1537 903 1617 chm
924 1536 1070 1600 Dominus
1091 1539 1132 1600 ite
1151 1541 1298 1620 loquitur:
1326 1539 1398 1622 Spi-

167 1643 244 1704 ritus
268 1644 303 1704 oe
325 1661 389 1704 meo
412 1643 555 1720 accepiet,
579 1647 608 1700 ct
629 1638 692 1717 Epo
713 1638 803 1700 illem
823 1641 926 1712 en'tto,
955 1646 985 1699 ct
1005 1637 1042 1700 sti
1064 1639 1240 1719 discipulos:
1268 1643 1399 1722 Accipite

168 1743 322 1822 Spiritum
344 1753 494 1804 enectum.
539 1738 737 1800 Nihilominus
760 1738 826 1818 ipse
848 1732 907 1810 ilie,
929 1737 979 1818 qui
1001 1746 1035 1800 nt
1056 1740 1184 1802 Verbum
1206 1751 1236 1802 et
1256 1741 1399 1821 splendor

168 1842 268 1902 Putris
290 1841 432 1920 Spiritum
465 1837 532 1900 aliis
554 1838 701 1918 impertit,
734 1856 812 1900 nunc
839 1839 946 1900 dieitur
971 1839 1164 1912 senotiticsri,
1193 1840 1262 1920 qnia
1287 1841 1401 1904 scilicet

170 1943 266 2007 tactos
288 1940 379 2002 bomo
403 1947 450 2000 est
472 1938 596 2016 eiusque
618 1938 817 2000 sanctificetur
838 1958 959 2019 eorpus.
1002 1939 1074 2002 lude
1101 1941 1200 2020 itaque
1232 1959 1289 2002 nos
1311 1941 1400 2004 etiam

167 2041 340 2105 unctionem
356 2049 386 2103 et
397 2039 526 2120 sigillum
542 2039 650 2102 bebere
663 2039 862 2119 incoepimus,
885 2039 1002 2101 diocnte
1015 2040 1142 2102 iocoue:
1157 2041 1196 2104 Bt
1211 2059 1266 2104 eos
1277 2045 1401 2106 sectio·

168 2163 237 2207 trem
260 2143 374 2206 bebetis
396 2161 415 2205 e
435 2153 553 2204 coneto.
596 2141 758 2222 Apostolus
779 2159 901 2222 quoqne
923 2139 1040 2202 scribit:
1062 2141 1103 2206 St
1124 2161 1179 2207 ooo
1200 2147 1314 2222 siponti
1326 2147 1400 2208 orbi

168 2244 291 2324 Spiritu
314 2247 528 2324 promisionis
557 2253 672 2306 screto.
717 2242 793 2305 illud
821 2241 913 2320 igitur
941 2249 1062 2320 propter
1089 2259 1146 2303 nos
1176 2251 1206 2304 et
1232 2261 1287 2322 pro
1309 2241 1399 2306 nobis

167 2344 283 2410 elicitur.
328 2344 473 2418 Quidnam
497 2362 566 2406 vero
588 2343 807 2406 incrementum
831 2342 863 2402 in
876 2339 993 2414 meins,
1015 2361 1090 2422 quse
1104 2343 1222 2404 virtutis
1236 2343 1283 2406 rel
1302 2345 1399 2404 tecto·

165 2463 234 2506 rum
255 2445 372 2508 Domini
394 2463 511 2508 merces
532 2445 632 2524 possit
654 2461 691 2503 ex
712 2441 761 2502 bis
783 2440 929 2521 probari?
961 2442 1092 2524 Namque
1115 2443 1142 2505 si
1157 2462 1224 2504 cum
1240 2443 1320 2504 Dens
1335 2457 1399 2504 non

166 2553 257 2619 essct,
279 2547 373 2610 Delus
395 2546 505 2607 suisset
525 2543 628 2614 Deus,
651 2541 678 2602 si
700 2559 766 2602 oum
789 2561 849 2604 non
871 2551 953 2604 esset
974 2563 1037 2617 res,
1061 2545 1171 2623 regiam
1195 2544 1303 2606 luisset
1324 2559 1490 2604 con-mss.

165 2654 286 2710 secutm
308 2646 500 2724 dignitatem,
530 2643 644 2702 inesset
666 2659 738 2704 sene
758 2653 856 2706 vestre
877 2645 908 2706 in
931 2645 1068 2706 oratione
1090 2644 1196 2706 umbre
1219 2643 1325 2704 sutem
1345 2641 1402 2702 eli·

164 2765 227 2824 que
248 2741 529 2805 verisimilitudinis.
573 2741 627 2802 Sin
649 2749 745 2804 autem
767 2743 846 2806 Dens
868 2745 917 2806 illo
939 2751 1004 2816 est,
1033 2743 1159 2822 eiusque
1186 2751 1327 2802 aeternus
1356 2747 1405 2800 est

169 2845 316 2914 thronus,
343 2847 394 2920 qut
416 2859 529 2920 quaeso
551 2841 648 2920 potuit
668 2845 813 2920 prolicere
836 2845 932 2916 Deus,
961 2843 1069 2922 quidve
1091 2843 1133 2904 illi
1155 2841 1273 2912 decret,
1301 2838 1352 2916 epu
1374 2839 1404 2900 in

170 2941 271 3004 Patris
294 2941 374 3006 solio
395 2939 539 3002 sedebat?
584 2940 738 3004 Praeterea
758 2943 795 3016 si,
818 2952 852 3004 ut
873 2943 939 3022 ipse
955 2943 1082 3004 affirmat
1096 2941 1254 3012 Dominus,
1277 2937 1343 3000 eius
1358 2945 1405 3000 est

171 3039 321 3120 Spiritus,
350 3059 386 3102 er
409 3057 503 3118 eoque
525 3040 646 3120 accipit,
675 3041 798 3121 ipseque
826 3042 910 3104 illum
932 3041 1037 3112 mittit,
1067 3058 1126 3100 non
1155 3037 1244 3117 igitur
1266 3037 1404 3111 Verbum,

172 3148 320 3219 quatenus
341 3139 470 3202 Verbum
493 3149 522 3202 ct
544 3139 696 3219 Sapientia
717 3149 780 3214 est,
802 3161 820 3204 e
842 3139 974 3219 Spiritu,
997 3156 1082 3217 quem
1106 3138 1172 3218 ipse
1193 3138 1251 3212 dat,
1275 3138 1403 3217 ungitur,

173 3250 208 3302 nt
229 3241 326 3304 inlusa
347 3241 378 3302 in
393 3239 551 3304 Dominum
576 3251 716 3321 unquam
737 3241 769 3304 in
790 3241 943 3304 bominem
961 3240 1099 3304 emolitus
1121 3239 1153 3302 iu
1175 3257 1279 3302 omnes
1302 3239 1400 3302 bomi-

169 3359 226 3404 nes
249 3341 374 3422 abipso
396 3341 570 3404 tlimsnnret.
614 3342 682 3404 Non
705 3343 784 3406 enim
798 3362 823 3404 e
839 3361 873 3406 sc
887 3341 965 3422 ipso,
988 3341 1092 3421 inquit,
1115 3341 1242 3421 Spiritus
1258 3340 1399 3420 loquitur,

170 3442 225 3504 sed
246 3441 343 3522 dignis
365 3461 383 3504 s
405 3442 501 3504 Verbo
522 3442 619 3506 detur.
662 3443 736 3506 Nom
758 3444 807 3506 bic
827 3441 1004 3506 Psalmislse
1028 3441 1111 3504 loeus
1133 3441 1299 3522 superioris
1321 3440 1400 3505 bend

168 3551 217 3606 est
238 3543 406 3608 dissimilis.
450 3541 488 3604 lit
515 3543 594 3606 enim
620 3544 782 3624 spostolus
811 3543 947 3626 scripsit:
982 3543 1046 3618 Qui
1072 3561 1139 3606 cem
1166 3547 1199 3606 ise
1219 3544 1324 3622 [ormo
1346 3539 1404 3604 Dci

171 3893 311 3944 tolenno.
329 3887 395 3946 θεὸς
410 3883 551 3957 arripere.
579 3893 759 3944 Cetericteelltl
811 3895 845 3942 ln
863 3893 902 3942 lio.
929 3891 1028 3942 Gobter.
1053 3899 1077 3940 et
1098 3889 1203 3940 Vslckm.
1224 3890 1246 3938 t.
1263 3883 1308 3936 xci
1326 3883 1403 3954 ipsit·

171 3955 237 4014 θεὸς
254 3953 283 4008 ἐν
299 3953 441 4025 πνεύματι.
809 3907 918 4024 zpiopere
935 3949 1041 4022 ἔχομεν.
1102 4015 1110 4032 o
1329 4013 1336 4032 ν

206 4030 230 4079 d.
248 4028 386 4078 Goblcrien.
404 4034 429 4076 et
446 4025 551 4076 Velcbm.
569 4026 591 4074 t.
610 4018 657 4072 xci
671 4019 761 4090 piri
849 4039 873 4086 ς,
901 4025 1041 4084 Segosrten.
1066 4033 1159 4069 roem
1180 4017 1226 4070 eei
1242 4016 1271 4070 ὰ
1287 4035 1403 4072 τουτων.

169 4088 270 4160 scriptor¹
816 4091 916 4142 Goblcr.
934 4097 958 4139 et
976 4088 1079 4138 Felelm.
1093 4093 1116 4138 t.
1133 4084 1227 4139 τοίνυν
1243 4083 1271 4139 ἐκ
1289 4083 1403 4140 τούτων.

205 4180 226 4211 c.
245 4165 344 4224 sepner.
371 4161 469 4212 Gobler.
488 4167 511 4208 et
529 4158 635 4207 Feleim.
656 4154 678 4206 1.
697 4147 764 4206 ἄπο·
850 4158 874 4206 b.
893 4157 1041 4218 Sicchucr.
1053 4157 1142 4218 sugite
1154 4158 1250 4208 Gobler.
1263 4157 1404 4206 eticletm.

172 4225 281 4278 attan.
316 4229 361 4279 ttlii
379 4236 403 4277 et
421 4227 493 4276 ciitio
513 4224 630 4276 Commii.
650 4215 764 4273 ἀποστε-
818 4225 840 4275 1.
876 4225 920 4274 stit
947 4239 1002 4274 tero
1029 4233 1053 4272 et
1077 4226 1133 4273 editi
1156 4217 1315 4286 βασιλεύων.
1351 4221 1404 4273 ilex

171 4291 218 4346 isi.
254 4297 307 4348 ilos
333 4296 433 4358 Segoer.
452 4286 467 4342 i
485 4285 583 4348 ἄλλοις.
621 4293 648 4343 ln
666 4294 721 4344 eliis
740 4299 765 4344 et
814 4293 914 4356 Scener.
932 4284 947 4340 i
964 4284 1045 4358 λόγος
1061 4283 1140 4357 iperii
1156 4289 1234 4344 σκιᾶς
1251 4281 1322 4340 τινά.

172 4365 244 4414 editis
262 4359 277 4412 i
297 4365 375 4414 deest.
848 4361 864 4411 i.
883 4361 930 4438 Sir,
941 4361 1040 4421 Segeer.
1059 4369 1085 4410 nt
1103 4367 1126 4408 ct
1144 4359 1201 4419 legit
1216 4359 1331 4408 Nunnius.
1354 4355 1403 4406 Sed

207 4433 224 4480 i.
243 4432 343 4493 Sepocr.
369 4429 468 4482 Gobler.
493 4439 517 4480 st
540 4429 645 4480 Vilelm.
666 4426 687 4478 t.
706 4409 763 4478 cis.
815 4417 928 4494 riprop
953 4421 1067 4478 scribitur
1093 4426 1117 4476 in
1136 4427 1251 4486 stenen,
1279 4431 1306 4472 ot
1329 4435 1404 4496 coepe

173 4498 234 4547 lbli.
259 4501 359 4560 Seeoer.
376 4495 426 4546 rei
443 4491 475 4545 τὸ
489 4491 607 4562 χρίσμα.
643 4495 723 4546 Ceteri
740 4503 766 4546 ct
816 4495 870 4544 eliis
888 4497 959 4543 etiem
978 4495 1001 4544 in
1021 4492 1082 4541 locis
1101 4491 1224 4551 contingit.
1260 4487 1407 4562 tliieteebts

171 4564 232 4613 editi
256 4561 336 4614 reiro
365 4558 396 4612 ri
416 4557 554 4631 χάρισμα.
593 4563 646 4612 lton
664 4565 765 4624 Segner.
816 4552 864 4610 oie
882 4552 937 4626 ἄρα
954 4553 969 4606 i
986 4553 1068 4622 λόγος
1083 4549 1143 4606 ἐστὶ
1159 4549 1205 4604 sei
1222 4547 1237 4613 ἢ
1256 4563 1353 4616 copta.
