3236 5286
592 357 699 401 enarro
714 357 735 402 t.
752 358 866 402 cosma
880 359 1017 404 mutuos.
1356 351 1416 410 ¹47

179 515 273 581 ment,
295 515 384 588 atque
406 505 607 569 detestandam
629 507 775 570 baeresim
790 508 938 591 appellent
952 509 1091 588 bonam),
1113 511 1199 574 robis
1221 514 1499 580 hortantibusraos.

179 609 384 672 necessarium
413 608 482 671 drani
516 609 644 670 thoracis
666 611 808 672 netandae
829 610 953 672 huiusce
980 611 1114 674 haeresis
1142 615 1226 677 sinus
1255 617 1412 698 explicare,

180 719 269 791 atque
292 709 356 772 eius
378 709 519 772 stultitiae
540 711 703 788 patefacere
726 713 883 782 foetorem,
907 720 940 772 ut
962 711 1011 790 qui
1033 713 1138 790 procul
1160 713 1195 774 ab
1218 734 1251 777 ea
1266 728 1337 780 sunt
1358 739 1410 783 re·

180 811 268 886 muti,
290 831 355 874 mm
377 812 470 890 magis
493 810 587 872 adbuc
609 811 731 890 fugiant.
754 811 805 890 qui
828 820 927 872 autem
949 809 986 870 ah
1009 830 1043 872 ea
1066 811 1183 890 decepti
1204 815 1337 892 luemnt,
1360 839 1410 884 re-

179 913 325 995 sipiscant
354 912 523 995 apertisque
545 912 645 974 cordis
668 911 763 974 oculis
785 911 966 990 intelligant,
997 911 1246 989 quemadmodum
1275 917 1412 981 tenebrae

179 1033 242 1077 non
265 1023 335 1078 suut
356 1015 404 1077 lux
426 1033 482 1076 nec
502 1013 690 1076 mendacium
711 1011 830 1085 veritas,
853 1012 892 1073 ita
907 1011 1044 1074 hrianam
1066 1013 1214 1074 haeresim
1230 1014 1339 1078 bonam
1354 1019 1497 1082 minuo.

179 1118 261 1180 nime
284 1136 368 1188 esse,
397 1117 489 1178 immo
511 1133 582 1177 rero
606 1133 678 1186 sos,
708 1115 758 1194 qui
781 1114 908 1175 Arianos
931 1113 1115 1176 Christiados
1137 1127 1258 1190 vomat,
1288 1119 1412 1182 multum

178 1221 313 1300 prolecto
335 1218 478 1299 valdeque
501 1235 611 1292 errare,
634 1225 772 1294 tauquam
794 1215 844 1294 qui
866 1233 922 1278 nec
936 1215 1104 1296 Scripturas
1125 1217 1251 1298 legerint
1272 1239 1328 1282 nec
1342 1221 1413 1302 quid

178 1321 219 1384 sit
241 1321 485 1384 christianismus
509 1329 540 1382 et
561 1317 747 1380 Christianae
768 1316 921 1398 religionis
943 1319 1018 1379 fides
1040 1319 1164 1380 omnino
1186 1321 1290 1382 sciant.

264 1627 295 1688 2.
340 1623 419 1698 Quid
446 1623 525 1685 enim
553 1620 652 1684 simile
679 1620 827 1694 haeresim
855 1621 933 1682 inter
961 1629 991 1682 et
1018 1631 1127 1684 rectam
1154 1625 1291 1705 piamque
1319 1627 1409 1690 tidem

177 1725 466 1798 animadverterunt,
489 1733 522 1786 ut
543 1721 698 1801 nugatorie
721 1732 906 1793 asseverent,
934 1722 1008 1784 nihil
1030 1723 1096 1784 illos
1119 1725 1187 1786 mali
1209 1726 1332 1790 diceret
1376 1729 1408 1791 Si

177 1827 219 1888 ita
243 1837 303 1898 est,
331 1825 390 1886 illis
417 1841 491 1886 sane
519 1823 605 1884 liceat
627 1823 766 1902 Catpbam
789 1823 989 1885 Christianum
1010 1843 1198 1908 unumparc,
1226 1829 1410 1908 proditorem

179 1927 283 1988 ludam
311 1927 390 1988 inter
411 1924 571 2006 Apostolos
599 1942 770 1997 numerare,
799 1927 978 1990 contendere
1010 1925 1084 1989 nibil
1111 1947 1165 1990 eos
1185 1929 1262 1992 mali
1290 1930 1411 2004 iecisse,

178 2030 229 2111 qui
256 2027 420 2090 llarabbom
447 2045 521 2108 prae
550 2025 703 2089 Salvatore
732 2027 899 2107 petierunt,
927 2027 1128 2107 Hymenaeum
1156 2039 1185 2093 et
1211 2030 1410 2093 Alexandrum

176 2141 316 2213 tanquam
346 2139 426 2192 recte
453 2130 615 2191 sentientes
645 2129 869 2203 commendare,
902 2129 1107 2211 affirmansque
1134 2132 1308 2212 Apostolum
1337 2133 1409 2196 laisa

175 2234 232 2297 illis
254 2233 416 2296 affluxisse.
461 2233 567 2294 Verum
582 2249 672 2293 nemo
688 2231 877 2294 Christianus
900 2231 956 2294 ista
978 2231 1024 2292 rel
1045 2232 1148 2294 audire
1161 2233 1297 2308 noluerit,
1318 2253 1407 2298 nemo

175 2356 254 2412 eum,
277 2337 328 2415 qui
349 2335 422 2398 haec
443 2334 523 2398 ausit
542 2334 652 2403 dicere,
675 2353 747 2396 sana
769 2343 870 2396 mente
893 2351 962 2396 esse
983 2337 1140 2414 putaverit.
1178 2335 1336 2400 Enimvero
1350 2356 1407 2417 pro

174 2439 293 2501 Christo
313 2438 402 2500 brius
424 2436 482 2499 illis
505 2445 561 2510 est,
583 2436 628 2496 uti
650 2435 829 2497 blanicbaeis
845 2435 1046 2497 hlanichaeus.
1079 2435 1221 2498 Similiter
1235 2456 1292 2516 pro
1307 2437 1409 2518 lloyse

174 2540 276 2602 aliisve
297 2539 368 2600 viris
391 2537 508 2598 Sanctis
529 2537 634 2598 nescio
657 2555 743 2614 quem
758 2537 909 2611 Sotadem,
932 2537 983 2618 qui
1001 2537 1076 2616 ipsis
1093 2536 1259 2600 Gentilibus
1281 2536 1409 2599 ludibrio

176 2650 239 2713 est,
272 2639 412 2701 etlilium
434 2637 613 2698 llerodiadis
636 2647 820 2716 repererunt.
864 2639 998 2718 Namque
1027 2647 1057 2698 et
1078 2637 1157 2699 illius
1180 2639 1292 2698 lractos
1316 2637 1411 2696 ellos-

177 2740 368 2815 miuatosque
391 2753 490 2797 mores
511 2735 597 2796 Arius
620 2735 737 2799 Thalias
759 2757 877 2818 quoque
906 2739 972 2818 ipse
1000 2737 1161 2800 scribendo
1191 2737 1326 2797 imitatus
1355 2743 1412 2807 est,

180 2847 213 2899 et
234 2837 323 2897 huius
344 2835 502 2897 saltatricis
525 2835 711 2897 saltationem
733 2840 796 2900 suis
818 2839 849 2898 in
864 2837 1022 2900 boninum
1044 2835 1211 2898 maledictis
1233 2833 1368 2896 saltando
1384 2842 1414 2894 et

179 2936 313 3000 ludendo
336 2943 383 2996 est
405 2933 578 3008 aemulatus,
605 2934 679 2995 adeo
700 2937 803 3016 utqui
825 2937 855 2997 in
878 2937 1051 2999 huiusmodi
1074 2935 1223 2997 haeresim
1246 2933 1412 3006 inciderint,

180 3044 284 3101 mente
306 3033 520 3098 conturbentur
541 3043 571 3096 et
592 3034 756 3115 desipiant,
785 3047 814 3098 et
841 3055 951 3098 nomen
972 3035 1093 3097 Domini
1115 3035 1225 3113 gloriae
1247 3043 1362 3096 mutent
1382 3035 1412 3096 in

178 3137 405 3202 similitudinem
428 3136 564 3216 imaginis
586 3136 790 3217 corruptibilis
812 3137 961 3208 hominis,
984 3155 1019 3198 ac
1040 3134 1168 3215 denique
1188 3153 1244 3215 pro
1266 3135 1409 3198 Christia-

176 3241 227 3302 nis
249 3238 349 3301 Ariani
371 3238 581 3311 nominentur,
611 3238 729 3318 hocque
757 3256 830 3300 suae
851 3236 1012 3316 impietatis
1034 3235 1161 3298 babeant
1180 3235 1305 3316 insigne
1347 3236 1408 3300 Nec

176 3341 257 3403 enim
279 3339 400 3421 seipsos
423 3347 568 3402 conentur
590 3339 766 3413 defendere,
801 3357 858 3401 nec
884 3337 963 3418 quod
992 3337 1051 3400 illis
1079 3337 1192 3418 probro
1221 3337 1324 3402 estin
1354 3358 1407 3402 eos
1477 3409 1483 3425 ,

175 3555 300 3610 ἀκοῦσαι.
335 3560 387 3610 hlox
405 3559 497 3620 buglis.
525 3559 598 3609 llosil.
618 3559 722 3610 Felcltm.
741 3559 766 3610 2.
818 3558 867 3621 dac
885 3555 966 3628 Κρής,
987 3553 1182 3640 stuperatem,
1203 3553 1402 3625 δαιμονισθείς.

179 3639 202 3681 et
220 3631 243 3680 5.
271 3624 360 3692 urm
385 3625 484 3682 roera,
514 3619 649 3690 ὑγιαίνειν
673 3619 708 3675 ἄν
724 3640 767 3680 τις
819 3622 1012 3696 ἱαμβογράᾳος
1028 3631 1136 3708 sypenta!
1154 3619 1279 3690 phineae
1296 3619 1406 3687 ἦτοικι-

176 3695 278 3746 τοῦτον
294 3695 355 3748 ταῖς
372 3689 475 3762 φρεσὶν
490 3687 631 3758 ὑπολάβοι.
657 3695 697 3745 Sic
708 3697 763 3746 item
816 3694 927 3750 rotdouc
944 3692 1075 3759 ‹tamena›
1089 3686 1205 3758 Ἰωνικῇ.
1240 3697 1338 3744 Sotades
1352 3696 1406 3744 Gre-

178 3765 277 3814 Gobler.
296 3772 320 3812 et
337 3764 442 3814 Felclrn.
463 3763 485 3812 l.
512 3763 556 3812 sed
574 3762 675 3810 rosim
692 3767 764 3814 omit·
817 3769 904 3827 tensis,
925 3765 1055 3822 horonites,
1075 3763 1258 3821 lidemonium,
1278 3763 1407 3813 lamborum

177 3839 239 3882 tunt.
275 3832 375 3894 Segner.
388 3827 470 3877 sobre
488 3825 584 3908 nycte,
602 3823 766 3895 ὁγιαίνειᾶν
817 3836 917 3896 scriptor
934 3833 1061 3892 composuit
1080 3829 1192 3888 l'ltluocus
1210 3829 1287 3886 (idest
1303 3831 1406 3880 acttrrosl

177 3912 219 3952 rec
236 3897 297 3952 ταῖς
314 3891 417 3980 φρεσὶν
433 3889 574 3960 ὕπολαροι.
610 3899 667 3958 lteg.
679 3893 767 3961 λέγειν
819 3901 867 3947 stae
887 3899 1001 3946 cinaedos
1019 3897 1087 3944 losio
1105 3895 1212 3944 dialecto.
1249 3895 1282 3945 lle
1301 3898 1347 3945 isto
1367 3895 1406 3944 nl·

178 3963 292 4021 τοῦτνν,
311 3959 432 4030 υγιαῖνει
455 3955 491 4010 ἂν
507 3963 608 4010 τοῦτον
624 3963 685 4016 ταῖς
702 3977 768 4030 ups-
819 3969 879 4014 timo
903 3977 985 4012 sermo
1010 3962 1048 4010 bic
1067 3961 1176 4010 habetor.
1211 3956 1350 4026 [Praeterea
1369 3961 1406 4010 td.

178 4027 224 4081 oie
240 4026 381 4096 ὑπολάβοι.
418 4030 480 4080 Editi
489 4025 578 4093 λέγειν
595 4027 696 4077 τοῦτον
711 4025 769 4094 dys-
820 4043 894 4094 supra
914 4043 938 4092 p.
955 4027 997 4078 td.
1016 4037 1067 4078 not.
1085 4024 1121 4094 b]

176 4101 267 4179 “Q’'
284 4093 319 4148 ἄν
336 4112 378 4152 ²⁶5
396 4097 456 4150 ταῖς
473 4091 575 4163 ‘idm'
592 4089 734 4160 ὑπολάβω·
855 4113 877 4162 t.
896 4111 1037 4163 basiliensis
1052 4104 1200 4180 perciperes
1223 4121 1246 4162 et
1268 4113 1315 4163 elis
1334 4125 1406 4162 manu

213 4185 230 4216 ι.
249 4169 348 4230 Segusa.
374 4165 472 4216 Goblcr.
498 4175 522 4214 et
539 4166 647 4214 Felclm.
669 4166 691 4214 l.
709 4163 768 4212 Σω-
818 4173 979 4246 γελώμενος,
1014 4181 1105 4244 Angue,
1123 4174 1285 4246 μνώμενος,

177 4235 440 4364 magnos-acam?
448 4235 618 4366 dbrcllsenpdo'dltuez¹
631 4234 768 4351 lepiditate&
855 4265 870 4316 Ι·
889 4265 988 4328 ΜΨ·
1007 4266 1104 4318 ‘mm'
1124 4265 1262 4316 ‘ffdckm'
1276 4264 1297 4313 ι’
1314 4261 1407 4330 ‘upa'

177 4371 250 4420 minis
270 4368 549 4426 commemoratSnidas,
567 4368 694 4432 dequibus
706 4369 767 4419 baec

178 4437 268 4488 babet:
280 4429 413 4494 Σωτάδης
427 4425 579 4496 Ἀθηναῖος,
590 4429 767 4503 superaberis
852 4449 883 4484 m.
903 4435 961 4496 hog.
979 4427 1169 4498 ptasqqptau.
1197 4431 1250 4481 lion
1263 4431 1405 4494 Segueriau.

176 4501 262 4570 nataae
284 4497 438 4572 κωμῳδίας.
482 4505 580 4554 Sotades
609 4505 763 4564 Atheniensis,
816 4503 909 4580 hughe.
934 4501 1033 4551 Gobler.
1058 4508 1081 4576 εξ
1100 4499 1211 4576 felchm.
1231 4498 1253 4548 l.
1270 4491 1321 4545 τὸν
1337 4493 1407 4545 νοῦν

175 4581 246 4636 poeto
270 4577 371 4624 comicus
388 4572 478 4622 medice
496 4571 635 4622 comoediae.
671 4563 767 4620 Σωτά-
813 4583 862 4617 και
879 4565 997 4635 φρονεῖν
1013 4579 1071 4630 παρ
1099 4581 1114 4612 o
1132 4560 1175 4612 del
1190 4563 1315 4629 φρονεῖν.

1152 4646 1205 4695 10*

818 4345 864 4382 ros
883 4340 906 4383 et
925 4347 979 4384 ntor
998 4328 1117 4386 santae.
