3054 5236
447 381 562 428 conans
576 381 897 428 momenmentum
912 384 933 428 r.
1234 369 1296 433 877

13 550 233 611 mamque·
279 527 384 595 unum
419 531 459 595 sit
486 527 595 613 eorpus
623 533 794 608 amborum,
828 533 907 613 qnod
936 542 1081 614 qnatenus
1103 535 1231 614 Spiritus
1254 548 1383 601 esta-⁹2⁸·

17 631 182 713 articeps
213 635 395 714 spirituale
416 634 539 714 intelligi
562 635 703 708 ostendit,
726 644 872 715 quatenus
895 646 994 698 eutem
1016 637 1046 698 in
1068 637 1201 716 potentia
1217 638 1295 699 dun-

17 745 96 796 rxat
132 735 286 798 animae
321 738 480 810 immanet,
502 737 629 799 animale
650 737 721 799 illud
742 737 882 799 declarat
926 736 985 798 Cur
1006 745 1123 811 autem,
1154 739 1179 800 si
1202 739 1241 800 ite
1264 757 1297 800 ee

22 855 64 898 es
100 835 221 899 habet
253 847 299 900 ut
329 857 384 900 ros
413 838 528 911 dicitis,
558 857 620 900 non
649 837 741 900 homo
766 846 879 900 tantum
901 837 1009 900 dieitur
1031 837 1183 912 Christus,
1212 839 1296 918 quasi

19 957 126 1000 novus
163 939 317 1018 quidam
347 941 455 1012 bomo,
491 940 541 1019 qui
570 939 607 1000 de
630 939 718 1000 caelis
740 939 908 1012 advenerit,
941 939 995 1000 sed
1018 948 1046 1000 et
1068 939 1146 1000 filius
1168 939 1297 1002 hominis

23 1049 127 1104 notus
155 1039 246 1104 est?
303 1041 336 1104 Si
358 1041 448 1121 igitur
469 1040 500 1102 ln
522 1049 602 1102 terra
623 1041 718 1101 lactus
741 1049 790 1100 est
810 1040 888 1102 lilius
910 1039 1058 1112 bominis,
1087 1039 1157 1102 licet
1177 1058 1238 1101 non
1261 1059 1296 1102 ex

22 1143 156 1205 ‚emine
181 1144 268 1216 viri,
297 1143 352 1206 sed
373 1161 409 1204 er
431 1141 544 1222 Spiritu
568 1150 671 1203 sancto
694 1148 781 1204 natus
804 1141 854 1215 sit,
876 1142 1057 1221 Protoplasti
1079 1142 1129 1222 qni
1153 1161 1230 1204 unns
1253 1152 1300 1205 est

25 1245 133 1306 ldam
166 1243 266 1306 lilius
299 1243 488 1324 intelligetur.
531 1243 634 1323 Neque
656 1243 735 1306 enirn
757 1253 875 1323 praeter
895 1243 1055 1316 ddemum,
1084 1243 1134 1322 qui
1157 1261 1193 1306 ex
1216 1253 1294 1306 terre

23 1354 91 1420 est,
119 1346 214 1408 alius
242 1346 395 1426 quispiam
418 1346 585 1425 descriptus
608 1345 778 1418 esthamo,
801 1344 903 1432 qni'in
926 1344 1006 1407 eaelo
1029 1344 1127 1418 luerit,
1151 1352 1236 1407 utet
1258 1363 1294 1406 ex

28 1447 136 1510 caelis
160 1457 294 1530 corpus
316 1449 423 1512 babeat
444 1447 593 1518 Christus,
616 1455 645 1508 et
667 1446 745 1510 lilius
766 1446 897 1508 bominis
920 1445 961 1510 sit
982 1465 1017 1508 ex
1039 1445 1097 1508 alio
1119 1447 1290 1508 abddamo.

29 1549 261 1629 Quapropter
284 1550 448 1612 Matthaeus
471 1549 590 1628 quidem
613 1548 704 1610 lilium
720 1547 867 1610 Abrabam
889 1555 919 1608 et
940 1547 1031 1609 David
1053 1547 1136 1612 illum
1157 1547 1300 1610 describit

24 1650 231 1724 ‚seeundum
267 1667 400 1722 carnem,
423 1649 520 1714 Lucas
550 1668 621 1710 vero
644 1667 711 1710 eum
731 1647 811 1710 ldae
835 1659 865 1710 et
886 1649 938 1711 llei
961 1649 1067 1712 Filiam
1090 1657 1218 1712 enarrat.
1262 1649 1295 1712 Si
1323 1729 1327 1738 .

34 1752 161 1830 itaque·
180 1751 419 1830 Evangeliornm
441 1749 578 1832 discipuli
601 1751 686 1824 estis,
708 1769 747 1812 ne
768 1749 930 1830 loquamini
955 1749 1099 1812 adversus
1121 1751 1214 1814 Deum
1238 1751 1297 1814 ini-

41 1853 224 1930 quitatem,
261 1852 313 1916 sed
336 1852 505 1936 Scripturas
533 1869 640 1931 resque
669 1859 769 1931 gestas
797 1852 962 1914 sectamini.
1008 1852 1097 1924 Quod
1126 1853 1152 1914 si
1180 1864 1299 1932 praeter

43 1971 94 2022 ea,
122 1971 211 2030 quae
236 1953 347 2032 scripta
367 1961 453 2026 sunt,
476 1953 531 2014 alia
552 1953 633 2032 loqui
655 1953 686 2014 in
708 1953 808 2014 animo
831 1953 886 2028 sit,
909 1971 962 2015 cur
984 1953 1140 2016 adversum
1163 1971 1221 2015 nos
1243 1953 1298 2016 de·

48 2053 195 2126 certatis,
220 2055 276 2134 qui
297 2054 375 2118 nulla
397 2055 498 2118 audire
519 2055 566 2116 ael
587 2054 687 2134 eloqui
713 2053 896 2134 sustinemus
919 2062 1038 2135 praeter
1059 2073 1103 2126 ea,
1126 2073 1202 2134 quae
1217 2053 1294 2116 smi-

46 2163 104 2234 pta
129 2153 238 2217 sunt?
264 2156 498 2218 oumllominus
520 2155 613 2219 dicat:
641 2155 678 2218 Si
695 2159 873 2219 manseritis
895 2161 928 2218 ie
949 2175 1089 2220 sermone
1110 2174 1191 2228 meo,
1219 2173 1291 2218 uere

53 2255 153 2320 liberi
176 2259 280 2320 erate
363 2267 368 2274 ’
1341 2325 1346 2330 ,

147 2361 181 2424 9.
201 2415 216 2426 .
232 2359 299 2434 Quo
326 2368 412 2441 paeto
440 2359 531 2440 igitur
558 2366 610 2424 aut
631 2357 748 2421 Fideles
774 2367 824 2420 out
840 2357 1004 2424 'Christiani
1026 2357 1216 2432 habeamini,
1246 2359 1296 2438 qui

56 2474 162 2537 neque
185 2461 352 2524 secundnm
373 2459 462 2522 aerbo
484 2461 655 2540 Scripturae
676 2460 827 2534 inceditis,
857 2478 953 2541 nequo
975 2460 1065 2522 rebus
1088 2460 1181 2539 gestis
1203 2460 1292 2522 tidem
1349 2491 1354 2503 x

55 2561 199 2634 habetis,
230 2563 284 2624 sed
310 2562 426 2626 audetis
449 2580 497 2636 ea,
526 2579 601 2642 qnae
623 2579 711 2642 supra
733 2571 868 2624 naturam
890 2569 977 2634 sunt,
1006 2559 1153 2624 definiret
1197 2561 1380 2625 Num-enm.

24 2650 26 2660 ⁴
59 2661 135 2742 qaid
160 2679 279 2739 parum
307 2663 392 2725 cabis
421 2674 466 2726 est
491 2663 636 2726 achates
655 2682 718 2727 esse
740 2665 929 2735 tantoties,
953 2676 983 2728 et
1006 2681 1061 2726 aar
1083 2663 1205 2725 molesti
1224 2667 1296 2726 estis

24 2836 26 2841 ,
60 2762 225 2826 Domino?
266 2762 341 2826 Nam
369 2764 396 2826 si
423 2763 474 2843 apd
500 2765 658 2846 Prophetis
687 2783 748 2828 non
776 2765 968 2828 crediderunt
996 2763 1184 2826 condemnati
1217 2772 1298 2838 sunt,

65 2871 179 2942 mento
209 2863 301 2944 magis
328 2864 377 2944 qui
406 2883 466 2927 non
494 2865 673 2930 crediderint
694 2867 752 2947 ipsi
773 2865 926 2930 Domino?
972 2863 1090 2928 Etenim
1123 2883 1216 2944 qnae·
1231 2865 1298 2946 ipse

64 2965 160 3028 voluit
182 2973 213 3028 et
234 2983 309 3046 quae
330 2966 396 3046 ipse
416 2966 558 3028 arbitratu
580 2985 635 3030 suo
660 2968 720 3049 egit
741 2967 779 3028 ad
801 2967 1024 3046 abrogationem
1038 2966 1153 3045 peccati
1168 2971 1199 3026 et
1213 2983 1297 3027 mor-

69 3065 119 3139 tis,
142 3083 195 3129 oter
216 3068 274 3128 alio
296 3075 326 3128 et
347 3067 466 3130 diverso
488 3069 578 3132 modo
601 3085 741 3134 enarrare
763 3076 815 3130 aut
836 3069 966 3147 cogitare
988 3066 1131 3130 audetis?
1174 3067 1206 3128 Si
1222 3084 1296 3128 eon-

70 3167 190 3230 fitemur
210 3187 288 3240 eum,
310 3170 427 3248 etipse
447 3169 637 3234 confitebitur
658 3189 726 3243 nos,
750 3170 775 3230 si
790 3187 945 3249 negemus,
969 3177 1000 3230 et
1014 3169 1080 3247 ipse
1096 3185 1154 3228 nos
1169 3166 1297 3247 negabit,

72 3271 98 3330 si
121 3269 206 3332 iidem
226 3269 270 3332 illi
291 3287 352 3331 non
374 3271 529 3344 babemus,
552 3271 601 3333 ille
622 3271 717 3334 fidelis
734 3279 843 3344 manet,
865 3271 999 3351 seipsam
1015 3269 1095 3332 enim
1114 3285 1225 3348 nagan
1240 3285 1296 3332 na·

71 3371 142 3450 quit.
188 3370 340 3445 Quaenam
361 3371 452 3451 igitur
472 3372 643 3436 huiusmodi
664 3381 760 3434 restra
778 3373 924 3434 immensa
933 3371 1068 3445 stultitia,
1088 3382 1120 3434 nt
1134 3367 1298 3449 loquemini

73 3491 145 3552 quae
165 3473 274 3552 scripta
294 3491 356 3534 non
379 3481 464 3548 sunt,
494 3481 524 3536 et
550 3473 599 3536 illa
628 3474 782 3548 sentiatis,
818 3492 894 3554 quae
915 3473 1012 3535 aliena
1034 3479 1106 3534 sunt
1127 3491 1144 3532 a
1165 3467 1298 3551 pietate?

72 3573 186 3636 Etenim
205 3593 325 3636 carnem
345 3573 496 3638 Divinitati
517 3575 797 3638 consubstantialem
821 3575 920 3637 dicere
942 3573 1076 3648 audetis,
1107 3590 1168 3635 non
1190 3571 1296 3633 edver-
1404 3629 1412 3636 .

77 3681 169 3739 tentes
199 3676 229 3738 in
256 3675 403 3756 duplicem
430 3695 484 3740 ros
513 3677 654 3740 incidisse
682 3678 875 3757 impietatem.
911 3676 1033 3738 ldciroo
1066 3673 1145 3736 enim
1167 3674 1199 3736 in
1221 3672 1298 3733 bana

78 3776 247 3840 sententiam
268 3777 399 3840 animum
420 3778 593 3856 appulistis,
622 3787 654 3841 ut
681 3777 726 3842 vel
748 3797 868 3842 earnem
894 3777 1009 3858 negetis
1032 3777 1078 3840 vel
1100 3777 1130 3838 in
1152 3775 1296 3837 licitatum

114 3997 129 4044 l.
146 3997 177 4045 lta
189 3994 363 4054 Segoeriaons,
381 4007 452 4058 qoem
471 3995 546 4045 secati
564 4009 657 4046 snmus.
709 3997 733 4048 io
753 4012 800 4061 qao
819 4005 845 4046 ot
862 4005 886 4046 et
904 3997 927 4045 in
947 3995 1017 4045 editis
1035 3983 1110 4057 abaci
1129 3993 1204 4042 deest.
1233 3993 1297 4042 lnlra

83 4055 245 4138 Editiliyewv.
284 4060 358 4110 Panlo
384 4063 616 4126 postGoblerinnus
635 4071 658 4113 et
709 4065 810 4126 Segner.
835 4063 933 4114 Gobler.
956 4071 979 4112 et
997 4062 1101 4110 llelclm.
1122 4059 1144 4109 1.
1163 4052 1298 4126 ἱεέρωνῆ
1378 4089 1383 4098 ,

86 4128 198 4179 letoio!
227 4139 271 4174 ort
287 4120 312 4176 al
329 4120 411 4194 ὑμεῖς.
449 4127 501 4179 llos
518 4131 657 4191 Segaerien.
709 4126 797 4194 λέγειν
814 4121 839 4189 ἢ.
1162 4185 1169 4204 '

86 4197 172 4246 Gobler.
189 4195 290 4245 lelclm.
303 4195 325 4244 1.
345 4205 369 4244 et
387 4197 492 4246 Graecos
509 4197 596 4262 Script.
607 4204 656 4250 tex·
743 4201 759 4248 i.
784 4198 883 4248 Gcbler.
901 4203 924 4246 et
942 4196 1047 4245 l'elelm.
1061 4195 1081 4244 l.
1102 4185 1195 4243 abror.

87 4271 120 4314 tus
135 4257 228 4312 tuscas.
269 4262 330 4313 Editi
348 4255 417 4312 ἔστε.
744 4266 764 4313 l.
784 4265 883 4326 Segner.
901 4259 1055 4328 γινομένην.
1088 4263 1179 4313 ibidem
1198 4262 1299 4322 Segusa.

116 4347 135 4395 g.
152 4331 181 4382 lta
197 4331 335 4394 Segneriaa.
354 4331 452 4382 Gobler.
471 4339 494 4381 et
512 4331 618 4380 l‘elelru.
633 4332 654 4380 l.
708 4332 807 4382 Gohlcr.
826 4332 929 4381 Felelm.
942 4332 965 4380 1.
980 4321 1296 4392 concambiatam.

87 4398 140 4450 etta
160 4413 209 4450 vero
230 4391 258 4446 ai
278 4391 347 4463 priva
370 4399 428 4451 τοῖς
451 4411 502 4464 yar
521 4394 655 4464 cappadocas
706 4399 843 4449 Editiaero
861 4407 885 4449 et
903 4401 943 4450 elii
960 4392 1012 4457 τὴν
1029 4389 1198 4458 ἀπάντησιν,
1225 4397 1297 4446 dubia

88 4460 236 4533 πειθόμενοι,
254 4459 324 4532 μήτε
342 4465 399 4520 τοῖς
414 4411 573 4534 yeropfvoar
581 4477 655 4514 arae
707 4465 788 4518 lectio.

87 4533 189 4596 χοῦνῐες.
743 4535 758 4582 l.
778 4535 876 4596 Segner.
897 4534 995 4584 Gobler.
1012 4542 1037 4584 et
1051 4533 1188 4586 l'elolm.l.
1205 4524 1296 4606 ’frar-

120 4599 139 4652 l.
154 4602 188 4653 Sic
207 4617 291 4658 amaea
315 4617 374 4654 mss.
392 4612 489 4669 preater
506 4603 611 4654 lelolm.
624 4601 657 4665 l,
708 4613 752 4656 aas
768 4596 801 4662 di
821 4595 898 4668 ἡμεῖς
913 4597 963 4650 τὸν
977 4593 1126 4666 tanceas
1137 4593 1294 4664 ripaeursae.
