3054 5236
238 347 273 393 s.
292 349 472 394 tumtun
487 349 713 394 tuamensem
728 349 844 393 cossas
860 348 1089 392 ssosemssmu.
1236 329 1295 394 861

5 513 78 562 tem
106 517 210 565 num.
235 502 298 564 12.
328 502 425 582 quod
452 501 487 563 de
514 507 719 584 quaternitate
741 500 871 582 lepitur,
899 519 989 581 paam
1010 519 1029 562 α
1053 497 1217 561 Catholicis
1235 511 1386 578 pransu.

0 605 170 662 rinitate
207 603 341 664 induci
366 603 617 666 criminabantur
640 601 889 682 Apollinaristae,
912 602 1016 662 sedeas
1036 603 1187 662 sententis
1210 597 1302 660 habe-

29 722 51 764 r
71 703 193 783 Epist.
206 704 256 764 ad
269 703 475 784 Epictetum.
518 702 563 764 Ne
576 702 683 772 multa,
706 706 737 763 si
757 705 806 764 cui
828 701 919 762 libeat
940 701 1017 762 duos
1039 701 1189 762 adsersus
1206 698 1301 779 Apol-

1 809 171 868 inarium
199 803 321 868 libros
351 805 504 884 conferre
525 823 592 864 aum
613 803 684 864 aliis
701 802 863 862 Athanasii
876 801 1020 880 opiribus
1035 805 1221 881 maximeque
1236 819 1309 863 cuns
1377 859 1382 866 .

0 907 173 987 ..pistolis
203 905 253 967 ad
280 905 489 985 Epictetum,
510 904 551 965 ad
571 902 752 983 Adelphium
774 911 802 962 et
825 901 1070 972 aditomnium,
1094 910 1139 961 tot
1162 900 1215 961 ille
1238 900 1302 962 loca

0 1008 246 1089 eprehendet
284 1009 386 1068 inter
416 1023 448 1066 se
476 1003 605 1084 affinia,
637 1013 673 1064 ut
700 1003 737 1063 ab
766 1002 868 1064 eedem
885 997 1033 1082 prosecta
1053 1004 1208 1080 scriptore
1227 998 1305 1061 nihil

5 1109 172 1190 mbiqat.
228 1106 391 1172 Secundi
412 1105 486 1170 libri
506 1123 595 1186 quan
612 1106 712 1184 primi
729 1098 905 1188 γνηαιόαης
925 1107 1028 1164 me'ssus
1049 1105 1083 1162 in
1105 1104 1306 1181 suspicionem

2 1215 115 1280 venit,
144 1209 211 1271 sed
238 1217 371 1270 neuter
392 1225 502 1269 revera
525 1207 644 1268 dubins.
1036 1226 1044 1236 ·

112 1309 179 1372 nt.
235 1307 337 1372 Sane
353 1311 517 1390 permistis
536 1307 659 1388 pridem
680 1305 842 1368 Athanasii
862 1303 952 1368 libris
974 1322 1029 1365 nee
1051 1321 1108 1365 suo
1132 1302 1199 1365 leco
1216 1307 1305 1382 pasi-

13 1417 59 1474 tis
101 1409 297 1492 difficilius
336 1411 400 1490 fuit
427 1427 588 1489 permanes
617 1425 636 1468 α
664 1409 783 1488 spuriis
804 1409 1026 1468 internoscere.
1070 1403 1137 1465 dass
1158 1421 1233 1464 aera
1254 1401 1309 1463 ubi

15 1532 252 1598 quaecunque
281 1511 479 1592 Apollinarii
500 1517 637 1592 spactant
660 1508 801 1569 haeresin
824 1517 1043 1588 consapienter
1064 1504 1225 1574 locantur,
1247 1506 1306 1563 nsi-

15 1619 123 1677 noris
166 1633 230 1676 res
267 1623 323 1674 est
349 1615 471 1694 maeotii.
518 1609 670 1688 Continpit
698 1611 779 1670 enisi
800 1624 934 1687 semper,
970 1625 1037 1668 cuns
1058 1623 1139 1666 noea
1161 1605 1305 1664 moritur

22 1717 199 1784 haeresis,
227 1729 326 1774 nova
346 1715 418 1772 item
439 1710 533 1772 cerba
554 1728 707 1790 novasque
728 1713 895 1771 sententies
918 1712 1000 1768 inter
1022 1707 1223 1785 disceptantes
1244 1722 1304 1764 usu

22 1819 166 1877 venire.
225 1813 345 1886 Quare
365 1811 412 1872 nil
431 1814 552 1894 mirum,
575 1814 605 1872 si
623 1815 657 1871 in
673 1815 842 1891 postremis
866 1791 1327 1885 hisceeentraApallinariuss'

29 1915 250 1978 tractatibus
280 1913 427 1994 quaedam
448 1912 615 1975 insolenter
633 1912 712 1973 dieta
734 1915 944 1992 repertantur.
993 1907 1090 1981 Quae'
1103 1919 1202 1968 tanes
1224 1904 1306 1966 haud

29 2022 83 2079 ita
108 2015 227 2077 multa
254 2025 342 2076 sunt.
386 2013 426 2076 m
446 2018 478 2076 si
495 2017 583 2076 initio
602 2016 701 2093 premi
720 2020 833 2073 cantra
853 2009 1081 2091 Apollinarium
1103 2007 1179 2068 libri
1197 2023 1306 2067 occur-

37 2127 126 2179 runt
159 2114 345 2186 mannua,
374 2132 450 2196 quoe
478 2115 641 2176 Athanasii
671 2114 813 2193 fortasse
841 2113 998 2174 dictionem
1025 2113 1126 2170 minus
1155 2108 1304 2187 referant,

38 2217 144 2280 nulla
183 2217 263 2280 hinc
294 2217 434 2292 νοθείας
463 2220 651 2282 coniectura.
693 2213 919 2274 Advertenduss
946 2215 1027 2274 enine
1047 2211 1088 2272 ad
1107 2212 1237 2269 mucan
1258 2207 1307 2270 hie

44 2319 273 2404 responderi,
301 2321 354 2400 qui
374 2312 447 2380 suas'
469 2329 538 2379 eum
558 2314 793 2396 Apollinaristis
815 2315 1037 2394 disputationes
1059 2310 1227 2371 Athanasio
1249 2326 1304 2369 re-
1427 2335 1433 2344 ·

11 2450 15 2459 »
46 2430 255 2496 sensuam,-
284 2437 378 2500 φατι
405 2417 581 2480 rescribens
604 2417 705 2478 eadem
725 2416 762 2477 de
783 2435 821 2480 re
838 2415 1028 2476 Athanasius
1050 2430 1113 2473 non
1127 2428 1200 2472 suas
1214 2411 1303 2473 sssdo

13 2545 17 2555 ·
51 2520 182 2597 sibique
209 2519 400 2598 familiares,
430 2519 484 2580 sed
505 2521 596 2580 amici
615 2535 732 2598 quaque
749 2527 783 2600 et
803 2515 1103 2596 apollinaristarum
1124 2529 1211 2575 osen
1231 2531 1305 2575 sers-

51 2621 245 2697 tentiasque
273 2601 423 2698 usurpat,
451 2619 532 2699 quod
558 2620 628 2696 sere
653 2619 690 2698 fit
715 2622 799 2681 inter
820 2619 1025 2698 disputantes.
1068 2611 1105 2676 dd
1125 2625 1225 2675 auen
1246 2615 1303 2678 tub

55 2717 192 2778 initium
225 2728 346 2782 tantum
373 2729 546 2798 coemant,-
573 2723 606 2782 iss
628 2719 878 2812 subsquentibus
901 2719 982 2779 enin
1001 2731 1104 2786 neno,
1133 2719 1184 2782 eui
1203 2715 1303 2794 stylus

59 2817 240 2882 Athanasii
258 2829 351 2882 notus
373 2822 424 2893 sit,
448 2835 510 2880 nen
532 2801 698 2902 lequentem
720 2821 926 2884 Athanasium
946 2815 1098 2878 adaemst.

156 2917 211 2982 lv.
255 2919 396 2986 Gelonem
417 2921 505 2999 qua'm
526 2925 611 2982 eane
632 2924 721 2984 circa
731 2921 847 2984 Christi
860 2935 1030 3008 personans
1050 2931 1194 2982 errarent
1208 2919 1304 3001 Apol·

68 3019 248 3093 linaristae
271 3039 417 3102 quamque
434 3039 547 3100 parum
566 3021 627 3083 sibi
644 3034 752 3084 mutuo
777 3032 963 3090 constarent,
986 3019 1069 3084 hul
1088 3020 1182 3082 semel
1203 3021 1249 3082 his
1270 3025 1304 3084 in

70 3121 164 3186 libris
195 3133 323 3186 enarrat
349 3122 544 3186 Athanasius.
587 3121 651 3183 Alii
677 3127 756 3184 mem
785 3119 912 3184 Verbum
935 3121 1088 3201 putabant
1114 3121 1182 3185 sala
1206 3129 1311 3204 specie·

69 3242 201 3288 carnem
221 3227 411 3295 assumsisse,
434 3223 491 3286 alii
512 3241 635 3284 carnem
650 3223 806 3285 caelestem
820 3230 850 3284 et
862 3219 1029 3286 mnedtam
1041 3225 1156 3306 sibique
1170 3225 1303 3286 consub-

16 3374 18 3390 .
71 3325 252 3392 stantialen
278 3323 405 3387 Verbum
426 3324 572 3388 induisse.
616 3322 745 3386 Mentem
766 3340 840 3384 aero
863 3321 1024 3386 hunam
1044 3335 1150 3406 utpote
1167 3329 1333 3406 peccatis·

68 3425 221 3506 malisque
250 3425 483 3506 capitationibus
513 3426 676 3494 obneniam
701 3442 721 3485 a
745 3421 840 3486 Verbo
867 3437 1032 3490 assumtam
1059 3431 1180 3490 minem
1199 3427 1298 3506 [uisse

68 3527 268 3606 pupnebant5
312 3544 389 3610 quae
427 3527 493 3606 sm’t
526 3525 822 3608 Apollinaristarum
856 3526 1014 3593 haeresees
1051 3533 1141 3612 quasi
1174 3538 1299 3592 tessera.
1381 3551 1390 3564 .

73 3627 285 3709 Apellmorius
308 3639 421 3698 tomen,
447 3625 552 3690 Vitalis
574 3637 605 3689 et
625 3631 654 3689 si
674 3633 729 3710 qui
747 3627 805 3691 alii
825 3627 916 3692 huim
938 3641 1037 3694 sectae
1058 3631 1209 3705 honines,
1233 3646 1302 3690 cuns

76 3747 139 3792 sese
168 3747 188 3790 a
211 3727 373 3793 Catholicis
401 3732 513 3807 arperi
539 3741 711 3800 cernerent,
742 3748 865 3792 earnem
887 3731 1005 3793 Christi
1023 3742 1150 3792 nostrae
1171 3727 1298 3792 mutilen

26 3888 31 3904 ,
77 3848 141 3891 esse
163 3839 252 3908 atque
274 3845 312 3890 en
335 3826 436 3888 Maria
456 3838 622 3890 assumtam
640 3831 836 3908 fatebantur,
859 3835 918 3892 inm
940 3835 1072 3891 asemon
1092 3847 1223 3910 qnoque,
1246 3829 1388 3893 sednon.
1460 3837 1468 3852 ·

78 3938 196 3990 tantu-m
218 3925 403 4000 sensitivam,
427 3927 477 3990 nel
495 3936 530 3989 ut
552 3932 597 3992 ait
616 3927 725 3992 Suielas
747 3933 879 3992 aninsam
900 3927 1022 4008 vitalem
1044 3929 1078 3988 in
1102 3927 1221 3990 Christo
1244 3930 1300 3991 ad-

79 4019 246 4093 mittebant.
290 4025 443 4090 Hactenus
472 4029 506 4090 de
527 4028 614 4092 libris
638 4041 745 4094 contre
767 4029 1009 4112 Apollinarium,
1038 4044 1113 4108 quos
1133 4033 1299 4108 postremis

82 4129 240 4192 Athanasii
259 4131 338 4190 oitae
360 4133 450 4192 annis
472 4135 659 4214 conscriptos
678 4142 834 4212 putamus,
857 4146 938 4192 anno
964 4131 1085 4192 circiter
1095 4131 1178 4200 372,
1202 4139 1299 4207 atque,

81 4239 225 4324 setppatet,
244 4239 317 4310 post
336 4229 503 4310 Epistolom
525 4232 564 4293 ad
578 4231 755 4314 Epictetum,
777 4235 811 4292 in
832 4248 892 4310 qua
914 4246 1038 4290 errores
1053 4231 1201 4294 eiusmodi
1214 4229 1303 4310 quasi

84 4333 224 4397 haetenus
255 4332 408 4394 inauditos
436 4344 571 4408 recenset
592 4334 787 4396 Athanasius.
832 4329 897 4392 Hac
927 4331 961 4391 ds
989 4348 1024 4390 re
1051 4331 1155 4410 fusius
1183 4335 1217 4394 in
1239 4332 1303 4390 vita

84 4434 238 4497 Athanasii
258 4433 299 4514 [p.
316 4433 508 4498 LXXXVIII:
532 4434 590 4516 col.
607 4433 663 4508 21.
738 4507 743 4512 ¹

533 4589 841 4604 ’.ι-ἰ--Ἀ--ΙΦ
