3258 5276
571 368 678 412 enemo
693 369 713 412 r.
730 368 847 413 coum
859 369 995 414 munos.
1327 353 1392 420 2³7

164 518 285 598 lsrqitor
311 501 402 579 bom'o
429 517 526 579 nostri
554 518 660 581 similis
686 520 728 581 sit
758 505 891 582 ebertus
936 519 1074 582 Ceterum
1097 520 1162 598 ipse
1182 519 1317 583 Salvator
1339 535 1476 583 sesua.

165 621 260 700 ipsam
283 617 456 690 humiliavit,
478 637 545 682 rum
565 629 702 682 nostrum
724 615 843 682 bumilo'
857 637 968 699 eorpus
989 620 1101 699 aeeepit
1114 621 1249 700 servique
1264 622 1391 684 sormam

165 720 275 792 induit.
304 739 370 782 eom
399 739 536 795 εεεεειη,
565 739 642 801 quse
668 731 789 800 peceato
818 721 984 799 mancipata
1012 729 1090 790 erat,
1120 723 1268 782 assumsit.
1312 722 1391 784 Nihil

166 831 260 884 eutem
283 815 359 901 ipse,
382 841 441 902 quo
462 822 569 884 melior
589 822 685 896 fieret,
709 841 724 882 a
746 821 836 884 nobis
859 820 973 893 babuit,
995 819 1142 898 siquidem
1157 821 1233 882 nubs
1254 841 1288 882 re
1311 823 1389 884 iudi-

165 923 298 1004 getsed
319 921 439 1002 plenum
462 931 493 984 et
513 923 677 1002 perfeetum
699 930 748 984 est
767 921 821 982 llei
838 920 977 982 Verbum.
1014 921 1130 992 Verum,
1145 939 1201 980 nos
1223 921 1271 983 ille
1293 923 1392 1000 potius

165 1024 259 1088 elleeit
280 1023 432 1086 meliores.
475 1023 548 1086 Nam
578 1025 645 1103 ipse
666 1023 715 1085 lux
738 1032 803 1096 est,
837 1041 913 1104 quae
934 1021 1079 1084 illuminat
1102 1040 1220 1083 omnem
1242 1023 1392 1086 bominem

164 1126 329 1188 venientem
351 1124 382 1186 in
404 1124 557 1186 mundum.
601 1124 722 1186 Frustra
744 1141 835 1203 porro
856 1123 956 1184 Ariani
978 1121 1189 1184 coniunctione
1209 1123 1326 1188 ideirco
1345 1123 1478 1184 niens.

165 1235 278 1300 tuntnr,
298 1225 349 1287 ubi
371 1226 511 1288 nimirum
534 1226 575 1287 ait
595 1225 722 1287 Paulus:
743 1225 863 1288 Idcirco
885 1237 914 1288 et
928 1225 1009 1288 Deus
1031 1223 1183 1286 exultauit
1204 1223 1304 1286 illum.
1333 1223 1395 1287 Nec

165 1328 241 1389 onim
263 1327 347 1388 bisce
368 1327 469 1388 verbis
491 1327 655 1408 praemium
677 1325 794 1388 virtutis
816 1326 861 1386 rel
882 1325 1096 1388 incrementum
1113 1325 1144 1386 in
1167 1324 1274 1386 melius
1297 1309 1393 1404 signi-
1486 1335 1492 1350 “

165 1429 276 1503 boant,
303 1429 356 1490 sed
385 1429 482 1490 nostri
510 1447 599 1490 eausa
627 1428 732 1491 laetam
763 1419 982 1488 exultationem.
1026 1426 1104 1498 Quid
1125 1445 1196 1488 vero
1218 1425 1289 1488 illud
1305 1421 1392 1490 ¹aliud

166 1539 226 1602 est,
256 1549 344 1609 quam
367 1548 450 1604 eum,
479 1529 582 1610 quiin
604 1531 699 1592 lorma
722 1527 776 1590 [lei
798 1519 878 1614 erat,
906 1527 1144 1608 nobilissimique
1165 1527 1261 1590 Patris
1283 1527 1390 1590 Filium

166 1631 297 1712 seipsum
319 1629 502 1702 humiliasse,
525 1641 555 1692 et
576 1631 673 1694 nostri
694 1631 760 1692 vioe
782 1647 817 1691 uo
830 1637 954 1709 propter
967 1647 1025 1689 nos
1040 1647 1160 1690 serrum
1176 1647 1242 1690 esse
1256 1627 1391 1692 laetum?

163 1731 227 1794 Nisi
251 1722 497 1804 enim'llominus
520 1729 610 1791 bomo
632 1731 742 1792 luisset
762 1729 872 1802 iaetus,
900 1747 1048 1808 nunquam
1070 1747 1127 1791 uos
1150 1749 1166 1791 a
1187 1731 1316 1810 puocatis
1337 1750 1389 1792 re-
1429 1729 1435 1740 '

166 1831 239 1892 dimi
260 1832 307 1892 vel
328 1851 345 1892 a
366 1828 493 1892 mortuis
516 1831 636 1891 excitari
656 1831 876 1910 potuissemus,
905 1831 958 1892 sed
986 1831 1094 1892 mortui
1123 1831 1180 1892 sub
1208 1839 1317 1893 terram
1339 1850 1390 1892 re-

165 1929 397 2013 mansissemus,¹
419 1948 517 2008 neque
536 1949 662 2010 unquam
677 1931 709 1992 io
730 1932 828 1993 caelos
850 1931 1012 1993 fuissemus
1034 1932 1136 2006 eventi,
1160 1931 1213 1994 sed
1236 1933 1266 1992 in
1289 1932 1394 1994 inieris

166 2031 378 2094 iacuissemuss
414 2030 515 2110 ltaque
536 2041 659 2112 propter
679 2050 735 2094 nos
757 2041 787 2094 et
806 2051 862 2112 pro
884 2032 974 2094 nobis
996 2032 1065 2094 illud
1088 2033 1197 2095 dietum
1221 2044 1282 2096 est:
1305 2033 1394 2097 smol·

165 2135 246 2195 tavit
268 2140 298 2193 et
319 2133 466 2194 donauit:
556 2153 559 2158 ·

249 2337 301 2398 44.
345 2333 429 2394 Hunc
449 2353 503 2413 ego
519 2351 644 2396 sensum
659 2333 749 2396 buius
764 2333 824 2395 loei
840 2353 921 2406 esse,
944 2334 1131 2415 eundemque
1152 2339 1278 2400 maxime
1293 2339 1392 2401 eecle-

161 2435 313 2498 siastieum
335 2435 474 2497 arbitror.
516 2436 583 2496 sliu
605 2443 707 2496 tamen
728 2433 821 2523 modo
844 2433 897 2495 sed
919 2436 982 2514 pari
1002 2437 1147 2500 sententia
1163 2439 1241 2500 idem
1263 2441 1303 2503 ita
1325 2440 1397 2502 lioet

158 2537 364 2618 interpretari,
387 2545 421 2598 ut
443 2555 552 2614 nempe
574 2535 636 2595 illis
658 2532 759 2594 uerbis
781 2552 839 2595 non
862 2535 1023 2608 indicetur,
1046 2539 1174 2602 Verbum
1197 2541 1294 2620 ipsum
1317 2559 1394 2618 qua-

158 2647 246 2702 tenus
269 2615 469 2700 nervosum
491 2634 632 2705 exaltem
652 2651 732 2706 nam,
753 2641 784 2694 nt
805 2634 892 2713 paulu
914 2643 983 2698 ante
1004 2638 1193 2712 oudinum,
1215 2639 1394 2700 altissimum

161 2740 322 2816 simileque
347 2736 448 2796 Patris
470 2743 526 2795 est.
570 2733 678 2822 yernm
706 2734 875 2798 huiusmodi
904 2737 983 2799 dioto
1012 2740 1192 2808 resurreetio
1221 2758 1236 2799 a
1266 2737 1396 2800 mortuis

165 2836 349 2916 signilioatur
371 2843 503 2914 propter
523 2835 678 2896 humanam
706 2837 742 2897 ab
772 2856 808 2898 eo
830 2847 993 2900 assumtam
1021 2847 1167 2901 naturam.
1210 2838 1286 2899 Hine
1307 2846 1395 2916 post-

166 2954 256 3015 quam
278 2935 367 2995 dixit:
398 2935 566 2998 humiliavit
586 2942 773 3018 semetipsum
794 2958 888 3020 usque
908 2941 949 3002 od
969 2951 1115 3012 morters,
1146 2939 1245 3000 statim
1267 2938 1396 3000 addidit:

167 3039 284 3098 ideireo
305 3013 469 3109 helluoni,
497 3035 610 3115 quibus
632 3035 851 3119 utiqueuorbis
873 3039 934 3101 ruit
957 3039 1133 3111 ostendere,
1156 3058 1239 3113 eum,
1263 3039 1397 3120 quamuis

169 3145 313 3216 quatenus
335 3135 427 3196 bomo
450 3145 496 3197 est
517 3145 650 3200 mortuns
672 3157 741 3200 esse
764 3139 887 3213 dieitur,
916 3147 947 3200 at
968 3149 1115 3218 quassum
1138 3147 1187 3200 est
1207 3140 1266 3203 rita
1288 3159 1393 3202 resur-

165 3238 301 3298 reetione
316 3236 474 3298 exaltatum
497 3237 605 3312 luisse3
626 3257 696 3301 nam
719 3243 772 3320 qui
789 3241 950 3310 descendit,
973 3243 1038 3320 ipse
1059 3251 1105 3302 est
1127 3253 1156 3305 et
1176 3246 1230 3322 qui
1248 3244 1392 3306 asendit.

161 3335 316 3416 Siquidem
339 3357 466 3417 corpore
486 3338 657 3413 deseendit,
684 3341 850 3402 resurrexit
871 3359 959 3414 sero,
987 3340 1055 3419 quia
1085 3341 1148 3420 ipse
1169 3340 1249 3404 Deus
1278 3351 1339 3405 erat
1362 3345 1393 3405 in

161 3456 304 3518 eorpore3
326 3438 457 3518 baeoque
477 3457 583 3502 rursus
605 3459 695 3502 eausa
718 3449 774 3514 est,
797 3461 852 3503 eur
866 3461 903 3504 eo
920 3461 1012 3504 sensu
1026 3443 1263 3506 coniunctionem
1279 3445 1394 3508 ideireo

135 3527 342 3612 adbibuerit,
372 3559 448 3619 quae
477 3558 532 3602 neo
552 3541 672 3602 virtutis
694 3559 752 3602 nee
772 3542 947 3606 inerementi
971 3543 1093 3606 dionius
1122 3545 1289 3608 mercedem
1312 3545 1392 3606 indi-

161 3649 256 3718 taret,
277 3641 341 3702 sed
364 3659 483 3704 oausam
506 3641 684 3714 dederaret,
712 3651 835 3724 propter
863 3664 950 3724 quam
972 3647 1046 3708 laeta
1069 3656 1117 3708 est
1137 3646 1334 3717 resurreetio,
1364 3653 1396 3707 et

162 3759 253 3819 quare
283 3741 331 3802 alii
358 3741 476 3820 quidem
504 3741 642 3804 homines
670 3743 707 3804 ab
728 3744 819 3806 Adam
849 3746 885 3806 ad
914 3747 973 3808 boo
1000 3765 1095 3824 usque
1127 3753 1244 3824 tempus
1265 3753 1394 3806 mortem

162 3840 293 3902 obierint
315 3841 481 3921 mortuique
504 3845 681 3916 manserint,
709 3846 793 3906 solus
822 3864 893 3906 sero
922 3846 970 3906 ille
999 3846 1113 3922 integer
1135 3863 1170 3904 ex
1192 3845 1318 3906 mortuis
1340 3863 1391 3905 re-

163 3941 337 4003 surrexerit.
382 3941 580 4006 llaee·autem
603 3963 691 4006 eausa
713 3945 761 4006 illa
784 3954 846 4019 est,
876 3965 964 4024 quam
993 3945 1060 4024 ipse
1087 3943 1170 4023 prius
1197 3963 1255 4006 nos
1283 3943 1395 4016 docuit,

162 4099 230 4170 utet
247 4093 356 4144 Nunnius
375 4095 454 4156 legit!
474 4095 519 4145 stit
538 4101 561 4146 et
575 4097 649 4147 editio
659 4097 752 4148 comm.
805 4090 986 4174 llasjlsqrissq
1005 4093 1175 4210 sequuturis,
1194 4089 1292 4156 &tau
1311 4089 1340 4143 δὲ
1353 4087 1397 4172 ,ὥς

161 4169 207 4206 και
224 4152 254 4208 ἐν
274 4152 405 4238 ὅμειῶσει
420 4157 525 4230 πατρὸς
542 4155 610 4214 uio'r.
804 4162 883 4216 door,
905 4175 981 4242 πῃ
999 4161 1032 4212 ds
1049 4178 1088 4242 r.⁸
1110 4165 1160 4244 ΙἰΙιι
1188 4180 1243 4244 refu
1271 4163 1395 4240 et‘edrno

163 4229 754 4373 gluttititttttzttl‘t'nl'tltsl
804 4220 924 4347 istil·
937 4225 1257 4350 ttlttttt‘l‘ln
1275 4243 1332 4362 itt
1348 4242 1415 4342 :lt-

164 4372 259 4438 opoqoc
276 4376 316 4409 ων
332 4361 380 4426 τῷ.
415 4365 514 4414 Gobler.
532 4367 600 4440 item„
607 4373 631 4414 et
648 4365 753 4415 Felclrm.
772 4405 787 4434 Ι.
803 4359 867 4428 stae
886 4365 982 4417 babent.
1402 4425 1403 4436 ¹

165 4425 188 4502 ἰ.
206 4442 246 4476 ων
263 4430 360 4478 sudant.
395 4429 458 4480 Editi
476 4431 566 4495 aliique
583 4426 755 4493 εψιετοςιαί
839 4447 860 4493 q.
879 4435 981 4497 Sequar.
1004 4428 1049 4482 soi
1072 4425 1103 4482 ir
1119 4431 1153 4500 τῇ
1170 4428 1281 4495 διανοίᾳ
1297 4424 1393 4496 surim.

122 4505 259 4555 -·⁰l⁴0wr
275 4493 315 4560 τῷ
332 4497 425 4562 πατρί.
804 4497 870 4550 idom
888 4504 962 4565 paulo
980 4510 1037 4566 post
1054 4491 1088 4546 δι’
1110 4491 1143 4558 ἣν
1160 4492 1319 4549 ἀνάστασις.

196 4561 214 4611 l.
230 4563 369 4614 setonam
382 4566 406 4614 5.
430 4558 477 4636 zai
493 4555 623 4620 bande.
658 4565 749 4620 lbideru
838 4567 862 4616 b.
881 4561 1045 4631 sequensei
1062 4567 1158 4616 omittit.
