3250 5292
221 311 286 406 464
452 341 457 350 '
563 343 567 350 '
625 355 651 400 ι.
666 353 1057 400 ιτιιιιιοιιικοιυιειεοονι
1134 385 1136 390 .

135 525 280 586 ταυτας
300 507 361 574 τοῦ
382 502 510 591 πατρὸς
529 502 625 588 χάριν
646 502 701 568 καί
724 499 853 588 είρῆνην
875 495 976 587 αὐτὴν
997 503 1052 568 καί
1076 496 1181 580 δυίὸς
1195 501 1342 584 δίδωσιν,
1366 497 1448 583 ῶςό

217 607 359 683 ’Παῦλος
380 603 636 692 ἐπισημαίνεται
656 600 714 668 διὰ
735 600 847 689 πάσης
869 601 1048 690 ἐπιστολῆς
1068 601 1222 690 γράφων·
1249 602 1344 691 χάρις
1368 599 1449 689 ῦμίν

221 705 278 774 καί
305 703 414 793 εἰρήνη
443 697 513 772 άπὸ
540 705 624 771 θεοῦ
652 701 781 787 πατρὸς
808 697 901 789 ἡμῶν
922 702 979 772 καί
998 710 1111 790 κυρίου
1130 699 1235 790 Ἰησοῦ
1256 708 1446 792 Χριστοῦ).

220 811 284 892 μία
303 805 366 892 γὰρ
386 804 443 872 καί
463 799 484 892 ἡ
506 797 588 892 αῦτῆ
608 801 704 888 χάρις
726 803 795 879 ίστί
819 804 914 890 παρὰ
935 805 1063 892 πατρὸς
1084 804 1119 872 ίν
1134 805 1205 892 υίηῦ,
1229 801 1274 884 ῶς
1289 805 1379 874 ἔστιν
1393 809 1448 876 ’ἓν

220 905 260 974 τὸ
289 908 363 995 φῶς
390 907 449 972 τοῦ
478 901 573 992 ῆλίου
600 902 657 971 καί
683 906 743 971 τοῦ
766 899 1043 992 άπαυγάσματος,
1072 904 1188 973 καὶτὸ
1210 907 1365 994 φωτίζειν
1386 910 1446 975 τοῦ

220 1001 315 1096 ἡλίου
344 1005 401 1074 διὰ
428 1009 487 1073 τοῦ
515 999 777 1092 όπαυγάσματος
799 1012 937 1093 γίνεται.
976 1003 1063 1074 οῦτω
1084 1009 1163 1094 γοῦν
1185 1005 1288 1076 πάλιν
1310 1007 1448 1092 ἐπευχό-

219 1131 319 1193 μενος
342 1107 620 1175 Θεσσαλονικεῦσι
652 1105 708 1174 καί
739 1108 858 1193 λέγων·
892 1101 991 1188 αὐτὸς
1023 1109 1060 1176 δὲ
1087 1105 1127 1175 ¹³6
1155 1107 1239 1188 θεὸς
1259 1111 1314 1177 καί
1334 1109 1446 1197 πατὴρ

220 1204 314 1298 ἡμῶν
347 1211 401 1276 καί
435 1204 454 1275 6
481 1207 592 1294 κύριος
617 1201 739 1296 Ἰησοῦς
760 1207 909 1294 Χριστός
937 1208 1138 1278 κατευθῦναι
1165 1208 1224 1296 τὴν
1253 1205 1331 1278 ὁδὸν
1352 1207 1449 1298 ἡμῶν

141 1301 147 1308 ’
220 1308 307 1398 πρὸς
326 1303 451 1393 ῦμᾶςῆ,
474 1305 533 1396 τὴν
554 1307 692 1396 ἑνότητα
713 1310 773 1374 τοῦ
795 1309 924 1396 πατρὸς
944 1308 1000 1376 καί
1020 1313 1079 1375 τοῦ
1101 1309 1175 1375 υἱοῦ
1198 1309 1367 1396 ἐφύλαξεν.
1406 1309 1445 1382 οῦ

54 1501 56 1510 ¹
219 1409 282 1498 γάρ
305 1403 380 1478 είπε
401 1408 649 1490 κατεοθόνοιεν,
674 1404 720 1489 ῶς
741 1410 835 1495 παρὰ
856 1409 915 1476 δύο
938 1410 1111 1496 διδομένης
1132 1409 1227 1496 παρὰ
1248 1409 1366 1476 τούτου
1388 1415 1444 1478 καί
1495 1407 1498 1412 ’

153 1541 157 1552 ·
219 1509 338 1578 τούτου
361 1510 482 1597 διπλῆς
501 1509 651 1596 χάριτος,
681 1505 767 1577 ἇλλδι
787 1509 1001 1589 κατευθῦναι,
1025 1509 1081 1576 λ’να
1103 1509 1192 1598 δείξῃ
1216 1505 1270 1577 ότι
1291 1504 1310 1576 6
1331 1511 1445 1596 πατὴρ

220 1605 262 1678 δι’
286 1611 360 1679 υλοῦ
383 1610 502 1678 δίδωσι
521 1608 657 1698 ταύτην·
680 1610 717 1692 ἐξ
737 1600 784 1678 ῶν
804 1605 880 1698 οκῆῗν
899 1609 1058 1698 ἒρυθριᾷν
1072 1611 1105 1678 σί
1120 1597 1252 1698 άσεβείς
1267 1609 1441 1695 δυνάμενοι

220 1705 258 1778 οῦ
279 1710 466 1799 βούλονται.

306 1819 361 1905 12.⁸
399 1812 442 1880 Εί
468 1811 530 1899 γάρ
558 1810 603 1900 μῆ
631 1800 670 1898 ἦν
699 1811 813 1900 ἑνότης
833 1815 888 1880 καὶ
911 1813 999 1881 ἴδιον
1020 1815 1078 1901 τῆς
1098 1814 1157 1879 τοῦ
1181 1811 1307 1899 πατρὸς
1329 1805 1448 1890 οὖσίος

143 1989 146 1992 ,
185 1921 191 1928 “
217 1919 361 2003 γέννημα
382 1909 401 1980 6
424 1915 534 2000 λόγος,
570 1909 615 1992 ῶς
635 1911 675 1980 τὸ
698 1907 902 2000 ἀπαύγασμα
922 1916 982 1981 τοῦ
1005 1912 1132 2002 φωτός,
1162 1907 1248 1980 ἀλλὰ
1270 1910 1447 2000 διειστήκει

217 2018 259 2103 τῆ
282 2013 384 2104 φύσει
405 2010 424 2080 6
446 2012 518 2092 υίὸς
540 2016 618 2080 ιιτοῦ
640 2012 777 2101 πατρός,
800 2011 892 2102 ἤρκει
912 2013 971 2081 τὸν
985 2019 1116 2100 πατέρα
1132 2005 1374 2098 δοῦναίμόνον,
1390 2005 1447 2080 οὗ·

219 2115 312 2193 δενός
332 2117 399 2181 τῶν
420 2116 563 2201 γενητῶν
585 2113 878 2194 ἐπικοινωνοῦντος
900 2114 986 2201 πρὸς
1006 2113 1064 2180 τόν
1086 2113 1296 2199 πεποιηκότα
1318 2113 1353 2182 ἐν
1374 2122 1448 2192 τοῖς

219 2215 423 2299 διδομένοις·
444 2217 501 2280 νῦν
524 2215 561 2281 δὲ
582 2211 602 2302 ῆ
625 2216 779 2303 ’τοιαύτη
802 2215 895 2296 δόσις
916 2216 1061 2282 δείκνυσι
1075 2214 1134 2301 τὴν
1149 2213 1288 2303 ἑνότητα
1302 2216 1361 2282 τοῦ
1379 2239 1450 2280 πα-

218 2313 297 2402 τρὸς
329 2316 387 2381 καί
416 2317 476 2380 τοῦ
510 2313 594 2381 υἱοῦ.
641 2311 716 2384 ὀῦκ
746 2311 786 2385 ῶν
808 2319 886 2404 γοῦν
908 2313 1039 2397 εῦξαιτό
1060 2340 1112 2394 τις
1134 2316 1248 2401 λαβεῖν
1271 2313 1366 2401 παρὰ
1385 2316 1449 2420 τοῆ

217 2431 232 2472 ⁸
238 2419 323 2484 θεοῦ
344 2418 399 2482 καί
420 2418 487 2482 τῶν
509 2411 653 2501 ἀγγέλων
674 2411 696 2505 ἢ
717 2417 812 2504 παρά
832 2441 923 2497 τινος
942 2419 1009 2484 τῶν
1031 2414 1141 2484 ἄλλων
1154 2415 1352 2501 κτισμάτων,
1369 2409 1432 2481 οῦδ

220 2510 261 2586 ἂν
284 2517 379 2586 είπσι
399 2537 467 2595 τις·
490 2515 557 2604 δῴη
581 2539 636 2583 σοι
660 2513 678 2582 6
700 2518 783 2596 θεὸς
803 2521 877 2586 ΙΙκαί
901 2513 919 2584 6
942 2515 1085 2604 άγγελος,
1110 2512 1194 2584 ἀλλὰ
1208 2513 1467 2603 παρὰπατρὸς.

219 2620 355 2686 καὶτοῦ
377 2618 450 2684 υίσῦ
473 2615 531 2684 διὰ
551 2617 611 2706 τῆν
634 2616 771 2704 ἑνότητα
792 2621 847 2686 καί
869 2617 927 2706 τῆν
950 2619 1076 2704 ἑνοειδῆ
1093 2617 1197 2685 δόσιν.
1236 2616 1293 2684 διὰ
1307 2616 1369 2703 γὰρ
1384 2617 1445 2682 τοῦ

219 2720 294 2788 υίοῦ
323 2720 455 2790 δίδοται
475 2717 518 2785 τὰ
540 2717 714 2803 διδόμενα·
743 2712 842 2804 οὐδὲν
861 2721 903 2786 δέ·
920 2719 1025 2798 ἔστιν,
1056 2717 1073 2786 ὃ
1094 2718 1140 2808 μὴ
1163 2714 1204 2787 δι’
1229 2717 1301 2784 υἱοῦ
1324 2716 1450 2802 ἐνεργεῖ

220 2817 239 2887 6
261 2820 381 2909 πατήρ,
405 2816 493 2887 οῦτω
514 2818 575 2906 γὰρ
598 2821 652 2888 καί
675 2815 694 2886 6
715 2818 826 2905 λαβὼν
848 2814 983 2907 ἀσφαλῆ
1005 2818 1064 2907 τὴν
1084 2819 1180 2907 χάριν
1203 2820 1297 2903 ἔχειν
1317 2817 1347 2886 εί
1369 2819 1405 2884 δὲ
1427 2811 1449 2882 6
1560 2867 1564 2874 .

220 2920 426 3010 πατριάρχης
444 2915 558 3007 Ἰακὼβ
586 2915 728 3008 εὐλογῶν
756 2917 833 3000 τοὺς
861 2919 1017 3006 ἐγγόνους
1030 2915 1171 3009 Ἐφραίμ
1200 2923 1254 2988 καὶ
1276 2919 1447 3004 Μανασσῆ

220 3023 344 3110 ἔλεγεν·
367 3018 386 3089 ό
406 3022 491 3102 θεὸς
513 3017 531 3089 6
551 3028 683 3112 τρέφων
704 3047 747 3107 με
768 3020 803 3090 ἐκ
824 3020 976 3110 νεότητός
997 3045 1061 3105 μου
1084 3023 1147 3102 ἕως
1160 3025 1219 3110 τῆς
1232 3017 1354 3110 ἡμέρας
1368 3017 1451 3088 ταό·

218 3147 287 3210 της,
317 3120 336 3189 6
364 3121 499 3210 άγγελος
520 3118 553 3189 ⁶6
575 3123 734 3210 ρυόμενός
754 3148 797 3208 με
818 3122 854 3192 ἐκ
874 3121 1009 3192 πάντων
1030 3125 1097 3190 τῶν
1118 3126 1243 3202 κακῶν,
1273 3116 1449 3207 εὐλογῆσαι

219 3221 263 3288 τὰ
296 3223 419 3290 παιδία
445 3227 595 3303 ταῦτα’),
628 3219 665 3290 οῦ
694 3227 760 3291 τῶν
788 3231 992 3292 κτισθέντων
1020 3221 1075 3290 καί
1097 3221 1155 3308 τὴν
1178 3222 1280 3309 φύσιν
1303 3217 1449 3308 όιγγίλων

221 3316 327 3388 ὄντων
349 3321 408 3389 ἕνα
427 3325 595 3411 Ιισυνῆπτε
616 3327 663 3408 τῷ
685 3330 836 3391 κτίσαντι
856 3319 975 3402 αὐτοὺς
989 3325 1071 3408 θεῷ,
1095 3317 1172 3388 οὐδὲ
1187 3317 1287 3410 ἀφείς
1300 3324 1358 3390 τὸν
1373 3317 1447 3408 1τρέ-

220 3443 329 3510 φοντα
356 3415 456 3488 αῦτὸν
478 3421 561 3490 θεὸν
583 3418 661 3507 παρ’
687 3417 824 3508 άγγίλου
845 3421 904 3509 τὴν
926 3417 1076 3507 εὐλογίαν
1096 3419 1170 3509 ᾔτει
1190 3432 1262 3503 τοῖς
1283 3423 1449 3512 ἐγγόνοις·

194 3574 198 3579 ‚
219 3515 288 3589 ἄλλ’
313 3519 463 3609 εἰρηκώς·
488 3516 507 3587 6
527 3519 686 3612 ῥηόμενός
706 3547 748 3606 με
769 3522 805 3590 ἐκ
825 3520 960 3590 πάντων
983 3524 1049 3589 τῶν
1063 3525 1179 3604 κακῶν,
1202 3523 1307 3604 ἔδειξε
1319 3523 1364 3612 μῆ
1379 3526 1449 3590 τῶν

217 3626 423 3692 κτισθέντων
443 3621 520 3690 τινὰ
541 3615 701 3707 άγγίλων,
725 3617 810 3690 ἀλλὰ
830 3621 888 3690 τόν
910 3621 1008 3709 λόγον
1031 3617 1116 3691 είναι
1137 3627 1197 3690 τοῦ
1218 3628 1313 3706 θεοῦ,
1339 3623 1375 3692 ὃν
1395 3627 1446 3709 τῷ

217 3711 324 3810 πατρί
346 3719 523 3791 συνάπτων
544 3717 676 3810 ηῦχετο,
707 3716 755 3790 δι”
773 3713 813 3791 οὗ
834 3726 888 3792 καί
911 3722 968 3805 οῦς
991 3723 1048 3793 ἐὰν
1069 3725 1153 3813 θίλη
1177 3723 1290 3813 ῥύεται
1312 3720 1330 3792 6
1352 3724 1447 3804 θεός.

218 3960 251 4012 ⁴8
281 3893 938 4014 115)Βφ6ω.1,’1;λῦσε.1,λί;λρλιει.1,1ιλ
990 3897 1016 3960 2)
1038 3898 1208 3959 1.ΤΙιειι.3,
1229 3899 1269 3950 11.
1312 3897 1449 3959 Menon.

217 4079 357 4130 eti'dekm.
370 4079 398 4156 ¹3
409 4071 617 4145 ἐπισημαίνεται
633 4074 663 4131 ίν
680 4073 807 4136 ratem
857 4081 903 4132 11ίί
927 4089 950 4132 ει
974 4083 1030 4134 editi
1048 4075 1063 4132 6
1082 4076 1147 4136 θεὸς
1163 4075 1242 4160 ῆμῶν
1257 4077 1303 4132 καί
1321 4075 1336 4133 6
1352 4074 1464 4150 κῦρισς·

217 4142 328 4200 σταλείς
343 4159 473 4212 γραφινν.
857 4141 937 4215 ἡμῶν
950 4141 1053 4209 Ἰησοῦς
1068 4149 1198 4216 Χριστος.

251 4227 273 4263 ι.
295 4214 336 4264 Sic
359 4215 415 4276 [1ος.
436 4213 457 4262 1.
480 4213 580 4276 διςσυτ.
597 4215 688 4275 Angue.
708 4215 807 4268 Gobler.
891 4233 913 4267 τ.
931 4217 972 4268 Sic
989 4219 1046 4280 [1ος.
1065 4217 1088 4268 1.
1107 4218 1247 4281 δεκαετίαν.
1266 4217 1404 4270 ῦολίετίιυ.
1421 4224 1448 4268 τί

217 4287 241 4330 τί
257 4281 363 4331 ΐιίιλι.
382 4280 406 4330 1.
449 4282 477 4329 At
494 4281 551 4330 editi
568 4271 598 4330 ίν
615 4293 659 4328 τοι
676 4279 740 4347 φῶς
757 4281 806 4332 τοῦ
857 4283 962 4334 ίεΙολω.
975 4285 996 4334 1.
1007 4285 1051 4336 sed
1064 4285 1113 4336 δυο
1131 4285 1207 4335 ultimi
1226 4301 1271 4348 ρτο
1288 4277 1339 4347 κᾷν
1357 4284 1448 4336 hubent

217 4340 294 4406 ῆλίου
315 4339 362 4396 καί
385 4343 435 4395 τιῦ
457 4337 675 4412 ιἰπουγάσματστ
698 4343 806 4412 γίνεται
855 4345 910 4398 καί.
938 4343 1450 4420 1υςΙίε.ταίίροθριᾷνιίιιατὰΣα-

217 4404 298 4464 οῦτιν.
333 4412 426 4466 Ιοίίισι
443 4413 535 4478 λοςίλα
553 4404 624 4462 οῦτοι
642 4409 673 4463 δὲ
689 4409 778 4466 πάλιν.
855 4411 960 4480 βῶλιον
982 4413 1028 4468 καί
1046 4409 1150 4484 Ἀρειον
1167 4409 1271 4480 δσεβεῑτ
1287 4409 1445 4482 δφείλιυσι,

238 4481 276 4558 tb.
295 4481 351 4544 θος.
372 4482 394 4531 1.
412 4490 436 4533 ει
454 4473 593 4561 Sapen!
609 4475 675 4538 θεὸς
690 4477 737 4531 ταί
754 4497 805 4532 πιτ-
854 4479 900 4534 nal
917 4477 1066 4552 δυνάμενοι
1083 4477 1115 4534 οῦ
1131 4477 1284 4547 βούλονται.
1326 4485 1367 4534 Sic
1384 4484 1443 4536 ίιεω

184 4581 189 4588 -
215 4557 268 4616 τηρ
286 4541 366 4615 ῆμόν
380 4542 427 4598 ταί
440 4540 664 4619 amouerique&
672 4543 804 4620 Χηιστότ.
854 4552 895 4604 ulii
913 4561 938 4605 ιι
955 4555 1012 4606 editi
1035 4553 1079 4604 ιεδ
1103 4552 1201 4603 omissis
1223 4551 1261 4602 Ιιίι
1278 4551 1356 4604 verbis
1372 4544 1449 4600 κατὰ
