3162 5308
505 365 650 410 srisrour
664 366 684 408 1.
706 344 743 408 in
765 365 959 410 snmrronetr.
1289 357 1353 420 ste

138 522 235 602 ipsum
257 537 358 582 rerum
380 519 521 580 ledarum
543 516 677 595 opificem
694 533 762 578 esse
776 517 924 590 sentinata
946 535 1036 597 quare
1051 517 1196 600 Spiritum
1210 531 1439 598 sanctonum.
1498 575 1502 592 .

139 624 187 704 qui
207 621 331 684 eandem
353 620 442 682 habet
469 637 535 682 oum
556 618 631 680 Filio
662 618 806 680 unitatem
832 637 920 697 quam
947 619 1037 684 Tilius
1065 625 1131 685 ou'm
1158 623 1261 695 Patre,
1293 645 1356 688 rem

138 734 264 788 creatam
286 741 353 784 esse
375 721 484 784 audent
506 717 628 782 disere?
673 718 731 780 Cur
752 719 904 798 ignorant,
938 721 1017 799 quod
1039 724 1283 801 quemadmodum
1304 726 1356 788 Ti-

136 827 208 890 lium
231 845 247 888 a
268 825 355 886 Patre
376 841 436 884 non
459 821 617 884 dividendo
639 820 693 882 uei
716 820 857 882 unitatem
879 829 1013 896 servant,
1046 822 1086 886 ita
1107 824 1263 889 diuidendo
1286 827 1356 908 Spi-

137 929 226 990 ritum
255 923 390 988 avemo
419 942 480 985 non
507 923 632 1002 amplius
662 941 750 986 uuam
779 922 810 984 iu
841 922 983 986 Trinitato
1015 935 1134 990 serrant
1165 928 1355 1004 divinitatem,

139 1049 225 1110 quam
248 1046 354 1107 nempe
377 1027 541 1098 diffindunt,
566 1034 595 1086 et
617 1025 663 1108 cui
685 1009 808 1086 allidam
827 1043 862 1086 ao
875 1025 1022 1089 diversam
1037 1035 1169 1092 naturam
1184 1029 1356 1106 admiscent,
1442 1103 1446 1108 ¹

138 1149 227 1211 quam
249 1130 374 1208 denique
403 1129 479 1190 inter
502 1106 552 1188 reg
573 1136 686 1188 creatas
709 1125 876 1190 collocant?
919 1127 955 1216 ld
974 1145 1045 1192 sano
1065 1129 1188 1208 probat,
1217 1151 1278 1196 nou
1300 1135 1356 1195 iam

140 1252 208 1297 rem-
227 1249 314 1296 uuam
336 1250 403 1294 esse
426 1229 615 1302 Trinitatem,
649 1229 701 1292 sed
731 1230 826 1308 ipsam
848 1248 884 1290 ex
905 1230 1019 1294 duabus
1043 1250 1077 1294 ae
1097 1232 1222 1296 dirersis
1243 1235 1357 1296 naturis

142 1344 294 1406 constare,
324 1333 362 1394 oh
391 1333 536 1394 diversam
563 1331 698 1394 uidelicet
725 1331 855 1410 Spiritus
883 1331 1093 1408 substantiam,
1124 1353 1211 1414 quam
1237 1336 1279 1400 illi
1301 1335 1358 1399 sibi

142 1437 217 1516 ipsis
240 1435 396 1498 commenti
419 1444 496 1498 sunt.
542 1434 693 1506 Quaenam
716 1451 786 1511 ergo
810 1433 865 1494 ista
886 1434 1002 1500 tandem
1018 1443 1064 1496 est
1078 1435 1226 1516 theologia
1240 1457 1274 1500 ex
1291 1457 1357 1500 ere·

141 1547 223 1601 atore
246 1547 329 1600 stre
352 1543 447 1598 ereata
470 1534 618 1597 conflata?
662 1535 713 1596 Tel
736 1534 813 1598 enim
837 1553 897 1596 non
920 1543 965 1596 est
986 1536 1135 1610 Trinitas,
1158 1540 1211 1602 sed
1233 1539 1358 1602 dualitas

142 1659 175 1702 ae
197 1640 302 1702 deinde
325 1657 373 1699 res
396 1645 509 1710 creata,
532 1635 576 1696 vel
599 1635 624 1696 si
648 1635 777 1698 Trinitas
799 1646 861 1710 est,
884 1637 926 1699 uti
947 1657 1015 1700 vere
1037 1647 1097 1713 est,
1120 1641 1269 1720 quomodo
1291 1661 1359 1705 oum

142 1741 233 1804 rebus
256 1740 373 1812 creatis,
395 1757 470 1817 quae
491 1746 561 1817 post
575 1736 749 1802 Trinitatem
764 1738 903 1812 existunt,
926 1739 1078 1805 Trinitatis
1094 1742 1237 1821 Spiritum
1251 1744 1359 1806 audent

142 1840 312 1917 collocare?
355 1840 387 1902 ld
410 1839 488 1902 enim
509 1857 614 1900 rursus
637 1847 683 1902 est
704 1840 835 1904 dividere
856 1859 889 1902 ac
904 1841 1069 1906 dissolvere
1084 1841 1265 1908 Trinitatem.
1298 1845 1359 1906 lta-

144 1963 200 2022 que
229 1942 255 2004 si
284 1941 359 2004 male
388 1942 424 2003 de
445 1941 556 2021 Spiritu
584 1950 685 2004 saneto
714 1943 860 2015 sentiant,
892 1943 970 2006 bene
997 1944 1034 2006 de
1055 1945 1129 2006 Filio
1158 1947 1269 2008 sentire
1297 1965 1360 2008 uon

48 2095 53 2122 ,
144 2053 262 2124 queunt.
307 2044 380 2107 ll'am
410 2045 437 2106 si
463 2051 543 2106 reete
573 2043 608 2105 de
632 2043 727 2106 Verbo
750 2043 911 2118 sentirent,
940 2055 1020 2107 recte
1048 2065 1164 2126 quoque
1191 2047 1227 2110 de
1249 2048 1361 2128 Spiritu

146 2157 259 2220 saneto,
283 2146 333 2226 qui
354 2167 370 2208 a
392 2145 478 2208 Patre
499 2146 642 2224 procedit,
667 2147 820 2220 sentirent,
844 2148 893 2226 qui
916 2165 981 2212 eum
1005 2148 1070 2212 Tilii
1093 2148 1131 2212 sit
1151 2150 1302 2230 proprius,
1324 2150 1360 2212 ab

146 2250 195 2313 illo
218 2245 369 2329 discipulis
392 2248 587 2328 omnibusque
609 2249 639 2313 itt
663 2267 730 2312 eom
753 2249 940 2313 credentibus
964 2249 1058 2312 datur.
1104 2251 1289 2323 Quinetiam
1311 2251 1361 2330 qui

144 2353 175 2414 in
197 2350 368 2416 huiusmodi
390 2369 492 2413 errore
515 2360 689 2423 versantm,
712 2369 808 2430 neque
830 2351 860 2416 in
882 2351 999 2416 Patrem
1021 2371 1121 2416 sanam
1143 2354 1231 2418 tidem
1252 2353 1363 2416 hahere

144 2454 270 2534 possint.
314 2454 387 2516 Nam
416 2454 465 2532 qui
494 2452 616 2532 Spiritui
642 2453 801 2528 resistunt,
834 2453 877 2516 uti
903 2454 1030 2534 insignis
1060 2463 1168 2533 martyr
1195 2455 1362 2534 Stephanus

129 2555 234 2654 dixit,
262 2555 351 2616 iidem
381 2563 411 2617 et
430 2555 535 2618 Filium
558 2564 675 2634 negant.
718 2554 822 2618 Filium
845 2565 943 2620 autom
965 2565 1107 2640 negantes
1129 2575 1225 2636 neque
1244 2557 1363 2620 Patrem

148 2655 281 2734 prolecto
304 2655 476 2728 habuerint.¹

233 2858 262 2922 3.
307 2855 457 2918 Undenam
481 2875 550 2936 ergo
574 2867 670 2930 ‘motae
692 2859 775 2932 robis
797 2859 971 2932 temeritatis
994 2863 1097 2933 cansa,
1124 2868 1157 2922 ut
1178 2879 1233 2922 nee
1254 2859 1362 2920 illuda

149 2957 299 3020 Salvatore
322 2958 428 3022 dietum
452 2959 623 3051 vereamini:
650 2961 711 3034 Qui
732 2961 983 3040 blasphemaverit
1004 2964 1037 3022 in
1052 2960 1201 3042 Spiritum
1216 2971 1447 3033 tradamaue.

148 3079 211 3122 nort
243 3059 359 3124 iubebit
392 3065 596 3124 resmissionem
624 3079 716 3144 neque
745 3067 778 3124 tn
806 3061 860 3124 loo
894 3061 1011 3124 saeculo
1043 3081 1136 3144 cepoe
1166 3065 1198 3123 ιἰι
1229 3059 1363 3139 saturei

149 3249 250 3299 verseris
274 3255 296 3296 et
320 3247 415 3310 quidem
439 3264 451 3296 a
476 3256 523 3296 tam
542 3249 653 3296 diuturno
672 3255 732 3296 tem·
784 3248 887 3310 Spiritus
905 3256 1001 3298 sanetas
1019 3246 1179 3298 exsistentiam
1193 3257 1321 3309 mutuetur,
1341 3257 1364 3298 et

147 3311 229 3380 pore?
263 3315 388 3364 Enimuero
408 3316 517 3364 tirannis
530 3317 624 3366 circiter
638 3322 731 3364 eentum
784 3329 829 3378 qua
848 3317 939 3364 ratione
957 3316 1091 3373 illucescat,
1116 3329 1208 3364 necnon
1227 3330 1274 3380 quo
1292 3324 1362 3380 parto

146 3397 220 3448 supra
239 3384 305 3432 mille
322 3385 363 3446 uui
381 3386 564 3446 praeterierunt,
583 3384 731 3432 dorsomre-
783 3383 852 3432 detor
876 3384 904 3432 iis
929 3383 967 3445 qui
991 3381 1054 3442 digni
1077 3389 1148 3444 sont;
1171 3383 1209 3432 his
1227 3384 1318 3433 verbis:
1337 3385 1362 3433 Si

147 3461 238 3510 strom,
263 3453 324 3500 iuxta
344 3451 437 3500 llatidis
462 3452 628 3516 prophetiam,
655 3451 732 3500 adhue
783 3459 846 3500 recte
871 3453 901 3500 de
919 3450 993 3498 l'erlto
1011 3455 1139 3508 sentirent,
1164 3465 1247 3502 eunom
1267 3467 1363 3516 qnoque

148 3521 289 3569 incurratur.
314 3519 356 3570 Hie
375 3535 426 3582 erpo
446 3523 551 3584 puisprtis
570 3525 602 3568 ert
620 3520 643 3565 in
662 3535 730 3582 opus·
782 3517 912 3567 doctrinam
935 3527 1042 3566 tenerent
1066 3521 1095 3567 de
1113 3517 1202 3584 Spiritu
1222 3527 1304 3568 sancto
1323 3521 1363 3584 qui

148 3590 214 3648 esto,
235 3587 303 3645 Quod
322 3587 427 3652 Spiritus
443 3597 540 3638 sanctos
559 3603 570 3636 a
590 3585 643 3636 solo
661 3583 731 3636 Patre
782 3600 810 3636 ex
829 3586 896 3636 Patre
913 3585 1028 3650 procedit.
1066 3586 1129 3634 llaec
1147 3587 1329 3636 Telelmaunos.

148 3655 271 3720 procedat,
290 3655 450 3706 addiscerem
463 3657 601 3706 Smeniotom
619 3657 729 3716 strideas,
816 3654 831 3702 l.
849 3650 888 3702 Sic
905 3651 960 3714 fleg.
973 3653 994 3700 l.
1013 3654 1112 3714 Sepuer.
1131 3653 1199 3704 Gobl.
1221 3655 1327 3708 Telolm.
1341 3656 1362 3706 l.

150 3731 170 3773 el
188 3723 229 3786 sol.
243 3723 297 3772 tte.
317 3725 360 3772 eol.
379 3723 403 3772 3.
420 3733 561 3788 praesentem
581 3723 639 3772 lunc
657 3723 731 3772 locam
782 3721 860 3770 ottob.
880 3727 904 3768 et
921 3720 1025 3770 incertos
1043 3730 1127 3771 auctor
1144 3723 1183 3784 qui
1203 3723 1266 3772 hunc
1284 3724 1363 3772 locum

149 3795 237 3850 citent,
263 3793 296 3840 sie
307 3795 444 3868 praefatur:
469 3782 564 3838 αὐτίκα
581 3783 635 3869 ydg
655 3781 668 3835 ὃ
686 3784 731 3853 μέ·
782 3789 836 3838 citat
854 3787 954 3850 epistola
982 3788 1010 3836 ad
1031 3788 1154 3838 Maximum
1172 3789 1317 3840 Smeuiotam
1337 3806 1364 3840 ex

148 3873 200 3924 γας
214 3849 390 3912 Malarasios,
416 3847 481 3904 ὅθεν
498 3871 527 3906 τε
551 3851 601 3905 τ“ν
618 3853 732 3922 απαρξιν
783 3870 826 3903 ms.
845 3855 927 3911 Graec.
946 3853 1057 3904 Biblioth.
1075 3856 1143 3904 droht
1164 3857 1193 3904 al.
1221 3867 1246 3906 ot
1264 3865 1365 3908 testator

149 3923 284 3983 κέκτηται,
303 3917 348 3971 καὶ
365 3917 427 3970 τίνα
445 3917 548 3986 τρόπον
565 3871 731 3988 {depresserit
782 3921 885 3968 Feleltm.
927 3920 970 3968 lttt
1002 3929 1023 3970 et
1052 3923 1108 3970 editi
1139 3869 1161 3968 ὅ
1179 3915 1242 3990 παρ’
1270 3917 1363 3976 αιἰτσῠ.

150 3991 256 4052 πνεῦμα
276 3986 306 4038 τὸ
324 3982 411 4054 ἅγιον,
430 3987 476 4038 καὶ
494 3981 567 4042 ὅπως
584 3989 641 4042 τοῖς
659 3981 732 4042 ἀξίας
782 3987 833 4062 lips
852 3986 907 4047 trag.
923 3985 946 4034 2.
963 3981 1136 4036 πιστεύουσιν
1159 3981 1196 4043 εἷς
1219 3985 1249 4039 τὸ
1276 3985 1364 4059 ὄνομα

149 4063 196 4120 (eie
211 4060 339 4110 licaiacus
356 4049 450 4114 ἀξίοις)
467 4051 550 4107 αὐτοῦ
568 4051 730 4109 διαδίδοται,
783 4051 874 4102 evron.
913 4053 964 4104 llos
981 4057 1037 4104 item
1056 4071 1140 4106 omues
1158 4073 1217 4108 mss.
1234 4073 1268 4110 tta
1288 4055 1297 4110 i
1314 4060 1363 4109 τοῦ

149 4123 181 4180 ἐν
198 4125 229 4193 τῇ
247 4121 316 4192 πρὸς
330 4125 498 4188 Σαραπίωνα
515 4113 738 4174 {alexanarino
782 4112 887 4186 πατρός
903 4123 999 4186 labent,
1017 4124 1073 4176 editi
1088 4127 1148 4178 male
1158 4121 1220 4192 περὶ
1229 4141 1277 4178 too
1286 4121 1364 4178 πνεό-

151 4192 234 4276 στολῇ
254 4193 352 4262 σαφῶς
367 4185 436 4242 οὕτω
448 4187 598 4259 διείληφεν·
617 4184 731 4242 siralais
780 4202 874 4255 ματος.

151 4259 291 4334 impensor
313 4256 375 4342 aspi
402 4260 450 4308 τοῦ
473 4255 569 4326 λόγου,
596 4253 677 4324 dysme
698 4249 732 4336 dg
816 4273 838 4320 g,
857 4257 897 4308 Sin
914 4257 969 4322 lleg.
990 4259 1011 4310 1.
1039 4260 1135 4323 Segoer.
1158 4264 1249 4326 inglie.
1267 4264 1363 4316 Golrler.

150 4327 291 4401 ἐφρόνουν
315 4345 361 4380 και
386 4325 448 4378 τισὶ
473 4329 522 4380 τσῦ
543 4323 693 4396 πνεύματος
717 4339 731 4373 o
782 4325 886 4376 Telolm.
908 4327 929 4376 l.
974 4329 1050 4379 Ceteri
1077 4339 1156 4382 entem
1183 4342 1206 4382 et
1229 4331 1286 4383 editi
1309 4346 1365 4381 τοι·

151 4396 228 4468 παρὰ
245 4393 415 4468 τοῦπατρὸς
473 4391 600 4465 operietur.
626 4397 731 4448 Hoeesl:
783 4385 871 4458 utitur.
906 4395 997 4458 lieml.
1015 4397 1118 4463 etSegu.
1137 4415 1191 4451 mox
1208 4415 1253 4465 pro
1269 4395 1363 4469 κυρίου

151 4471 276 4522 Enimuero
301 4483 401 4532 magnus
425 4469 466 4520 illo
483 4468 622 4518 Athanasius
641 4479 731 4530 oppor-
783 4461 871 4514 habeut
889 4462 1018 4532 σωτῆρος.
1096 4465 1100 4474 ’

152 4546 208 4594 tone
232 4540 255 4588 io
274 4537 380 4602 Epistola
404 4538 434 4588 ad
457 4537 612 4599 Serapionem
636 4535 731 4598 episeo-
815 4532 838 4581 h.
857 4533 912 4594 fleg.
931 4533 953 4582 2.
977 4526 1007 4582 ἓν
1029 4533 1068 4602 τῷ
1085 4534 1135 4583 νῦν
1152 4527 1238 4585 αἰῶνι.
1274 4535 1365 4588 ibidem

152 4619 220 4668 pum,
237 4621 265 4656 ae
281 4607 376 4656 disertis
390 4605 467 4658 verbis
476 4603 593 4666 edisserit,
613 4601 730 4658 undenam
783 4597 879 4652 Gobler.
898 4608 922 4651 et
939 4601 1042 4654 Felelm.
1056 4602 1077 4653 l.
1103 4619 1146 4668 pro
1173 4597 1297 4668 pettam
1320 4603 1365 4652 lra-

1108 4683 1163 4738 4³*
