3226 5308
562 389 671 434 ouirro
686 389 730 434 tu.
746 389 862 434 corruo
877 391 1012 436 muros.
1318 383 1377 447 541

152 557 262 620 nempe
284 539 419 604 Salvator
441 539 520 622 ipse:
543 539 630 604 Siout
651 540 746 603 Peter
768 532 968 630 liod'et'oitom
989 546 1022 606 in
1044 547 1212 626 ονοιιιροο,
1236 551 1280 609 sic
1302 547 1466 614 dediturus.

152 653 183 705 et
211 642 288 704 Filio
317 645 409 704 vitam
440 643 548 704 ludere
577 647 610 704 in
637 645 811 720 reducimu-
849 641 922 704 Nom
945 659 1011 705 euru
1034 643 1104 704 dicit
1134 646 1228 719 dedit,
1259 665 1294 708 se
1320 666 1381 710 non

153 761 222 806 esse
244 745 362 806 Patrem
390 743 533 817 declarat,
566 739 710 822 particula
742 751 840 804 autem
868 747 912 804 rio
937 741 1047 816 utitur,
1077 753 1111 805 ut
1131 747 1292 810 naturalem
1315 747 1381 812 Filii

152 863 220 908 eum
241 845 328 908 Petro
351 845 573 908 similitudinem
597 851 628 906 et
648 843 861 924 proprietatem
885 843 1040 922 significet
1084 844 1116 906 si
1138 845 1227 925 igitur
1248 849 1303 912 tuit
1324 852 1380 912 eli·

152 946 270 1027 quondo
294 965 359 1010 oum
382 947 470 1009 Pater
489 965 552 1008 uon
580 945 704 1008 haberet
732 963 782 1018 eo,
813 962 888 1026 quoe
909 943 1015 1017 habet,
1044 943 1157 1008 nullum
1179 946 1302 1010 dubium
1324 959 1380 1026 est,

151 1048 224 1130 quin
257 1049 345 1110 etiem
377 1048 466 1110 luerit
498 1045 656 1128 aliquando
688 1045 781 1108 Filius
810 1064 876 1108 cum
906 1045 954 1108 illo
982 1064 1043 1108 uou
1073 1047 1204 1112 heberet.
1247 1048 1321 1111 Nom
1349 1059 1382 1113 ut

149 1137 240 1212 Peter
262 1149 360 1224 hebet,
382 1150 421 1211 itu
444 1157 475 1211 et
495 1149 597 1211 Filius.
641 1147 749 1210 Verum
772 1148 798 1209 si
820 1146 850 1208 id
873 1147 996 1226 impium
1018 1148 1098 1211 dictu
1120 1157 1176 1221 est,
1200 1147 1381 1213 eoonlrorio

151 1259 250 1314 autem
272 1251 354 1330 pium
376 1262 423 1313 est
442 1249 597 1323 affirmare,
621 1269 740 1331 semper
760 1249 879 1310 Patrem
901 1249 1052 1323 habuisse,
1076 1269 1112 1311 on
1134 1268 1195 1312 non
1217 1252 1381 1332 perabsur-

151 1352 222 1416 dum
245 1361 306 1427 est,
335 1352 410 1413 Filio
438 1359 645 1426 asseverante,
673 1351 921 1432 quemadmodum
942 1351 1031 1414 Pater
1051 1351 1141 1414 hebet
1162 1352 1255 1416 itaet
1275 1354 1382 1417 Filium
1492 1397 1494 1406 .

150 1455 271 1526 hebere,
294 1453 361 1515 illos
383 1453 577 1516 nihilominus
601 1453 790 1526 contendere,
813 1470 875 1514 nou
898 1453 937 1514 itu
953 1453 1005 1514 sed
1021 1453 1106 1514 aliter
1121 1453 1254 1518 hebere?
1276 1456 1381 1537 Utique

150 1555 281 1620 Verbum
303 1555 397 1634 magis
419 1556 477 1616 ilde
500 1553 620 1634 dignum
649 1564 712 1629 est,
745 1554 931 1634 proindeque
959 1554 1074 1629 omniu,
1103 1572 1177 1634 quae
1200 1574 1234 1618 se
1255 1575 1272 1618 ο
1293 1557 1381 1643 Putre

151 1657 303 1738 occepisse
325 1663 461 1728 testetur,
483 1673 518 1717 eo
542 1673 661 1736 semper
683 1655 797 1718 hebens
821 1675 837 1716 a
859 1655 948 1717 Putre
969 1655 1066 1718 hahet.
1111 1657 1206 1718 Porro
1222 1657 1310 1720 Peter
1331 1659 1379 1721 illo

151 1759 311 1840 unemiue
332 1756 432 1828 hebet,
455 1755 509 1818 sed
530 1755 621 1818 Filius
643 1755 732 1818 hebet
754 1775 770 1818 e
792 1757 890 1818 Patre.
924 1757 996 1818 Nam
1011 1765 1046 1818 ut
1060 1757 1229 1837 splendoris
1245 1759 1391 1840 exemplo·

149 1867 228 1932 uter,
251 1859 277 1920 si
300 1859 364 1938 ipse
386 1856 527 1938 splendor
548 1857 588 1920 itu
610 1857 798 1936 loqueretur:
823 1859 949 1921 Omnem
972 1859 1069 1921 loeum
1092 1859 1164 1921 mihi
1186 1860 1235 1921 lux
1257 1860 1293 1923 ad
1311 1861 1380 1924 illu-

149 1960 324 2023 miuondurn
347 1959 437 2032 dedit,
460 1975 557 2040 neque
580 1977 615 2021 ex
638 1977 686 2021 mo
705 1960 773 2040 ipso
796 1959 942 2034 illumino,
966 1961 1019 2022 sed
1042 1968 1075 2023 ut
1096 1960 1153 2023 luoi
1176 1961 1287 2040 pleoet3
1309 1981 1381 2026 sone

149 2063 233 2125 hisee
262 2061 361 2124 verbis
385 2079 446 2124 nou
468 2059 613 2123 indiceret
633 2079 667 2124 se
690 2059 846 2140 aliquando
869 2078 930 2121 non
953 2059 1111 2135 habuisse,
1137 2063 1192 2123 sed
1221 2063 1322 2142 potius
1345 2083 1463 2131 esuum.

150 2173 233 2228 esset
260 2163 422 2227 sententio:
455 2163 518 2242 Ego
545 2162 619 2224 lueis
648 2181 716 2224 sum
744 2162 902 2246 proprius,
932 2163 1055 2243 eiusque
1082 2163 1182 2226 omnio
1210 2183 1276 2228 mea
1298 2176 1384 2230 suut.

150 2265 233 2327 idem
255 2247 396 2334 similiter
413 2272 442 2349 et
464 2264 557 2327 multo
579 2265 674 2342 magis
689 2264 726 2325 de
741 2263 816 2324 Filio
839 2263 1059 2344 intelligendum
1083 2272 1138 2328 est.
1172 2267 1277 2329 Omnia
1300 2269 1379 2331 euim

150 2366 238 2434 Peter
259 2366 332 2427 Filio
361 2365 459 2439 dedit,
492 2375 522 2427 et
549 2383 656 2426 rursus
679 2364 758 2425 idem
781 2365 869 2432 Peter
890 2365 988 2427 omnio
1010 2366 1041 2426 iu
1064 2364 1138 2427 Filio
1160 2367 1258 2430 habet.
1302 2369 1378 2432 Filio

150 2467 221 2530 item
253 2466 381 2528 habente
415 2467 518 2528 eedem
553 2483 670 2544 quoque
704 2465 793 2526 Peter
823 2465 922 2528 hahet.
967 2467 1119 2548 Siquidem
1147 2468 1213 2530 Filii
1240 2467 1378 2532 divinitus

149 2567 247 2628 Patris
276 2577 322 2628 est
350 2566 506 2639 divinitus,
535 2575 624 2646 utque
652 2567 694 2628 ita
720 2566 809 2628 Peter
836 2569 866 2628 iu
892 2568 968 2630 Filio
990 2587 1040 2631 res
1064 2587 1170 2630 omnes
1192 2571 1378 2649 providentie

152 2668 228 2746 gerit
250 2675 280 2728 et
302 2667 497 2728 administret.
1322 2675 1326 2692 '

238 2769 289 2832 37.
334 2766 415 2830 liaeo
441 2766 529 2846 igitur
557 2775 605 2828 est
633 2767 749 2830 illomm
778 2770 937 2832 verborum
961 2771 1118 2832 sententio.
1164 2771 1247 2844 unse
1267 2774 1379 2853 puriter

150 2869 187 2930 de
209 2868 360 2931 Salvatore
382 2867 510 2930 humano
534 2887 618 2931 more
640 2870 788 2943 dicuntur,
811 2891 915 2932 eorum
932 2888 1051 2951 quoque
1065 2873 1113 2952 piu
1130 2881 1176 2936 est
1191 2874 1377 2953 significatio,

146 2969 262 3032 ldeireo
285 2969 364 3032 eninr
386 2970 435 3034 illo
456 2971 540 3049 prius
563 2971 728 3033 examinare
749 2971 848 3034 visum
869 2981 932 3046 est,
961 2981 994 3034 ut
1016 2973 1041 3034 si
1062 2973 1222 3035 Dominum
1245 2975 1377 3036 interro-

147 3078 266 3150 gentem
289 3069 488 3145 audierimus,
510 3071 560 3134 ubi
583 3072 711 3134 Laturus
732 3073 841 3144 ineest,
865 3081 997 3146 etcum,
1020 3074 1072 3136 ubi
1094 3075 1124 3137 in
1146 3083 1245 3154 portes
1268 3075 1378 3138 Caesu-

147 3189 218 3234 reae
239 3171 336 3243 veuit,
365 3181 591 3250 percunctetur:
628 3174 723 3246 Quem
743 3192 791 3235 me
813 3173 946 3238 domines
968 3193 1032 3238 eree
1061 3174 1190 3238 dicunt?
1207 3159 1260 3237 et:
1296 3175 1379 3250 Quot

142 3291 240 3352 pones
264 3269 404 3335 dedetis?
426 3281 471 3333 et:
504 3274 587 3346 Quid
607 3272 702 3336 vultr‘e
724 3283 760 3335 ot
776 3275 893 3360 sotium
914 3273 1025 3338 eollo?
1045 3295 1080 3338 ex
1103 3277 1161 3351 his,
1184 3293 1259 3355 quae
1281 3277 1376 3357 expli-

19 3449 26 3462 ·
146 3371 287 3445 cavimus
312 3372 366 3434 ista
389 3373 475 3434 edan
490 3381 570 3436 reete
592 3374 745 3454 possimus
761 3373 936 3454 intelligere,
960 3377 1140 3458 minimeque
1155 3387 1188 3439 ut
1203 3377 1255 3440 Dei
1271 3378 1376 3441 hostes

144 3472 245 3532 Ariani
267 3473 436 3536 scandulum
458 3475 615 3555 potiemur.
660 3473 762 3556 Itaque
783 3476 911 3558 primum
933 3478 970 3540 ob
992 3479 1083 3558 impie
1105 3479 1302 3541 seufrentibus
1324 3497 1375 3540 re·

146 3573 324 3654 quirendum
351 3585 413 3650 est,
442 3577 590 3640 undenum
619 3597 686 3642 euru
714 3579 858 3659 ignorare
875 3579 1068 3643 arbitrentur.
1113 3581 1174 3642 Nee
1195 3581 1273 3644 enim
1296 3599 1374 3654 eum,

179 3853 488 3908 exotnuorueenn
507 3861 578 3910 anil.
607 3861 657 3910 lior
678 3863 734 3925 lleg.
820 3863 835 3911 i.
861 3863 1020 3924 sternique
1038 3861 1136 3924 Repo
1154 3865 1254 3927 Seguer.
1290 3869 1375 3920 ltGo-

145 3927 168 3976 1.
187 3936 211 3975 et
229 3919 469 3986 Segoertoomdvro
486 3921 610 3975 moero.
647 3928 692 3976 dlii
710 3937 734 3976 οι
784 3925 1375 3987 uterino.erretoum.1.lordmcodnd

144 3995 203 4044 editi
219 3986 311 4040 πάντα
329 3984 461 4043 δεδωκώς.
784 3988 1079 4058 ποῦΔάζαροι-κοῑτοι,
1098 4009 1143 4046 και
1155 3998 1374 4068 πυνθανομένου.

52 4059 53 4064 ’
178 4062 195 4108 t.
220 4060 261 4110 Sic
285 4059 373 4118 iterius
392 4058 414 4108 l.
433 4066 457 4108 et
473 4058 573 4120 Segnior.
592 4059 690 4110 Gobler.
709 4067 733 4108 οι
783 4060 829 4109 dlii
849 4069 871 4110 et
889 4061 945 4110 editi
963 4055 1009 4108 not
1026 4062 1236 4132 πυνθανομένου
1255 4060 1323 4118 troo
1337 4062 1375 4122 sic

141 4127 282 4176 Fuluiuml.
317 4128 346 4175 lt
364 4127 387 4174 lu
406 4125 511 4174 editione
530 4126 647 4175 Conrrool.
666 4127 730 4175 etin
783 4121 818 4174 τὰ
834 4123 903 4194 μέρη
914 4125 1163 4200 Καιοορείαςέλοῃ,
1200 4135 1326 4187 thidum
1344 4151 1374 4186 ue

142 4193 282 4244 Felolrm.2.
301 4195 388 4244 desunt
405 4194 476 4242 verbo
494 4187 539 4240 καὶ
556 4185 683 4241 seditioni
701 4187 732 4242 δὲ
782 4194 1318 4270 llos.Segnor.Anglic.etllrsil.riroep1e
1362 4229 1374 4240 -

141 4253 263 4327 ἔχοντος,
282 4253 365 4309 πάλιν
382 4253 397 4307 ὁ
415 4253 505 4328 πατὴρ
524 4252 595 4308 αὐτὰ
610 4254 674 4328 ἔχει.
781 4274 888 4327 γουοιν.
927 4263 1023 4316 Gobltr.
1044 4278 1067 4319 et
1083 4267 1189 4321 Feleim.
1206 4273 1227 4321 l.
1246 4267 1309 4319 τινὰ
1327 4263 1373 4320 αὖ·

175 4345 198 4392 g.
218 4331 321 4379 Feloinr.
340 4327 363 4378 d.
386 4321 463 4396 παρὰ
485 4327 535 4377 τοῦ
558 4338 603 4380 eto.
639 4331 729 4381 ibidem
783 4325 832 4379 τὸν
854 4328 883 4381 λι
902 4344 986 4383 ουσιν.
1023 4329 1101 4392 Ceteri
1120 4347 1144 4389 et
1161 4339 1234 4390 editio
1253 4339 1372 4390 Commsl.

139 4397 302 4446 sotubestr
323 4396 583 4448 continendum.
605 4399 625 4447 l.
781 4399 844 4447 τινα
887 4411 994 4465 γοοοιν.
1080 4406 1084 4418 ’

176 4463 198 4512 h.
216 4458 264 4510 ναί
286 4464 353 4514 deest
376 4465 399 4513 in
424 4465 521 4515 Goltler.
540 4473 563 4514 et
581 4466 683 4516 Felolm.
705 4468 728 4517 i.
814 4469 836 4518 l.
855 4469 895 4519 Sic
908 4470 963 4533 lleg¹
975 4471 995 4521 l.
1011 4471 1110 4535 Segoer.
1122 4473 1370 4525 Goblor.etlelolm.

141 4529 357 4608 ¹⁵³⁶·.fl⁰⁸·¹·..‘¹
374 4531 471 4592 Seguer.
497 4527 726 4600 προεξηοάσαμεν.
782 4535 810 4612 1.1
840 4537 866 4586 lo
891 4537 946 4611 slijg
972 4547 1051 4590 eutem
1076 4550 1099 4592 et
1123 4541 1229 4590 editiore
1253 4540 1370 4590 Commel.
1403 4593 1409 4600 ⁸

141 4596 221 4646 ceteri
240 4605 264 4648 et
281 4599 337 4649 eddi
353 4594 583 4666 προεζητήοομεν,
779 4616 829 4650 ουν
849 4604 924 4656 deest.
942 4608 946 4619 '
