3070 5242
437 363 551 408 coxrm
566 363 783 409 aronnmaarmr
797 365 884 410 urana
898 341 943 409 n.¹
1235 351 1298 416 925

20 519 113 572 tum
148 507 266 572 Deum
289 519 319 600 et
339 511 489 575 hominem
514 531 597 587 csse,
626 533 688 576 non
716 533 808 578 unum
839 515 891 598 sed
922 517 997 578 duos
1019 535 1074 578 vos
1098 515 1214 591 dicere3
1243 533 1383 580 ne-nors.

20 631 124 673 esse
157 611 337 692 igiturest
364 633 419 676 vos
442 623 492 676 aut
512 616 680 695 passionis,
709 617 816 680 mortis
846 627 876 680 ct
903 619 1133 680 resurrectionis
1166 637 1300 681 oecono-

19 715 134 775 xiam
164 731 293 775 meram
317 715 446 794 speciem
469 717 624 778 adllrmare
648 718 728 778 iuxta
749 718 928 779 Marcionem
961 729 989 779 et
1017 719 1092 780 alios
1122 721 1299 794 haereticos,
1358 769 1370 777 .

20 831 77 883 rut
110 808 328 884 divinitatem
351 819 523 899 passibilem
545 819 707 880 secundum
723 819 823 880 Arium
840 819 963 898 eiusque
979 838 1120 899 sequaces
1135 823 1300 882 nominare.

136 925 201 987 13.
253 923 286 984 Si
308 921 386 984 enirn
409 920 522 982 divinas
545 919 714 998 Scripturas
738 919 863 997 legendo
886 919 1143 994 animadvertistis,
1169 922 1198 982 in
1221 922 1384 1000 Lagalasso.

20 1033 52 1085 et
83 1023 298 1104 Prophetis,
330 1023 360 1082 in
383 1021 550 1102 Evangeliis
573 1017 692 1100 quoque
715 1029 744 1081 et
766 1021 977 1100 Apostolorum
999 1021 1083 1083 libris
1105 1022 1214 1101 ubique
1228 1024 1299 1084 ¹llo·

20 1127 154 1188 minus
182 1124 321 1205 primum
344 1125 434 1184 bomo
456 1122 644 1202 praedicatur
671 1141 705 1184 ac
732 1118 839 1183 deinde
867 1123 969 1202 passio
1001 1131 1168 1198 enarratur,
1202 1133 1234 1187 ut
1261 1143 1299 1187 ne

20 1225 272 1306 blasphemiae
293 1224 382 1286 verba
403 1233 506 1285 contra
526 1223 706 1284 divinitatem
722 1242 850 1302 unquam
866 1224 1067 1303 proterantur.
1112 1223 1301 1304 Quapropter

20 1347 154 1406 neque
181 1325 409 1406 generationem
433 1324 551 1386 deitatis
574 1322 663 1385 Verbi
686 1315 878 1399 enarrarunt,
911 1323 963 1385 sed
986 1325 1102 1385 Patrem
1124 1325 1299 1387 confitentur

27 1437 65 1489 et
95 1427 228 1489 Filium
250 1427 431 1507 praedicant,
454 1445 489 1486 ex
504 1425 594 1486 llaria
617 1431 715 1486 autem
737 1423 895 1487 bominum
918 1425 1009 1487 filium
1024 1426 1114 1487 llarid
1138 1434 1169 1488 et
1188 1427 1298 1508 loseph

30 1529 234 1591 secundum
257 1547 374 1590 carnem
397 1536 495 1588 ortum
518 1527 661 1598 relcrunt,
684 1526 733 1605 qui
757 1527 835 1588 serui
857 1528 982 1588 lormam
1005 1527 1163 1598 assumsit,
1187 1536 1220 1588 ut
1240 1527 1298 1588 bu-

33 1631 191 1693 manitas
217 1630 284 1691 eius
307 1648 342 1690 ex
364 1627 535 1690 hominibus
559 1645 626 1689 esse
649 1613 830 1700 crederetur,
855 1635 884 1689 et
906 1646 942 1690 ex
963 1629 1049 1690 Patre
1072 1629 1208 1734 suo-Deo
1223 1628 1298 1690 Ver·

35 1733 129 1794 bum
156 1733 244 1792 Deus
273 1737 499 1810 agnosceretur,
534 1729 584 1809 qui
612 1747 668 1808 pro
697 1728 869 1791 hominibus
899 1729 1044 1792 cruciatus
1073 1731 1214 1792 toleraret
1244 1747 1299 1810 per

40 1835 192 1894 formam
218 1831 402 1911 passibilem,
427 1849 513 1910 quam
537 1849 571 1892 ex
594 1829 765 1892 bominibus
788 1839 951 1910 acceperat,
975 1832 1004 1891 in
1028 1831 1157 1909 patiente
1173 1849 1299 1910 corpore

42 1931 336 2013 impassibilitatem
359 1933 546 2006 ostenderet,
574 1933 605 1992 in
632 1932 779 1994 moriente
807 1933 1057 1994 immortalilatem
1080 1940 1110 1994 ct
1131 1933 1161 1993 in
1184 1932 1299 2011 sepulto

45 2033 395 2113 incorruptibilitatem,
429 2034 459 2096 in
488 2041 600 2095 tentato
622 2034 776 2094 victoriam
799 2041 830 2095 et
851 2034 880 2094 in
903 2043 1106 2096 veterascente
1128 2034 1297 2095 novitatem.

51 2137 141 2210 Quia
164 2143 255 2197 vetus
277 2143 383 2196 noster
403 2136 494 2198 bomo
517 2153 582 2196 cum
606 2135 655 2196 illo
679 2123 835 2197 crucifixus
859 2144 914 2210 est,
937 2136 968 2197 in
990 2136 1049 2198 boc
1070 2135 1148 2198 enlm
1172 2134 1228 2196 sita
1252 2141 1298 2196 est

53 2238 169 2318 gratia.
215 2237 315 2298 licitas
337 2243 435 2298 autem
457 2255 513 2298 nec
533 2235 645 2315 absque
673 2245 800 2316 corpore
821 2236 950 2318 patiente
972 2237 1142 2318 passionem
1167 2253 1296 2316 unquam

57 2339 214 2412 admittit,
247 2358 304 2401 nec
335 2338 447 2416 absque
474 2337 571 2398 anima
599 2337 718 2398 dolente
747 2347 777 2398 et
798 2340 969 2418 perturbata
991 2338 1244 2417 perturbationem
1268 2343 1297 2398 et

59 2440 204 2502 dolorem
228 2439 362 2513 exbibet,
397 2457 493 2518 neque
521 2439 635 2518 absque
667 2447 767 2500 mente
790 2441 873 2502 anxia
895 2449 925 2502 et
947 2447 1051 2500 orante
1072 2439 1156 2500 anxia
1179 2446 1227 2501 est
1247 2447 1298 2500 aut

64 2547 146 2602 orat.
191 2539 348 2628 llnlmvero
371 2539 439 2601 licet
460 2557 534 2618 quae
556 2540 633 2601 dicta
655 2548 726 2602 sunt
746 2558 806 2602 non
829 2550 951 2604 naturae
974 2540 1087 2602 delectu
1109 2539 1296 2619 contigerint,

63 2649 198 2704 attamen
222 2641 258 2702 ad
281 2641 455 2702 existentiae
477 2639 618 2702 indicium
646 2641 719 2704 haec
750 2642 790 2704 ita
813 2642 1000 2722 gerebantur.
1045 2640 1103 2702 Cur
1127 2659 1199 2720 ergo
1220 2640 1297 2702 scri-

66 2743 192 2824 psistis,
221 2742 314 2806 Deum
344 2760 411 2804 esse
439 2741 488 2821 qui
517 2743 548 2803 in
570 2761 658 2804 carne
680 2762 789 2823 passus
813 2751 861 2805 cst
882 2750 912 2804 et
933 2741 1120 2804 resurrexit?
1164 2742 1195 2803 Si
1218 2741 1296 2803 enim

68 2845 152 2906 Deus
180 2844 218 2906 sit
243 2843 296 2924 qui
318 2862 373 2922 per
394 2861 511 2905 carnem
533 2862 642 2923 passus
666 2845 703 2906 sit
727 2865 761 2906 ac
782 2845 994 2916 resurrexerit,
1027 2842 1198 2924 passibilem
1226 2859 1296 2920 ergo

71 2946 171 3008 dicitis
193 2953 222 3007 et
242 2945 359 3007 Patrem
382 2952 412 3006 ct
431 2944 631 3021 Paracletum,
660 2965 726 3008 cum
755 2962 847 3006 unum
877 2944 916 3006 sit
930 2943 1046 3006 nomen
1069 2953 1098 3007 et
1120 2961 1178 3006 una
1200 2943 1296 3004 divina

72 3049 196 3109 natural

164 3351 210 3410 ll.
250 3345 293 3407 Ex
325 3345 381 3408 bac
408 3353 506 3410 autem
536 3347 682 3408 sententia
711 3355 841 3409 mentem
869 3359 997 3409 vestram
1028 3363 1189 3426 agnoscere
1217 3343 1295 3417 licet,

81 3468 151 3530 quae
171 3465 238 3510 sanc
259 3465 320 3509 non
343 3457 388 3510 est
408 3449 576 3510 timentium
598 3448 691 3510 Deum
713 3467 810 3528 neque
831 3447 938 3509 diuinis
954 3447 1116 3527 scripturis
1139 3446 1296 3524 obtempe-

81 3551 215 3623 rantium,
236 3549 338 3630 lloyse
360 3549 477 3628 quidem
498 3537 537 3612 dc
559 3548 621 3610 lleo
645 3548 810 3613 scribente:
843 3549 926 3612 Deus
955 3561 1062 3612 noster
1083 3551 1161 3628 ipuis
1186 3567 1294 3612 consu-

83 3671 159 3714 mam
180 3661 236 3726 cat,
269 3651 307 3711 de
336 3651 444 3712 carnali
473 3659 570 3712 antem
593 3651 658 3713 cius
681 3651 808 3714 adventu
829 3651 1009 3731 Prophetam
1033 3649 1074 3712 ait
1096 3667 1132 3711 cx
1154 3649 1294 3711 tratribus

86 3751 183 3814 restris
204 3769 219 3810 a
237 3749 365 3810 Domino
388 3750 581 3823 excitandum,
605 3758 635 3812 et
654 3752 743 3813 vitam
766 3751 796 3812 in
818 3751 898 3830 ligno
915 3769 1102 3830 suspensam,
1125 3751 1211 3831 quasi
1225 3770 1295 3813 cor·
1390 3743 1407 3824 “,

123 3970 142 4017 d.
158 3969 188 4018 lta
203 3965 298 4028 Segncr.
315 3965 388 4016 llasil.
401 3965 491 4028 lngllc.
505 3973 529 4017 ct
543 3965 655 4018 numere.
739 3969 756 4018 l.
776 3967 810 4018 lta
823 3967 931 4030 Sequar,
943 3967 1040 4017 Gobler.
1056 3980 1112 4016 raro
1126 3967 1293 4020 eisetuna.

91 4035 146 4084 Edlti
167 4049 214 4084 xero
238 4042 261 4083 et
285 4033 325 4082 alli
349 4025 493 4100 ἧττῆμασι.
531 4033 584 4083 llox
607 4035 655 4083 lla·
700 4027 849 4090 deductor,
869 4019 929 4081 olor
947 4026 1036 4100 dispari
1056 4034 1121 4099 popl.
1156 4035 1218 4085 lidltl
1237 4027 1295 4084 dcci·

94 4117 158 4152 masc.
174 4097 304 4164 συνέβαινε
327 4095 362 4148 τὰ
384 4093 524 4166 γινόμενα.
562 4101 654 4151 lbldem
705 4116 795 4158 vocar,
813 4095 852 4168 μὴ
871 4103 937 4168 popl.
977 4101 1067 4152 lbldcm
1085 4103 1294 4164 Seguernobter.

95 4171 179 4232 Sequar.
199 4169 290 4220 Gobler.
308 4168 414 4218 l’clcltm.
432 4169 454 4217 l.
473 4177 496 4218 et
515 4169 655 4219 namurcen.
707 4178 731 4221 et
761 4169 867 4220 Felclnrl
888 4171 909 4218 l.
935 4160 1005 4234 μήτε
1030 4164 1205 4230 πειθομένων
1236 4169 1296 4225 ταῖς

96 4230 200 4293 ἐπιδείξει
214 4228 348 4314 ὑπιάρξεως
364 4229 469 4301 lyaeo
483 4231 525 4284 τά.
564 4237 655 4287 lbldcm
707 4231 797 4291 θείαις
811 4251 855 4306 γρ.
893 4237 956 4287 Ειιιιι
981 4245 1004 4287 et
1022 4239 1061 4288 atil
1088 4231 1150 4288 odra
1166 4235 1295 4306 πειθομέ-

97 4305 180 4368 choer.
194 4315 328 4369 γενομενιι.
627 4319 629 4324 ’
706 4319 765 4354 νων
781 4305 842 4359 ταῖς
858 4299 957 4370 ἁγίαις.

126 4388 144 4422 ι.
160 4373 243 4434 Sequer-
257 4364 271 4417 ὅ
284 4365 331 4419 tat
343 4365 562 4438 repetandam
583 4371 655 4422 male.

99 4439 153 4518 llpc
167 4447 244 4517 auten,
256 4430 280 4520 εξ
301 4433 439 4520 γὰρμιεὸς
458 4433 472 4487 d
491 4433 656 4505 dudoapadc

100 4507 655 4627 cmmmw·

726 4423 763 4474 ¹g.
781 4407 879 4469 Seguer.
900 4399 914 4454 ὁ
933 4399 998 4459 θεὸς
1013 4398 1099 4474 ὑμῶν.
1129 4408 1180 4458 llox
1193 4409 1293 4470 chuer.

705 4475 796 4538 lngltc.
816 4473 914 4534 Gobler.
932 4484 955 4526 ct
972 4475 1077 4526 l'clclnn.
1093 4477 1115 4526 l.
1134 4474 1183 4533 τῆς
1198 4469 1293 4538 landp-

705 4555 761 4592 κου.
792 4543 855 4594 Editl
874 4551 898 4594 rt
915 4544 1002 4594 caeteri
1021 4541 1138 4604 masaa‘c
1154 4536 1184 4591 ἐν
1201 4537 1289 4607 σαρκί.
