3162 5308
553 367 714 412 umerorr.
731 365 846 412 oottrm
861 366 995 410 muros.
1075 417 1078 432 ‚
1301 351 1362 414 nte
1452 415 1455 427 ,

113 537 154 589 et
182 532 278 586 amnt
297 519 492 584 modoetiam.
536 519 598 600 Epo
620 517 706 582 dorus
728 521 799 581 misi
817 517 963 598 Ampelum
982 536 1094 590 meum,
1126 529 1162 580 ut
1190 519 1260 582 tote
1282 521 1449 582 ordientes.

113 629 159 688 r'rs
194 623 345 686 Breierr‘r‘r
375 621 601 702 testificaretur.
651 619 711 700 Epo
740 639 807 682 rum
837 621 930 682 radin
957 631 1105 700 otpertus
1133 619 1247 690 Dauid,
1276 617 1365 682 steilo

116 725 304 808 splendido
325 734 354 787 et
373 727 534 786 matutino.
577 722 618 784 Bt
638 725 768 802 spiritur
797 732 826 782 et
854 738 967 802 sponsu
995 721 1099 784 dieunt
1123 721 1202 782 Veni.
1247 719 1287 781 Et
1314 723 1366 800 psi

118 827 245 899 audit,
270 827 350 890 diem
373 823 460 898 Verer'3
483 835 513 885 et
535 827 588 906 pui
606 826 686 893 sitit,
710 825 828 894 oeru'ut;
857 820 1012 903 putruit,
1040 824 1168 901 uooipr'nt
1189 839 1298 902 apuam
1317 823 1365 882 υἰ-

120 941 182 992 tue
208 929 321 1010 protis
364 925 465 1006 ltaque
485 924 513 986 si
534 942 628 1004 genus
642 921 733 985 David
755 931 803 984 est
823 921 905 984 stelio
926 921 975 984 ilio
996 921 1148 1002 splendido
1169 932 1198 983 et
1212 921 1363 1002 matutina,

121 1027 237 1110 liquet
267 1029 401 1109 profesto
424 1025 604 1090 Salvatorem
625 1025 724 1105 ipsum
746 1031 899 1103 quotenus
913 1041 981 1086 coro
1003 1031 1050 1086 est
1069 1023 1239 1086 Luciferum
1261 1023 1363 1104 appel-

123 1131 214 1204 lari,
242 1139 310 1192 onte
331 1147 419 1210 quem
443 1127 554 1190 stilioet
575 1124 718 1198 extiterit,
746 1133 891 1206 quotenus
912 1143 948 1188 ex
968 1125 1030 1186 Deo
1054 1135 1101 1187 est
1121 1125 1254 1204 genitum
1287 1133 1320 1186 ut
1340 1125 1366 1186 is

127 1231 256 1294 Psalmi
279 1231 319 1294 sit
337 1249 462 1294 sensus:
484 1229 527 1292 Er
549 1229 686 1308 meipso
708 1235 737 1290 te
758 1227 846 1307 penori
860 1235 1017 1307 antequam
1034 1226 1065 1288 in
1087 1245 1174 1289 oerne
1197 1245 1366 1306 appareres.

131 1332 300 1413 Siquidem
326 1332 401 1394 meo
427 1331 515 1394 verbo
543 1343 614 1394 unte
636 1329 811 1410 Luciferum
836 1329 913 1392 idom
945 1328 1042 1391 volent
1063 1347 1097 1391 no
1118 1339 1185 1391 onte
1206 1329 1295 1391 Verbi
1317 1330 1365 1391 in-

134 1435 357 1498 carnationem.
984 1425 993 1448 ⁹

230 1539 283 1601 29.
327 1539 436 1616 Aperte
456 1533 545 1613 igitur
566 1542 650 1596 retus
673 1551 793 1613 quoquo
807 1532 1034 1596 Testamentum
1043 1531 1108 1594 Filii
1130 1533 1272 1594 meminit.
1307 1535 1364 1594 Ve-

133 1656 210 1700 rum
235 1638 272 1699 de
301 1637 349 1698 his
378 1635 557 1700 contendere
585 1651 835 1714 supervacaneum
863 1635 986 1696 omnino
1013 1643 1068 1696 est.
1112 1633 1243 1714 Namque
1272 1634 1299 1696 si
1321 1654 1365 1710 en,

135 1759 221 1820 quae
244 1739 276 1800 in
296 1738 389 1800 reteri
411 1737 600 1798 Testamento
622 1755 682 1798 non
704 1736 865 1810 hahentur,
893 1735 1057 1798 ronentiorn
1083 1736 1174 1798 velint
1204 1755 1287 1810 esse,
1314 1755 1366 1798 re-

138 1840 316 1920 spondeant
337 1839 378 1900 illi
400 1839 473 1901 odeo
496 1837 661 1919 pertimeas
681 1839 833 1913 homines,
867 1855 994 1919 quonum
1022 1839 1053 1900 in
1079 1838 1145 1900 looo
1173 1839 1283 1900 ueteris
1305 1838 1367 1900 Te-

139 1940 287 2004 stamenti
314 1941 388 2004 fonto
420 1940 509 2002 fuerit
536 1939 648 2002 mentio
675 1941 712 2002 de
738 1939 882 2004 Puroolito
911 1939 1036 2020 Spiritu.
1084 1939 1217 2004 Meminit
1248 1934 1453 2020 quidemnern.

140 2042 277 2124 Spiritus
304 2043 412 2106 sensti:
445 2049 476 2104 ot
501 2059 646 2122 nusquam
672 2041 817 2104 Pureoliti.
861 2043 936 2104 Num
964 2061 1036 2128 ergo
1065 2029 1138 2105 eiius
1166 2052 1213 2104 est
1240 2042 1375 2122 Spiritus·

76 2214 79 2236 ἡ
142 2153 268 2208 sanutus
290 2144 415 2208 stulius
438 2143 616 2218 Funditus,
645 2144 728 2224 isque
750 2144 865 2217 iunior,
893 2145 1130 2224 quondoquidem
1159 2144 1231 2207 nihil
1259 2145 1296 2205 de
1317 2143 1368 2206 illo

141 2255 243 2310 exstet
263 2248 295 2308 in
316 2247 408 2309 veteri
430 2243 646 2310 Testamenta?
689 2247 796 2308 Verum
818 2245 895 2308 obsit
922 2255 955 2308 ut
981 2246 1027 2308 vel
1048 2246 1177 2326 Spiritus
1199 2245 1298 2309 iunior
1319 2243 1366 2307 di·

142 2358 230 2412 outur
250 2349 297 2412 rel
318 2349 472 2422 dividetur,
495 2349 534 2410 itu
556 2358 588 2409 ut
608 2347 682 2410 alius
704 2347 745 2408 sit
765 2345 894 2434 Spiritus
915 2357 1035 2410 snuoms
1058 2356 1088 2410 et
1108 2348 1182 2410 alius
1197 2347 1367 2410 Peractitus.
1478 2353 1481 2364 '

60 2478 68 2486 ·
142 2452 227 2516 Unus
259 2451 336 2514 euim
358 2449 500 2530 idemque*
523 2457 570 2512 est
590 2448 736 2529 Spiritus,
769 2449 880 2529 quint
907 2458 976 2512 tuno
1003 2450 1047 2512 sio
1068 2458 1098 2511 et
1119 2467 1198 2510 nuno
1219 2467 1288 2521 eos,
1318 2451 1368 2528 qui

145 2554 246 2630 ipsum
266 2551 423 2630 recipiunt,
446 2551 608 2615 sanctificet
630 2559 660 2613 et
680 2551 866 2628 consolatum
888 2551 1135 2632 quemadmodum
1152 2569 1229 2613 unus
1245 2561 1276 2613 et
1289 2549 1368 2614 idem

147 2651 276 2714 Verbum
295 2651 388 2714 Fidius
411 2651 498 2714 otium
521 2661 591 2716 tuno
612 2671 682 2726 eos,
713 2654 763 2732 qui
785 2653 867 2734 digni
889 2663 988 2728 erent,
1011 2653 1046 2712 ad
1070 2652 1197 2714 tiliorum
1219 2652 1367 2733 provehe·-

149 2751 201 2814 hot
223 2751 431 2814 onnditionem.
474 2753 547 2818 Nem
576 2763 660 2817 erunt
680 2773 797 2835 quoque
823 2755 875 2817 dlii
901 2755 933 2845 in
960 2753 1053 2816 reteri
1082 2752 1289 2828 uestimento,
1318 2753 1368 2833 qui

150 2853 269 2933 quidem
290 2872 352 2916 nou
373 2873 428 2934 per
448 2854 536 2918 elium
557 2875 645 2936 mam
665 2875 720 2944 pop
740 2856 847 2919 Filium
869 2855 1039 2934 dignitatem
1059 2854 1238 2917 uniusmodi
1261 2873 1368 2916 ronse-

151 2954 324 3034 quebontur.
373 2955 405 3018 Si
436 2955 513 3018 enim
539 2957 593 3019 Dei
614 2959 705 3021 Filius
733 2965 801 3019 onte
822 2956 943 3018 diarium
972 2974 1034 3018 non
1064 2955 1191 3030 exstitit,
1219 2955 1369 3037 quomodo

153 3075 262 3136 quaeso
284 3065 351 3120 oute
374 3073 479 3120 omnes
501 3066 555 3133 est,
577 3067 734 3136 cormonte
757 3076 825 3119 eum
846 3057 907 3118 sint
923 3056 999 3120 utut
1043 3058 1201 3131 Quomodo
1217 3058 1288 3120 item
1302 3041 1391 3137 pri·-¹

153 3160 318 3238 ungenitus
346 3167 408 3234 est,
441 3177 507 3222 oum
533 3160 632 3222 multis
660 3159 812 3241 posterior
833 3158 1020 3240 reperiatur?
1062 3160 1170 3222 Verum
1193 3179 1287 3240 neque
1309 3159 1367 3223 Pn-

154 3259 268 3322 melitus
289 3261 440 3341 posterior
462 3269 523 3335 est,
557 3261 665 3342 quippe
693 3263 744 3342 qui
771 3272 838 3324 unte
860 3259 1040 3338 omnesne,
1073 3281 1169 3342 noque
1196 3263 1294 3324 iunior
1321 3245 1375 3326 est'

153 3360 250 3432 Filius,
272 3380 340 3426 nem
363 3363 402 3426 io
419 3368 574 3445 principio
596 3376 663 3426 erut
688 3363 822 3440 Verbum,
844 3373 931 3444 utque
952 3372 986 3426 ut
1005 3365 1134 3445 Spiritus
1157 3373 1187 3426 et
1205 3364 1366 3428 Pnrueiitus

155 3462 227 3526 idom
248 3472 308 3537 est,
340 3463 380 3526 itu
406 3465 486 3528 idem
512 3474 558 3528 est
579 3465 671 3528 Filius
698 3474 729 3528 et
756 3466 894 3529 Verbum.
937 3465 1093 3530 Praeterea
1122 3475 1156 3529 ut
1175 3465 1308 3529 Salvator
1330 3467 1369 3530 de

157 3563 261 3644 Spiritu
283 3565 356 3628 heeo
376 3567 434 3630 uit:
461 3567 636 3630 Puruolt'tus
657 3567 793 3649 Spiritus
817 3567 963 3646 Sanetus,
991 3589 1077 3651 puem
1102 3574 1200 3632 mittet
1220 3570 1313 3632 Potor
1334 3573 1368 3632 io

157 3670 267 3728 nomine
286 3685 366 3738 meo.
394 3668 501 3748 quibus
527 3669 646 3750 quidum
673 3670 773 3733 verbis
802 3671 927 3734 eundem
955 3669 1036 3734 illurn
1064 3691 1132 3733 esse
1159 3670 1287 3732 declarat
1313 3687 1369 3732 neo

157 3765 244 3845 ipsum
266 3767 386 3843 diridit3
406 3769 451 3832 sio
470 3769 596 3832 loannes
619 3772 731 3850 puriter
752 3771 836 3834 dioit:
867 3771 907 3834 Bt
931 3771 1057 3834 Verium
1079 3789 1152 3834 euro
1174 3773 1365 3850 factumest,

159 3878 183 3928 et
203 3867 343 3931 dubitavit
364 3873 396 3930 io
417 3870 517 3940 nodis,
541 3881 570 3932 et
591 3873 718 3934 uidimus
740 3871 869 3951 plurium
891 3876 973 3941 eius,
996 3871 1125 3950 pierium
1147 3875 1235 3952 puori
1259 3870 1367 3952 [luipo-

160 3972 247 4029 tu'tr'u
267 3967 385 4034 Patro..
412 3967 473 4030 Neu
495 3968 573 4030 enirn
593 3969 720 4034 loannes
743 3971 792 4032 hto
812 3971 910 4050 ipsum
932 3969 1051 4046 divisit,
1075 3970 1128 4033 sed
1150 3972 1275 4036 eundem
1298 3991 1367 4035 esse

163 4198 200 4238 etr.
232 4188 308 4240 Ceteri
332 4196 356 4240 et
375 4187 432 4238 editi
449 4179 533 4238 εἰπεῖν
549 4183 592 4238 dri
608 4181 639 4238 τὸ
656 4179 736 4254 ἅγιον
784 4183 830 4240 καὶ
847 4183 940 4255 λόγος·
958 4184 994 4244 ὥς
1010 4184 1064 4260 ἔφη
1083 4185 1098 4242 d
1116 4188 1216 4261 σωτήρ.
1242 4188 1304 4244 d'de'
1321 4203 1367 4245 ete.

164 4265 202 4307 etc.
316 4281 318 4292 =
785 4259 845 4310 ltem
870 4259 927 4308 ibid.
952 4261 1008 4323 [top.
1026 4265 1127 4326 Sepuer.
1146 4264 1218 4314 naeu.
1237 4273 1261 4314 et
1277 4263 1367 4324 inpiis.

192 4339 209 4376 e.
228 4325 269 4375 Sic
286 4323 343 4388 neg.
362 4323 461 4387 Sepuer.
479 4323 551 4374 Bosii.
571 4334 595 4375 et
612 4325 732 4387 inplicam
783 4321 815 4375 τὸ
833 4326 940 4394 πνεῦμα
957 4323 988 4377 τὸ
1007 4321 1101 4394 ἅγιον,
1128 4341 1153 4382 ot
1170 4341 1194 4382 et
1212 4333 1283 4381 hebet
1300 4331 1366 4380 Scri-

162 4395 186 4442 tt
205 4394 240 4443 olii
263 4401 286 4442 et
304 4394 360 4443 editi
379 4385 393 4440 d
412 4394 530 4443 omittunt.
566 4393 656 4443 ibidem
676 4393 733 4456 neg.
782 4405 860 4460 ptura.
896 4397 940 4448 ilii
963 4414 1019 4448 roro
1045 4415 1098 4451 eum
1122 4401 1192 4451 editis
1210 4394 1242 4447 τὸ
1259 4397 1367 4464 πνεῦμα

164 4461 247 4524 sunu.
265 4461 336 4512 desit.
355 4469 379 4512 et
395 4463 485 4523 tortio.
509 4456 556 4510 soi
572 4455 659 4527 λόγος.
686 4456 732 4510 καὶ
782 4455 917 4524 ἀληθείας.
1177 4464 1180 4473 “

165 4519 195 4582 dc
205 4542 284 4594 φησιν
302 4522 316 4576 d
335 4521 426 4595 σωτὴρ
439 4522 558 4595 περὶτοῦ
571 4524 731 4595 πνεύματος.
814 4534 831 4584 i.
850 4535 1098 4598 intremuerunt.
1117 4545 1141 4585 et
1153 4535 1245 4596 tngttc.
1262 4527 1308 4580 sui
1324 4525 1366 4581 ἒν-

95 4597 98 4608 ’
166 4595 222 4646 Gobt
244 4599 314 4648 nubet
331 4599 387 4649 item
406 4609 499 4666 φησιν.
536 4599 614 4648 Ceteri
631 4607 657 4649 et
672 4601 736 4666 editi⁴
779 4600 879 4652 turea.
915 4602 943 4654 in
961 4603 1014 4670 uitis
1032 4613 1057 4655 et
1072 4604 1142 4654 editis
1158 4597 1205 4651 eet
1220 4602 1301 4666 deest,
