3162 5308
499 379 644 423 urrsrnna
658 379 678 422 t.
693 379 730 422 en
746 381 941 425 surorum.
1259 371 1320 454 307

77 533 258 596 minerint:
280 531 373 603 Deus,
396 535 449 612 gar·
464 535 564 611 porolt
583 549 629 592 rae
649 531 687 594 et
709 532 910 595 odoleraentr'o
930 549 995 596 areo
1007 551 1103 616 urgeo
1120 538 1155 596 tr
1173 549 1406 616 praesare-rua

81 646 155 696 terro
184 635 276 709 client,
305 632 447 716 angeles,
476 637 529 714 gua·
549 637 629 694 eruit
649 651 695 696 uu
717 633 752 694 tle
774 638 888 696 coortis
909 633 1016 709 mulir,
1040 635 1193 708 ¹larserliont
1216 642 1405 717 poenul-tot·

79 741 176 800 istis.
222 735 299 798 Num
321 734 388 814 quia
410 742 480 814 post
500 733 593 796 Deum
615 733 749 812 angelum
770 731 941 806 nominarit,
964 735 1047 815 prior
1068 744 1114 798 est
1134 736 1255 816 angelus
1270 737 1321 799 Fi-

81 839 154 914 lio‚
189 847 241 902 aut
265 835 357 899 Filius
393 835 472 898 inter
498 835 618 916 angelos
648 831 882 897 annumeratur?
930 831 973 898 lte
1000 838 1135 916 prolecto
1162 838 1321 914 senserint,
1448 821 1450 826 ¹

82 941 212 1021 qnippe
239 937 347 1019 qubus
376 957 428 1000 eor
456 945 628 1018 oorrnptum
657 936 705 998 sit.
756 933 864 998 Verum
890 953 951 998 nou
980 937 1053 1000 haec
1079 945 1126 1000 est
1154 937 1322 1019 Apostoliea

84 1042 191 1114 fides,
220 1059 315 1120 neque
344 1058 377 1101 ea
399 1041 478 1101 terre
498 1039 566 1100 lioot
587 1037 763 1100 Christiano.
806 1037 880 1098 Nam
909 1045 1008 1100 sancta
1036 1047 1065 1100 ot
1085 1038 1170 1102 beata
1192 1039 1321 1102 Trinitas

85 1143 252 1206 individua
267 1149 368 1221 atque
395 1141 460 1222 ipse
488 1155 589 1203 serum
616 1139 697 1202 unita
721 1147 782 1212 est,
812 1139 852 1200 ita
879 1150 912 1202 ut
938 1139 1108 1240 nbilPatris
1130 1142 1239 1204 montio
1261 1143 1320 1220 liat,

87 1247 237 1308 eiusdem
259 1244 357 1308 statim
379 1241 519 1318 Verbum,
540 1262 574 1304 ao
596 1243 626 1306 in
650 1241 723 1304 Filio
741 1241 869 1322 Spiritus
890 1242 994 1306 debon
1016 1243 1149 1324 intelligi.
1193 1243 1322 1318 Quodsi

90 1347 196 1409 Filius
218 1347 402 1418 nominetur,
431 1345 567 1407 similiter
595 1345 627 1406 in
647 1343 722 1405 Filio
745 1352 793 1404 est
814 1343 916 1418 Pater,
944 1361 1001 1406 noo
1021 1355 1103 1408 extra
1123 1345 1252 1410 llorltum
1274 1353 1323 1410 est

91 1449 233 1528 Spiritus
254 1457 385 1510 sanetus.
429 1421 580 1528 quuitlem
607 1464 665 1508 una
694 1455 740 1507 est
767 1445 863 1508 Patris
891 1447 999 1524 gratia,
1033 1463 1107 1525 quae
1132 1465 1187 1528 por
1214 1447 1320 1512 Filium

89 1551 124 1610 in
153 1550 270 1630 Spiritu
292 1556 396 1611 saneto
419 1547 591 1628 completur.
633 1545 697 1610 llna
718 1546 829 1626 puriter
850 1545 986 1610 diuinitas
1014 1557 1043 1610 et
1064 1565 1142 1610 unus
1162 1549 1241 1613 Deus
1263 1559 1320 1625 est,
1374 1607 1378 1620 ,

89 1653 146 1732 qui
172 1657 334 1731 estsuper
362 1651 460 1712 omnia
489 1659 518 1713 et
538 1669 592 1730 per
620 1649 717 1710 omnia
751 1658 837 1728 atque
858 1649 889 1710 iu
911 1649 1059 1712 omnibus.
1101 1651 1234 1733 numqua
1254 1653 1320 1733 ipso

89 1756 189 1816 etiarn
212 1753 336 1826 Paulus,
365 1753 448 1814 ouius
477 1751 549 1813 hoen
570 1758 640 1812 sunt
659 1749 767 1812 rerba:
803 1750 959 1832 laetificor
987 1763 1088 1816 rorum
1109 1753 1171 1816 llao
1200 1765 1228 1818 et
1250 1755 1320 1820 lese

93 1855 235 1926 Christo,
259 1853 403 1933 Spiritum
425 1873 441 1914 a
462 1851 538 1914 ruis
559 1851 729 1932 neutiquam
751 1852 851 1926 dividi,
873 1853 927 1914 sol
949 1851 1047 1932 ipsunt
1061 1855 1091 1916 in
1108 1853 1225 1916 Christo
1241 1874 1318 1926 osso,

92 1955 350 2036 quemadmodum
371 1955 462 2016 Filius
484 1955 516 2016 in
537 1955 622 2016 Patre
644 1963 700 2026 est,
727 1954 838 2034 optime
859 1964 991 2018 noverat.
1036 1955 1252 2018 convenienter
1272 1965 1318 2018 ta-

18 2089 25 2096 ·
93 2075 170 2118 men
192 2056 303 2118 eleetos
325 2055 445 2136 angelos
467 2075 524 2118 uua
546 2055 686 2129 adiunxit,
708 2063 741 2118 ut
761 2056 900 2138 quonian
915 2057 988 2120 haec
1002 2057 1037 2120 arl
1053 2057 1228 2138 discipulum
1242 2057 1318 2120 scri·

94 2158 199 2231 bebat,
223 2157 281 2232 ille,
304 2158 350 2220 oui
372 2158 493 2222 minime
513 2157 638 2230 latebat,
661 2175 717 2231 ea,
735 2174 809 2238 quae
831 2177 848 2220 a
869 2158 930 2220 lleo
953 2158 1029 2220 (liuta
1051 2167 1134 2232 sunt,
1156 2171 1210 2240 per
1232 2159 1318 2222 Glrri-

94 2269 179 2324 slnrtr
201 2261 232 2324 in
254 2260 365 2342 Spiritu
386 2259 462 2324 (licto
484 2279 561 2334 esse,
585 2267 613 2322 et
634 2259 756 2339 angelos
774 2277 823 2322 rus
838 2268 957 2322 nostras
974 2259 1190 2335 administrare,
1213 2261 1317 2341 singu-

93 2365 254 2444 lorumque
282 2371 364 2426 actus
391 2362 551 2444 speculari,
583 2361 716 2441 magistri
749 2361 970 2425 exhortationes
999 2363 1175 2435 erutorlirat,
1206 2371 1240 2424 ut
1270 2363 1318 2426 oui

94 2482 276 2546 persuasum
297 2473 379 2528 osset
400 2465 532 2528 omnium
554 2479 629 2544 quae
643 2461 753 2526 diceret
772 2465 857 2544 ipsos
872 2465 993 2544 angelos
1008 2463 1318 2544 speculatorestestae

97 2566 219 2627 habere
263 2565 308 2626 tn
328 2567 404 2628 torte
432 2567 569 2647 angelos,
599 2566 649 2646 qui
678 2580 796 2646 semper
822 2565 922 2630 vident
949 2565 1052 2630 lseiem
1072 2563 1186 2638 Patris,
1216 2567 1319 2646 quiin

99 2664 191 2726 caelis
212 2669 270 2738 ost,
292 2674 413 2745 propter
432 2665 580 2730 Eoolesiae
601 2667 734 2748 pusillos,
756 2674 847 2730 testes
870 2668 1006 2749 eppelnt,
1028 2675 1063 2728 ut
1083 2666 1242 2746 discipulus
1263 2685 1317 2730 oo-

99 2765 189 2846 gnitis
211 2767 389 2846 populorum
411 2771 594 2834 muratoribus
616 2771 749 2851 Apostoli
771 2771 987 2834 admonitiones
1008 2783 1070 2852 uon
1090 2767 1259 2848 negligeret

189 3177 238 3238 15.
282 3173 383 3252 ltaque
409 3173 436 3234 is
464 3171 535 3234 rullei
562 3173 676 3236 videtur
703 3187 771 3234 esse
796 3189 902 3233 sensura
924 3171 1092 3252 Scripturas
1113 3191 1229 3246 sanae,
1258 3189 1316 3252 quo

106 3273 188 3354 plane
208 3273 326 3336 illorum
349 3274 491 3336 adversus
506 3275 649 3354 Spiritum
670 3274 806 3355 impietus
821 3273 1001 3336 ralltlisslrne
1014 3265 1166 3338 refutatur.
1208 3275 1317 3337 Verum

107 3373 190 3438 lideru
212 3375 252 3437 illi
274 3375 389 3437 veritati
411 3376 559 3440 adversari
579 3385 717 3456 pergunt,
739 3385 772 3437 ut
792 3373 908 3449 scribis,
930 3376 1071 3438 uoniam
1093 3395 1128 3438 ex
1144 3376 1315 3456 Soriptruiu,

107 3477 209 3557 quippe
230 3476 280 3558 qui
301 3476 373 3538 nilril
395 3476 436 3538 ibi
457 3476 615 3552 invenient,
638 3477 691 3539 sed
714 3493 749 3540 ex
773 3475 886 3556 proprii
909 3477 1008 3540 sordis
1030 3476 1224 3540 redrmdantil
1244 3478 1318 3540 haee

109 3597 206 3640 mrsus
227 3583 375 3643 ertutout:
400 3579 453 3654 „Si
468 3578 597 3660 Spiritus
613 3597 663 3642 ree
685 3587 781 3642 creata
801 3589 863 3640 non
885 3586 940 3653 est,
964 3591 1061 3658 aeguo
1075 3597 1152 3642 unus
1168 3595 1203 3640 ex
1217 3579 1315 3658 lnge-

109 3679 180 3754 ,‚lis‚
213 3681 266 3742 sed
294 3699 330 3742 ax
351 3681 438 3744 Pauo
464 3681 612 3761 prosulit,
645 3681 734 3762 igitur
760 3681 839 3744 lilius
866 3699 983 3761 quoque
1005 3682 1071 3770 ipso
1093 3681 1234 3744 dicendus
1257 3689 1315 3756 est,

111 3781 310 3862 „proindeque
325 3783 384 3844 duo
407 3791 477 3846 sunt
498 3785 614 3858 tratres,
637 3784 701 3864 ipss
722 3783 835 3847 scilieet
855 3791 887 3844 et
899 3783 1038 3846 Verbum.
1083 3782 1169 3857 Quod
1185 3783 1212 3844 si
1226 3785 1316 3844 trater

139 4002 159 4052 l.
175 3995 249 4050 low
266 3999 334 4049 deest
351 4001 374 4049 in
393 3995 450 4062 seg.
469 4001 491 4049 t.
511 4009 535 4049 et
552 4001 651 4062 Seguer.
732 4011 756 4052 st
773 3999 878 4050 Felclm.
893 4001 914 4049 l.
950 4001 1029 4050 Celeri
1053 4007 1077 4051 et
1102 3999 1158 4052 editi
1175 3997 1225 4050 νῦν
1242 4003 1314 4052 omit·

140 4109 157 4144 θ,
174 4083 276 4144 ροῑεῃω,
294 4089 317 4140 2
336 4099 359 4141 ,ι
377 4091 432 4144 egffi
449 4083 612 4166 mmm,
631 4083 680 4142 gu¹
732 4077 784 4120 tunt
802 4067 890 4118 tabent
907 4082 937 4117 us
964 4077 1006 4118 nrt.
1031 4061 1101 4122 τούς.
1138 4070 1197 4122 llril.
1216 4072 1272 4134 lleg.
1292 4073 1314 4120 t.

111 4161 187 4226 lleg.2.
205 4151 680 4226 oorubonuauenrywotasovtn.
732 4137 865 4216 θῑὲβῦῦθῗ·
883 4083 1013 4202 f”²¹⁰5st
1049 4138 1110 4190 Part
1127 4150 1160 4202 7⁵
1178 4141 1201 4190 5¹¹
1219 4139 1273 4188 ”llis
1291 4145 1316 4189 ⁶2

109 4231 150 4282 glg
165 4237 188 4280 ug
205 4229 244 4280 1110
263 4235 346 4278 „mg
732 4205 801 4256 οάιιιι
820 4203 895 4254 laert.
932 4205 1006 4255 Panlo
1023 4213 1080 4270 post
1095 4206 1151 4270 lleg.
1172 4207 1194 4258 l.
1213 4207 1314 4268 Seguer.

216 4325 220 4334 ,
406 4313 414 4332 ,
731 4271 853 4335 Angliern.
870 4272 967 4325 Golrler.
992 4281 1016 4326 at
1038 4274 1142 4326 Fololn.
1163 4275 1185 4326 l.
1202 4267 1315 4342 xeropt-

141 4325 154 4375 l.
171 4323 240 4374 llasrl.
269 4333 477 4391 παρατηρησεις.
523 4323 597 4373 Paulo
626 4331 682 4388 post
731 4353 796 4394 μοις,

112 4385 152 4440 ut
166 4401 219 4458 rou
237 4382 312 4469 τάχα,
323 4385 371 4438 καί
387 4391 498 4442 amrium
514 4391 570 4470 pag.
585 4391 607 4442 ¹·
625 4391 681 4472 οὐ·
765 4411 788 4460 ιι.
807 4411 852 4460 sse
865 4409 921 4472 reg.
937 4409 960 4460 r.
978 4409 1114 4460 nanuum.
1133 4419 1156 4460 e
1173 4411 1278 4462 ratalm.
1290 4411 1313 4460 r.

115 4468 134 4538 2¹
148 4459 238 4522 silw-
278 4459 338 4512 ΠΜ·
356 4473 401 4525 l>ro
419 4459 592 4526 'mmm‘
608 4459 680 4514 3⁸⁸⁸·
731 4476 783 4528 llox
801 4478 872 4528 iidem
901 4485 927 4528 et
941 4477 1040 4540 Seguar.
1058 4467 1125 4526 αὐτό
1142 4479 1252 4529 similiter
1270 4479 1313 4528 lra-

114 4525 266 4594 ⁸9⁰l⁰3¹W
730 4546 795 4596 baut
835 4546 898 4596 Editi
922 4554 946 4595 et
970 4547 1009 4596 ulii
1034 4547 1058 4596 in
1082 4555 1184 4612 utroque
1211 4547 1265 4596 loeo
1290 4553 1315 4597 et

143 4625 161 4672 g.
176 4611 215 4662 Sio
236 4611 293 4676 lteg.
309 4614 331 4664 l.
356 4613 454 4678 Segner.
479 4613 551 4666 Basil.
583 4614 680 4666 Goltler.
730 4613 829 4678 Srgoer.
846 4615 870 4666 in
886 4613 963 4680 priori
981 4603 1069 4667 αὐτός.

1055 4695 1111 4748 45*
1144 4699 1150 4710 '
