3234 5282
562 387 719 434 amaron.
736 389 852 434 eoram
866 391 1003 436 annuos.
1325 375 1390 440 393

159 557 259 602 renam
280 539 423 602 securum
443 519 558 600 natura.
602 535 680 600 Hine
700 535 749 600 ille
770 546 909 619 unquam
931 539 1025 628 Fiiius
1051 549 1175 620 patemo
1198 543 1307 623 madet
1326 541 1477 608 immuto

159 641 256 722 perio,
279 641 335 702 hae
356 647 455 702 auum
476 639 572 702 eunte
595 656 670 718 opus
692 637 812 701 babent.

243 745 296 806 51.
316 739 323 744 ’
340 741 427 816 Quod
455 741 482 804 si
509 739 636 815 ideireo,
669 740 750 820 quod
780 758 857 820 puer
884 739 1082 813 euronotus,
1116 744 1218 821 nugari
1243 743 1335 806 velint
1357 753 1389 808 et

157 843 259 918 rixari,
281 843 398 906 obeam
409 842 493 904 isaac
512 859 639 922 puerum
661 859 780 921 quoque
794 840 930 903 Abrahae
952 839 1128 920 appellatum
1150 861 1228 917 esse,
1251 853 1281 906 et
1294 845 1389 908 filium

157 944 352 1008 Sunamitidis
384 943 541 1025 puerulum
573 942 668 1006 itdste
701 942 822 1004 dietum.
871 940 977 1004 tterito
1005 941 1105 1020 itaque
1132 959 1199 1004 eum
1226 961 1283 1005 nos
1311 945 1391 1008 servi

160 1048 267 1119 simus,
291 1045 340 1108 ille
362 1044 458 1107 nostri
478 1043 575 1106 tanus
597 1042 704 1106 similis
732 1041 850 1104 Patrem
872 1060 990 1122 quoque
1012 1041 1182 1117 dominum,
1212 1043 1298 1106 sicuti
1321 1063 1389 1121 nos,

158 1156 260 1222 roeat3
289 1146 369 1227 quod
390 1145 526 1227 proiecto
549 1161 683 1208 summae
706 1161 779 1206 suae
801 1161 871 1224 erga
890 1161 949 1205 nos
970 1143 1162 1224 benignitatis
1184 1155 1391 1225 argumentum

158 1249 252 1312 voluit
272 1267 357 1323 esse,
380 1255 415 1310 ut
435 1246 550 1310 scilieet
568 1263 643 1321 nos,
673 1244 724 1324 qui
745 1248 850 1308 natura
872 1244 951 1307 servi
973 1263 1106 1319 sumus„
1121 1245 1230 1326 spiritu
1250 1246 1316 1310 Filii
1338 1265 1390 1310 ao·

152 1359 246 1431 'eepto
268 1349 369 1426 illum,
397 1349 447 1429 qui
473 1350 579 1411 natura
601 1329 707 1409 noster
729 1353 778 1408 est
799 1345 954 1422 dominus,
983 1346 1078 1426 gratia
1104 1354 1220 1428 petrem
1241 1347 1391 1429 appellare

161 1451 349 1537 auderemus.
391 1450 502 1512 Verum
523 1446 772 1530 quemadmodum
793 1465 867 1536 nos,x
885 1465 953 1510 oum
969 1445 1127 1511 Dominum
1149 1431 1261 1529 patrem
1284 1449 1412 1530 appel·-

157 1552 268 1627 iamus‚
301 1569 363 1613 non
391 1557 489 1614 tamen
515 1549 681 1622 indeiamur
709 1549 816 1611 'servos
838 1551 1021 1610 nosnatura
1044 1565 1128 1624 esso,
1157 1551 1219 1613 eius
1241 1551 1389 1630 siquidem

159 1672 251 1734 opera
273 1647 387 1728 sumus,
410 1655 532 1734 ipseque
552 1651 625 1730 feeit
645 1669 703 1713 atos
726 1662 756 1714 et
777 1667 841 1712 ooo
862 1652 924 1729 ipsi
944 1667 1019 1724 noa,·
1042 1650 1081 1712 ita
1103 1669 1170 1712 eum
1184 1650 1277 1715 Filius
1291 1654 1390 1716 forma

158 1753 240 1814 servi
258 1759 387 1832 'aooepta
414 1751 471 1813 ait:
507 1751 656 1812 Dominus
685 1752 800 1814 ermott
826 1767 887 1821 ote,
918 1767 980 1810 non
1006 1749 1117 1812 ideireo
1141 1751 1206 1812 eius
1228 1736 1476 1822 divinitatioruuo¹

158 1851 366 1914 aeternitatem
387 1853 496 1930 negare
518 1848 642 1925 debent,
663 1847 709 1924 rel
732 1848 762 1910 in
783 1849 931 1929 prinoipio
952 1850 1081 1914 Verbum
1104 1851 1209 1926 fnisse,
1232 1854 1390 1934 omniaque

159 1971 217 2034 per
237 1951 336 2031 ipsum
358 1951 533 2025 umefacto,
558 1950 640 2011 etin
662 1949 730 2031 ipso
752 1957 851 2030 ereata
871 1951 970 2013 omnia
992 1969 1070 2014 esse.
1114 1951 1177 2013 Hae
1197 1961 1295 2016 autem
1310 1953 1390 2016 Pro-

133 2047 332 2117 'rerbiorum
360 2051 508 2116 sententia
538 2069 600 2114 non
630 2049 722 2113 Verbi
743 2059 864 2125 natura,
896 2051 939 2114 uti
961 2051 1018 2114 iam
1040 2051 1118 2128 dixi,
1146 2053 1199 2116 sed
1222 2053 1392 2119 humanitas

158 2138 352 2236 significatur.
395 2153 469 2216 Nam
490 2153 517 2216 si
538 2153 570 2216 in
592 2138 684 2234 opera
706 2171 740 2216 se
762 2160 894 2216 ereetum
917 2171 984 2214 esse
1005 2154 1092 2228 dieit‚
1120 2157 1308 2220 manifestum
1331 2145 1389 2232 es't,

156 2275 226 2323 eum
248 2256 330 2318 hisee
351 2255 449 2319 verbis
471 2255 551 2318 node
573 2273 657 2318 suam
680 2253 813 2316 iudicare
834 2261 980 2329 naturam,
1002 2255 1056 2316 sed
1078 2273 1161 2318 suam
1185 2257 1388 2322 tantummodo

153 2358 187 2420 in
216 2375 311 2438 opera
340 2355 645 2430 administrationem,
679 2354 761 2434 quod
791 2353 912 2440 quidem
938 2356 1089 2434 posterius
1118 2365 1166 2418 est
1192 2377 1279 2438 quam
1308 2376 1389 2419 esse.

154 2459 218 2522 Res
241 2458 321 2521 enim
343 2467 458 2522 ereatoe
479 2458 578 2538 primo
601 2473 636 2518 ae
656 2453 817 2534 praecipue
840 2472 874 2516 ea
896 2455 933 2518 de
954 2475 1041 2520 causa
1063 2457 1258 2531 summotae,
1281 2464 1314 2518 ut
1328 2457 1392 2518 siut

8 2541 9 2548 ἵ
115 2621 117 2626 ,
154 2569 186 2624 et
212 2561 356 2635 existant,
390 2559 523 2622 seeundb
553 2575 626 2618 vero
655 2553 780 2629 habent,
814 2563 847 2618 ut
867 2565 954 2636 agant
975 2576 1178 2637 quaecumque
1199 2555 1391 2637 imperaverit

155 2660 297 2731 Verbum,
320 2665 355 2719 nt
376 2659 406 2720 in
428 2655 569 2736 omnibus
591 2655 661 2717 lieet
680 2654 861 2736 perspicere.
904 2655 1058 2736 Siquidem
1080 2656 1172 2718 Adam
1194 2664 1311 2718 oreatus
1333 2663 1390 2730 est,

157 2775 221 2819 non
241 2765 276 2818 ut
297 2765 412 2835 ageret,
440 2755 494 2818 sed
517 2763 551 2818 ut
570 2755 699 2836 primum
721 2764 803 2819 esset
822 2755 930 2830 homo,
953 2775 1023 2819 nam
1044 2765 1149 2838 postea
1171 2756 1278 2836 agendi
1299 2774 1390 2836 prae-

160 2865 279 2936 eeptum
301 2857 423 2936 aoeepit.
467 2855 531 2918 Noe
554 2856 691 2920 similiter
712 2874 774 2919 non
795 2841 920 2937 propter
941 2875 1039 2919 aream
1061 2862 1178 2918 oreatus
1202 2865 1258 2931 est,
1282 2855 1336 2918 sed
1358 2861 1392 2918 ut

157 2957 289 3036 primum
312 2966 395 3018 esset
416 2941 551 3018 etderet
569 2955 677 3031 bomo,
706 2976 775 3020 uam
796 2965 901 3038 poetea
923 2955 1145 3018 aream-iussus
1169 2963 1217 3018 est
1237 2955 1391 3032 fabricari3

159 3055 300 3134 idemque
321 3056 353 3117 in
375 3055 439 3118 aliis
462 3056 587 3137 siugulis
602 3058 729 3137 quisque
743 3055 1104 3136 potestanimadrertero.
1132 3055 1250 3117 Etenim
1265 3071 1391 3136 maguus

159 3154 209 3218 ilde
230 3156 350 3236 Moyses
375 3156 490 3236 primus
517 3158 611 3243 iaetus
639 3159 731 3220 bomo
755 3164 817 3230 est,
848 3153 957 3217 deinde
978 3155 1080 3236 populi
1101 3155 1257 3238 imperium
1279 3156 1326 3220 illi
1343 3163 1392 3219 est

160 3257 373 3320 eonoreditum.
417 3258 500 3322 Idem
523 3277 595 3338 ergo
617 3251 801 3339 hio'pariter
821 3257 890 3319 lieet
910 3255 1082 3336 intelligere
1126 3257 1213 3320 Vides
1236 3259 1314 3324 enim
1334 3257 1388 3320 Fi-

156 3357 230 3428 dinm
252 3377 314 3420 uon
335 3358 431 3420 areeri
452 3367 485 3422 ut
506 3359 561 3435 sit;
591 3359 644 3422 sed
667 3365 699 3422 ab
715 3361 873 3440 prt'ttet'pt'e
894 3358 1012 3438 quidem
1035 3371 1103 3423 erut
1126 3357 1261 3432 Verbemf
1281 3368 1390 3441 postea

154 3475 227 3520 vero
249 3459 281 3520 in
305 3477 396 3539 opera
418 3477 583 3541 eorumque
603 3459 888 3523 administrationem
910 3459 1046 3523 mittitur.
1089 3460 1207 3524 Etenim
1230 3470 1408 3543 antequam·

190 3655 212 3694 e:
230 3643 331 3705 Sequor.
350 3652 375 3695 at
392 3646 449 3708 Reg.
472 3637 566 3696 αὔτοῦ.
601 3645 653 3696 idox
671 3645 743 3696 iidem
796 3645 868 3696 iidem
885 3638 931 3694 aad
948 3635 992 3710 ἐφ’
1005 3637 1121 3696 ἑκάστου
1133 3645 1231 3708 ζητῶν,
1250 3637 1386 3696 eadraed-
1436 3663 1443 3672 ·

157 3719 181 3762 et
197 3709 303 3760 Felekm.
323 3711 347 3761 b.
365 3705 404 3766 εἷς
419 3706 454 3761 τὰ
470 3705 540 3779 ἔργα
558 3704 650 3763 ednod.
680 3710 743 3766 editi
815 3726 841 3761 ot
863 3717 905 3767 τις
928 3703 978 3760 ἄν·
1006 3707 1052 3760 καὶ
1061 3707 1129 3792 ydp
1155 3723 1217 3788 ete,
1237 3715 1344 3765 datatim.
1361 3712 1388 3763 t.

158 3786 182 3828 et
199 3779 239 3827 etit
256 3771 292 3825 τὰ
311 3787 334 3828 ιι
352 3772 436 3828 αὐτοῦ
454 3785 575 3833 omittant
795 3725 885 3840 furor
901 3770 972 3830 τοῦτ’
994 3769 1029 3826 ἂν
1046 3793 1122 3846 supet
1138 3775 1181 3832 etr
1199 3792 1247 3826 ar·
1264 3775 1310 3830 not
1326 3772 1384 3848 γάρ

190 3845 208 3894 t.
232 3844 332 3906 sepner.
349 3842 396 3895 καὶ
412 3839 551 3913 ὑπάρχειν.
585 3847 676 3898 ibidem
686 3861 745 3897 mse.
797 3855 843 3898 eto.

137 3905 202 3966 ,καὶ
218 3905 353 3980 δεύτερον.
389 3915 416 3964 Ιιι
435 3914 490 3964 aliis
500 3923 525 3964 et
534 3908 661 3964 natusest
669 3913 745 3962 deest
831 3915 847 3962 i.
873 3910 1389 3973 Sequerion.anIer.Feleitm.1.atd.

156 3978 210 4028 idox
228 3977 327 4042 Sequor.
347 3989 371 4030 et
387 3981 446 4042 neg.
463 3974 527 4046 περὶ
544 3963 584 4027 ὧν
601 3971 635 4026 ἂν
653 3971 747 4031 αὐτοῖς
798 3967 947 4043 ἄνθρωπος
963 3972 1068 4041 rdyora.
1098 3979 1151 4035 ,atii
1169 3987 1194 4030 et
1209 3980 1267 4031 editi
1280 3971 1390 4050 ἄνθρω-

156 4037 276 4126 d'bdyoc
297 4060 318 4094 π
338 4041 461 4112 ostrina.
497 4047 576 4097 ceteri
599 4057 660 4095 mss.
684 4037 748 4111 usqi
797 4039 1030 4109 narraremus·
1052 4045 1104 4095 bion
1122 4046 1222 4109 Sequor.
1241 4049 1298 4111 iden.
1318 4049 1389 4100 Gobl.

157 4095 198 4160 ὦν
214 4127 250 4160 αν
268 4105 309 4161 at
346 4105 510 4168 ocndrrdrn
529 4105 653 4179 ιιι-τάττῃ.
684 4112 747 4174 Edit.
771 4123 780 4132 ·
799 4113 904 4162 deiciam.
917 4112 939 4161 l.
958 4121 982 4162 et
991 4111 1015 4162 d.
1033 4104 1183 4180 ἡγεμονίαν
1198 4114 1249 4165 τοῦ
1266 4111 1343 4172 λαοῦ,
1362 4125 1390 4168 ιιι

156 4180 274 4230 Commet.
301 4176 364 4250 περὶ
392 4165 432 4229 ὧν
455 4171 495 4228 ὢν
517 4195 532 4228 o
557 4171 638 4243 λόγος
655 4169 748 4228 αὐτῶν
799 4180 940 4230 etNonnius
958 4180 1023 4243 legit
1058 4181 1120 4234 Editi
1138 4183 1219 4234 etalii
1239 4175 1390 4250 ἡγεμονίαν

157 4240 320 4314 προςτάττῃ.
798 4245 847 4296 rod
870 4239 961 4314 λόγου.
998 4249 1088 4300 ibidem
1113 4265 1171 4301 mss.
1195 4249 1278 4300 τοῦτο
1302 4249 1387 4300 νοῶν.

190 4329 212 4375 a.
230 4317 271 4366 sie
289 4317 321 4366 Sa
355 4331 389 4366 er.
408 4313 684 4378 benedicimus.
702 4315 746 4366 sed
797 4317 878 4366 Editio
896 4315 1014 4367 Commoi.
1032 4315 1132 4366 τοῦτον
1147 4317 1229 4368 rosit.

157 4379 256 4442 Sequar.
273 4374 329 4430 dna
366 4395 401 4431 ot.
437 4385 467 4434 tt
490 4383 548 4434 editi
570 4375 625 4431 bnt
660 4377 747 4449 psat
831 4384 854 4434 k.
872 4384 914 4434 Sio
930 4385 962 4435 So
980 4399 1030 4434 aar.
1048 4385 1223 4448 requenter.
1242 4392 1266 4436 et
1283 4385 1389 4436 Fatebor.

157 4439 306 4514 ἅνθρωπος
321 4463 440 4515 γνηται.
477 4451 569 4501 diense
587 4465 610 4500 ιι.
653 4449 689 4500 oie
704 4447 742 4500 τέ.
799 4451 822 4502 t.
841 4460 865 4501 et
882 4399 1026 4502 monadum
1044 4447 1075 4501 tt
1087 4445 1178 4518 χρεία.
1208 4452 1287 4502 Ceteri
1297 4459 1321 4499 at
1331 4449 1389 4502 editi

76 4561 84 4569 .
189 4515 213 4564 Ιι.
232 4517 333 4586 Gobter.
356 4528 380 4569 et
402 4519 508 4570 Feieim.
528 4519 550 4568 1.
568 4464 680 4580 ἕντολὴν
696 4515 747 4567 τοῦ
796 4512 913 4584 καὶγὰρ
930 4514 976 4568 καὶ
993 4507 1342 4592 npbyardobot..3.or⁰rrot
1359 4509 1390 4566 δὲ

156 4573 324 4648 ἐργάζεσθαι
341 4580 393 4635 ’καὶ
408 4579 617 4636 κατασκευάσαι.
652 4585 745 4638 ibidem
793 4579 883 4652 χρεία.
917 4586 945 4638 ln
963 4587 1070 4636 deletu.
1088 4585 1112 4642 b
1132 4582 1200 4634 deest
1216 4594 1251 4630 τα
1268 4573 1346 4647 ἔργα.
