3226 5280
223 354 264 416 64
625 371 651 414 s.
666 370 820 414 rrrmssn
836 370 1056 414 moeruersooer

136 513 313 582 emtum
335 509 353 578 ὁ
376 512 480 597 λόγος,
505 510 524 600 ἡ
547 521 654 602 σοφία
674 517 733 581 τού
756 515 891 601 πατρός,
916 516 950 582 ἐν
971 503 1159 602 ᾦὸπατὴρ
1175 511 1449 586 ἀποκαλύπτεται

221 615 274 680 καλ
296 613 493 697 γινώσκεται
514 618 567 682 καὶ
591 617 789 703 δημιουργεῖ,
813 615 867 682 καὶ
890 606 928 680 ού
951 615 1028 682 άνεο
1052 611 1147 683 οὐδὲν
1170 613 1188 683 ό
1210 619 1320 706 πατὴρ
1343 625 1446 702 ποιεῖ,

136 714 337 797 υ.ιεο.“δῆλου
366 711 420 783 ὅτι
448 711 547 795 αὐτός
575 715 646 783 ἔστι
673 715 712 780 τὸ
741 715 775 782 ἐκ
796 719 855 780 τού
877 716 1019 802 πατρός·
1050 712 1151 784 αὐτοῦ
1174 718 1235 805 γάρ
1257 721 1314 787 καὶ
1335 721 1446 788 πάντα

218 813 261 882 τά
282 816 419 905 γεννητά
439 825 574 902 μετέχει,
596 822 771 901 μετέχοντα
792 819 850 882 τοῦ
873 811 967 902 ἁγίου
989 819 1187 903 πνεύματος.
1233 818 1319 888 otoo
1342 823 1377 890 δὲ
1401 817 1447 889 ἀν

220 913 279 985 οὐκ
309 919 403 986 ’ἐσται
430 920 465 998 ἐξ
493 915 550 986 οὐκ
579 914 682 984 όντων
705 915 781 983 οὐτε
803 912 889 996 ὅλοις
910 925 1047 1003 κτίσμα,
1077 915 1162 988 ἀλλά
1182 923 1308 1006 μᾶλλον
1331 921 1366 990 έκ
1386 925 1446 990 τοῦ

219 1021 349 1107 πατρὸς
371 1021 457 1087 idion
478 1027 626 1105 γέννημα,
652 1012 697 1095 ὦς
718 1017 753 1084 έκ
775 1018 888 1105 φωτὸς
909 1019 948 1084 τὸ
971 1013 1183 1106 ἀπαύγασμα.

306 1129 356 1190 25.
405 1119 447 1187 Oi
474 1123 533 1205 μέν
562 1109 618 1184 οὐν
650 1118 684 1184 ἒν
712 1121 752 1206 τῇ
775 1127 901 1208 Νικαίᾳ
930 1121 1146 1201 συνελθόντες
1173 1122 1295 1211 ταύτην
1318 1123 1444 1207 ἔχοντες

220 1223 278 1312 την
308 1221 456 1290 διάνοιαν
484 1217 640 1298 τοιαύτας
667 1219 804 1298 καὶτὰς
825 1221 930 1301 λέξεις
951 1221 1108 1308 ἔγραψαν.
1155 1219 1208 1291 ὅτι
1231 1226 1267 1292 δὲ
1289 1219 1347 1307 οὐχ
1369 1225 1445 1292 iov-

220 1334 291 1404 τοῖς
312 1322 499 1400 πλάσαυτες
520 1319 703 1408 ἐπενόησαν
724 1321 855 1402 ταύτας,
879 1322 995 1408 ἐπειδὴ
1018 1323 1074 1390 καὶ
1095 1328 1193 1392 τούτο
1215 1325 1444 1414 προφασίζον-

219 1451 289 1504 ται,
319 1417 388 1490 ἀλλ’
413 1422 546 1490 ἀνωθεν
573 1417 668 1509 παρὰ
697 1425 764 1488 τῶν
792 1422 860 1508 πρὸ
884 1419 992 1492 αὐτῶν
1014 1426 1263 1512 παραλαβόντες
1285 1426 1443 1515 εἰρήκασι,

219 1531 298 1613 φέρε
324 1522 380 1591 καὶ
408 1528 506 1591 τοῦτο
536 1525 764 1610 διελέγξομεν,
794 1525 850 1591 ἵνα
877 1526 961 1613 μηδὲ
990 1522 1071 1614 αὐτη
1094 1521 1208 1606 αὐτοῖς
1229 1523 1248 1616 ἡ
1271 1525 1444 1615 πρόφασις

217 1627 460 1714 περιλείπηται.
487 1625 634 1711 μάθετε
655 1633 775 1706 τοίνυν,
800 1615 1064 1713 ιύχριστομάχοι
1082 1622 1258 1714 Ἆρειανοί,
1284 1625 1336 1695 ότι
1360 1628 1444 1696 Θεό-

216 1751 362 1814 γνωστος
382 1733 451 1812 μέν,
476 1723 556 1816 ἀνὴρ
578 1727 697 1812 λόγιος,
721 1722 760 1793 οὐ
782 1728 997 1815 παρῃτήσατο
1019 1727 1058 1794 τὸ
1072 1729 1106 1795 ἐκ
1120 1732 1178 1817 τῆς
1193 1725 1308 1808 οὐσίας
1324 1729 1442 1798 εἰπεῖν.

218 1829 354 1919 γράφων
381 1829 442 1916 γάρ
471 1828 551 1914 περὶ
578 1829 651 1894 οἱοῦ
680 1828 713 1896 έν
741 1831 788 1914 τῷ
819 1829 959 1918 δευτέρῳ
981 1833 1047 1896 τῶν
1069 1825 1318 1898 ὐποτυπώσεων
1341 1828 1446 1908 ούτως

219 1933 360 2020 εἴρηκεν·
383 1925 440 1996 οὐκ
462 1930 587 2009 ἐ’ξωθέν
608 1935 659 2008 τίς
682 1928 771 1996 ἔστιν
794 1929 1016 2017 ἒφευρεθεῖσα
1038 1927 1131 2018 ἡτού
1147 1931 1220 1996 υἱοῦ
1236 1927 1343 2012 οὐσία,
1368 1927 1444 1998 οὐδὲ

219 2033 253 2100 ἐκ
273 2031 317 2120 μὴ
342 2028 446 2098 όντων
469 2031 658 2118 ἒπειςήχθη,
683 2026 767 2096 ἀλλά
790 2030 825 2098 ἐκ
846 2036 904 2119 τῆς
925 2035 984 2098 τού
1007 2030 1136 2118 πατρὸς
1159 2027 1275 2112 οὐσίας
1297 2033 1374 2122 ἔφυ,
1400 2029 1445 2110 ὡς

218 2137 276 2200 τού
299 2131 412 2222 φωτὸς
433 2132 472 2200 τὸ
495 2127 712 2218 ἀπαύγασμα,
737 2127 782 2209 αῖς
804 2127 925 2209 ύδατος
948 2127 1062 2215 ἀτμίς·
1093 2130 1169 2200 οὐτε
1189 2132 1251 2218 γάρ
1272 2133 1312 2200 τό
1334 2129 1444 2200 ἀπαύ-

217 2257 328 2321 γασμα
357 2232 433 2302 οὐτε
460 2230 480 2320 ἡ
509 2230 607 2317 ἀτμὶς
635 2229 777 2300 αὐτότὸ
800 2228 888 2317 ύδωρ
912 2231 1001 2298 ἐστὶν
1023 2226 1044 2317 ἢ
1066 2228 1165 2310 αὐτὸς
1188 2228 1206 2298 ό
1228 2230 1338 2319 ἥλιος·
1369 2231 1444 2300 οὐτε

218 2333 406 2421 ἀλλότριον,
437 2329 522 2402 ἀλλὰ
550 2330 718 2420 ἀπόῤῥοια
746 2335 804 2420 τῆς
825 2335 884 2396 τοῦ
907 2330 1035 2416 πατρὸς
1057 2327 1189 2412 οὐσίας,
1219 2329 1258 2399 οὐ
1280 2332 1442 2420 μερισμὸν

217 2434 443 2523 ύπομεινάσης
469 2440 527 2522 τῆς
554 2439 612 2502 τοῦ
642 2432 770 2520 πατρὸς
797 2427 922 2510 οὐσίας.
968 2429 1014 2510 ὡς
1040 2431 1102 2518 γάρ
1129 2438 1237 2515 μένων
1267 2430 1443 2520 ὁῆλιοςό

217 2533 316 2616 αὐτὸς
339 2532 377 2604 οὐ
399 2541 554 2620 μειοῦται
574 2546 649 2614 ταῖς
672 2535 876 2617 ἐκχεομέναις
898 2527 953 2599 ὐπ’
979 2529 1080 2599 αὐτοῦ
1096 2528 1221 2617 αὐγαῖς,
1246 2531 1351 2612 οὕτως
1365 2531 1443 2600 οὐδὲ

217 2636 236 2728 ἡ
265 2635 363 2707 οὐσία
387 2641 447 2704 τού
474 2637 604 2722 πατρὸς
631 2631 810 2702 ἀλλοίωσιν
833 2631 1024 2720 ὑπέμεινεν,
1055 2633 1163 2702 εἰκόνα
1185 2635 1302 2722 ἑαυτῆς
1325 2635 1443 2718 ἔχουσα

216 2740 273 2807 τὸν
301 2741 382 2806 υἱόν.
428 2735 446 2806 ό
475 2741 535 2823 μὲν
564 2728 621 2804 οὐν
646 2736 859 2822 Θεόγνωστος
888 2735 949 2802 ’τά
978 2735 1125 2822 πρότερα
1156 2732 1201 2815 ὡς
1224 2736 1444 2824 ένγυμνασίᾳ

217 2841 387 2922 ἐξετάσας,
411 2835 548 2927 ύστερον
570 2837 628 2926 τὴν
651 2839 769 2906 ἑαυτοῦ
793 2837 892 2917 δόξαν
914 2833 1035 2917 τιθείς,
1059 2833 1165 2916 ούτως
1188 2839 1321 2926 ε’ίρηκεν.
1360 2843 1443 2904 Διο-

203 2942 329 3022 Ινύσιος
350 2943 387 3010 δὲ
410 2937 428 3007 ὁ
450 2940 622 3027 γενόμενος
645 2941 829 3018 ἐπίσκοπος
851 2942 909 3025 τῆς
926 2933 1176 3025 Ἀλεξανδρείας
1197 2938 1281 3007 κατὰ
1302 2941 1361 3006 τού
1376 2944 1443 3004 Σα-

215 3045 348 3130 βελλίου
370 3043 523 3132 γράφων,
553 3042 612 3130 τήν
634 3067 670 3108 τε
691 3040 774 3108 κατά
797 3040 901 3124 σάρκα
924 3039 1113 3123 οἰκονομίαν
1135 3044 1194 3105 τού
1217 3043 1364 3127 σωτῆρος
1387 3039 1443 3106 διά

215 3143 381 3212 πλειόνων
403 3145 625 3232 ἐξηγούμενος,
648 3143 705 3210 καὶ
727 3143 762 3222 ἐξ
783 3139 883 3226 αὐτῆς
898 3141 1070 3224 διελέγχειν
1085 3139 1162 3218 τούς
1175 3141 1442 3225 Σαβελλίζοντας,

217 3242 270 3313 ὅτι
296 3244 341 3332 μὴ
370 3241 388 3310 ό
416 3246 526 3332 πατήρ
555 3245 645 3312 ἐστιν
674 3239 692 3308 ό
721 3240 894 3329 γενόμενος
916 3238 1007 3324 σάρξ,
1031 3234 1099 3304 ἀλλ’
1127 3235 1283 3306 ὁτούτοο
1306 3241 1442 3326 λόγος’),

217 3345 262 3426 τός
285 3341 377 3414 εἶπεν
401 3340 595 3431 όλωάννης,
620 3342 736 3429 ἐπειδὴ
758 3339 931 3426 ύπενοηθη
955 3335 1000 3417 ὦς
1022 3347 1151 3426 ποίημα
1172 3339 1228 3408 καὶ
1242 3339 1375 3427 γενητὸν
1391 3343 1444 3407 λέ-

215 3473 281 3533 γων
303 3446 361 3512 τὸν
383 3442 456 3512 υἱὸν
477 3445 533 3511 καὶ
554 3444 598 3531 μὴ
622 3440 800 3526 ὁμοούσισν
822 3443 868 3526 τῷ
890 3447 1003 3526 πατρί,
1026 3440 1148 3528 γράφει
1168 3441 1254 3528 πρὸς
1273 3441 1331 3507 τὸν
1355 3438 1444 3526 ὁμώ-

217 3571 318 3634 νυμον
340 3542 429 3632 αὐτῷ
452 3544 632 3612 Διονύσιον
654 3543 711 3609 τὸν
735 3541 921 3608 ἐπίσκοπον
941 3537 1071 3632 Ῥώμης,
1096 3538 1363 3628 ἀπολογούμενος
1385 3567 1443 3609 συ-

210 3759 215 3768 .
287 3719 310 3780 1)
330 3721 394 3768 ioan.
415 3719 438 3778 1,
458 3717 499 3767 tt.

251 3853 271 3885 s.
291 3837 331 3886 Sic
349 3837 405 3898 dep.
440 3837 468 3885 λι
492 3835 531 3884 olii
551 3841 575 3884 et
592 3833 647 3884 editi
667 3823 801 3891 δηλονότι.
857 3845 909 3892 nes,
928 3831 950 3880 in
970 3831 1058 3896 quibus
1077 3833 1156 3882 minus
1174 3842 1239 3884 recte
1257 3834 1287 3884 de
1299 3835 1359 3883 Filio
1378 3835 1444 3882 virie-

251 3906 273 3953 b.
294 3905 322 3952 Ut
346 3903 583 3963 immunitionem,
609 3903 740 3950 notandum
759 3905 804 3958 est,
856 3906 896 3947 tur
913 3899 1051 3962 disserere;
1076 3900 1119 3949 sed
1145 3901 1166 3950 id
1193 3917 1246 3950 enm
1267 3901 1443 3951 exercitationis

217 3972 397 4032 Theognostum
421 3977 482 4020 teste
506 3969 591 4019 Photio
619 3969 731 4019 Biblioth.
750 3967 803 4018 cod.
856 3974 948 4016 tontum
965 3968 1040 4030 gretie
1059 3969 1189 4032 scripsisse
1207 3971 1239 4019 eit
1256 3970 1280 4019 S.
1292 3970 1446 4029 Athanasius,

219 4038 277 4088 106.
300 4047 394 4102 septem
419 4037 586 4100 composuisse
611 4038 749 4096 erutiones,
781 4035 803 4084 in
856 4049 904 4084 non
923 4051 979 4085 vero
998 4049 1025 4084 er
1044 4037 1141 4100 proprie
1161 4046 1250 4094 mente,
1269 4052 1339 4099 quom
1357 4037 1443 4100 ipsein

218 4121 319 4172 querum
337 4105 459 4168 prioribus
478 4120 506 4153 ue
523 4103 804 4168 proecipneinseenndu
856 4103 940 4151 nitimu
964 4105 1075 4152 oratione
1106 4105 1223 4164 exposuit.
1267 4103 1356 4151 Eodem
1387 4105 1442 4151 item

218 4175 298 4222 minus
322 4172 454 4222 orthodoxe
479 4170 571 4220 videtne
593 4172 683 4220 sentire
708 4171 738 4218 de
763 4169 804 4217 [tei
856 4170 929 4219 modo
948 4185 1002 4219 eum
1022 4170 1118 4219 detondi
1138 4184 1210 4231 posse
1228 4169 1381 4227 uiti’hotius,
1400 4185 1442 4217 un·

219 4241 288 4300 Filio,
307 4254 378 4304 qoem
397 4241 491 4289 seilicet
508 4253 558 4288 rem
579 4246 684 4288 orestem
698 4237 807 4286 essedo·
860 4237 897 4285 ius
917 4239 976 4286 hoec
993 4245 1049 4285 snm
1067 4237 1150 4284 rerba:
1169 4227 1230 4282 υἱὸν
1248 4228 1277 4282 δὲ
1294 4230 1442 4299 λέγωνκτί-

219 4316 271 4370 eot;
295 4316 319 4356 et
342 4309 365 4356 in
390 4309 491 4369 septime
517 4313 540 4354 ot
558 4314 681 4368 postrema
699 4303 807 4353 oratione
860 4314 917 4368 σμα
936 4295 1023 4350 αὐτὸν
1041 4293 1248 4364 ἀποφαίνεικαὶ
1261 4299 1443 4367 τῶνλογικοῖν

220 4374 352 4424 orthodoxe
370 4377 443 4424 sentit
461 4375 490 4422 de
509 4373 585 4431 Fiiio,
605 4373 634 4420 de
654 4386 701 4436 quo
720 4385 808 4434 nempe
856 4364 948 4451 μόνον
965 4363 1130 4422 ἐπιστατεῖν,
1149 4363 1195 4416 καὶ
1207 4359 1335 4422 ἀλλάττα,
1355 4360 1441 4444 ὥςπερ

220 4443 280 4492 tneo
297 4441 378 4502 hebet,
397 4455 458 4505 quse
470 4441 508 4490 hie
518 4441 611 4502 proiert
621 4441 646 4487 S.
655 4439 807 4498 Athanasius,
861 4437 918 4504 Ωρι
937 4433 1007 4494 ἔνης,
1026 4430 1151 4500 ἐπιφέρει
1167 4433 1207 4482 τ’
1224 4427 1283 4498 oip,
1303 4427 1356 4482 εἴτε
1367 4427 1443 4498 ὁμοι-

220 4511 261 4573 qui
280 4525 323 4572 per
341 4510 401 4558 hoec
417 4509 487 4558 uerbo
506 4501 541 4554 τά
550 4497 671 4570 πρότερα
682 4503 729 4554 non
743 4505 807 4554 oiiod
860 4519 897 4557 τις
914 4451 1005 4582 ύιείνφ
1025 4497 1168 4564 δυσστβείᾳ
1184 4449 1314 4555 λύλωιιιύτ,
1336 4493 1444 4554 eiusde

222 4587 286 4626 certe
304 4577 423 4640 intelligit,
443 4589 513 4640 qoem
533 4575 630 4637 priores
647 4574 698 4621 eius
717 4573 807 4622 orstio-
860 4563 895 4619 ἀν
911 4584 952 4622 τις
970 4584 1042 4618 ειποι
1059 4561 1252 4635 ἐκβιασάμενος
1261 4563 1310 4628 τὴν
1320 4559 1444 4638 ύπὲραύ-
