3236 5286
564 393 672 438 ortuo
687 393 708 437 ι.
724 389 840 440 noum
855 391 991 440 neuros.
1321 377 1384 446 tlt

156 543 291 620 „errae
323 559 390 606 une·
404 561 477 606 sene
499 551 529 606 et
550 543 653 608 eodem
676 543 796 608 Ναίν·
839 541 923 608 Licet
942 543 1023 616 enlm
1045 541 1145 606 runis
1165 545 1300 627 Apostoli
1321 557 1471 611 noum

155 647 231 708 leue
257 643 415 708 intellectis
445 643 518 708 dues
546 663 615 708 esse
645 645 805 724 sapienties
833 639 1033 718 existimarit,
1053 651 1152 708 tomen
1179 667 1245 710 eum
1266 649 1384 726 dixerit,

154 745 347 827 sapientiem,
377 763 452 825 quoe
481 745 568 810 simul
589 765 656 810 oum
678 745 741 808 lieo
765 745 882 818 existit,
911 747 1112 809 non-lecturo
1135 765 1216 819 esse,
1244 767 1305 812 non
1326 752 1385 814 iem

155 865 248 916 unum
270 849 482 922 nou-leolum,
504 848 558 926 sed
581 847 665 926 aliud
681 865 801 928 quoquo
822 847 1012 912 non-loetum
1034 865 1102 910 oum
1124 845 1175 908 illo
1198 865 1266 910 esse
1287 850 1384 914 deela-

153 949 239 1012 revit
283 949 359 1010 Nem
381 948 461 1028 qood
482 948 573 1010 simu
594 948 707 1022 existit,
741 965 803 1008 non
832 947 921 1010 simol
948 966 1015 1010 oum
1038 947 1142 1027 seipso
1165 947 1218 1010 sed
1241 967 1307 1010 nrm
1328 951 1384 1012 elio

156 1050 266 1114 existit.
279 1083 284 1095 ·
297 1049 347 1112 Vel
360 1049 449 1130 igitur
465 1048 585 1112 istorio
601 1048 802 1112 ousordtuntes
817 1065 879 1110 non
893 1049 1019 1129 emplius
1034 1049 1230 1129 interrogent,
1254 1049 1387 1114 Unumne

156 1151 196 1214 sit
217 1151 436 1226 non-lectum,
466 1169 504 1212 on
525 1149 613 1214 duo‘l
641 1169 680 1214 ne
708 1157 858 1230 umquem
887 1150 1066 1215 dissidentes
1096 1169 1164 1214 eum
1186 1171 1223 1214 eo
1246 1161 1387 1232 pugnent.

154 1254 213 1318 Aut
234 1254 260 1316 si
284 1252 311 1316 ei
333 1253 537 1326 adversentur,
560 1251 693 1314 eiusdem
714 1250 792 1313 libro
814 1250 899 1314 inniti
921 1251 1070 1326 desinont,
1093 1269 1133 1314 ne
1152 1269 1187 1314 se
1201 1251 1328 1315 iurioem
1343 1251 1387 1314 lr-

156 1363 293 1420 oerentes
314 1374 330 1417 o
353 1339 463 1434 seipsis
485 1361 590 1416 mutuo
613 1352 815 1416 conficientur.
858 1351 897 1414 Et
917 1353 991 1416 hoeo
1004 1352 1123 1432 quidem
1137 1371 1231 1432 penos
1245 1352 1388 1416 odrersno

156 1457 274 1522 illorum
297 1456 445 1519 inscitiam
469 1455 531 1518 sint
553 1455 639 1518 dioto.
685 1454 761 1527 Quis
782 1469 853 1516 roro
876 1453 908 1515 ln
930 1453 1104 1518 sceleratam
1126 1473 1230 1518 eorum
1249 1453 1388 1516 ostutiom

156 1560 349 1622 uehementer
370 1559 443 1622 satis
466 1556 564 1618 invehi
587 1554 709 1638 possiti
754 1555 830 1629 Quis
852 1573 905 1618 eos
927 1555 967 1620 ito
989 1555 1173 1620 insanientes
1196 1555 1305 1620 morito
1327 1573 1389 1618 non

156 1656 276 1722 oderit?
310 1658 382 1720 Cum
405 1657 485 1720 enirn
508 1658 567 1718 lum
587 1675 648 1720 non
671 1657 712 1718 sit
734 1656 778 1720 eis
801 1657 948 1736 integrum
962 1656 1011 1719 his
1027 1658 1070 1718 uti
1093 1657 1231 1720 vocibus:
1252 1657 1386 1722 linilrilo
1481 1677 1490 1694 ·

157 1769 221 1832 est,
244 1777 306 1820 non
328 1757 384 1820 luit
404 1767 563 1836 antequem
585 1765 775 1830 nosceretur,
798 1757 969 1820 vocobulum
992 1759 1152 1822 non-lecti
1174 1759 1385 1840 excogitavere,
1394 1767 1474 1814 Μῖ-

159 1869 194 1922 ut
215 1875 283 1919 eum
304 1857 382 1936 epod
404 1856 602 1934 simpliciores
623 1857 730 1920 Filium
752 1859 860 1922 ledum
882 1876 950 1922 esse
964 1858 1075 1932 dieunt,
1098 1859 1201 1922 eedem
1216 1877 1323 1922 rursus
1337 1861 1386 1924 illr

161 1955 331 2036 significent
350 1955 501 2028 voeabula,
525 1973 630 2038 nempe
651 1957 693 2020 Er
716 1958 809 2026 nihilo
832 1968 878 2022 eet
899 1967 930 2020 et
950 1959 1107 2038 aliquando
1123 1977 1183 2022 non
1198 1961 1263 2026 luit.
1294 1961 1386 2028 Nem·

161 2076 221 2138 que
240 2056 412 2120 huiusmodi
435 2056 557 2119 uocibus
577 2077 625 2122 res
649 2061 741 2132 laotos
764 2068 794 2122 et
815 2071 933 2122 meotes
954 2059 1128 2126 iudicentur.

247 2261 297 2324 33.
341 2259 417 2324 Seue
438 2260 465 2322 sl
486 2259 551 2336 his,
580 2279 655 2342 quoe
676 2269 883 2342 propugnant,
914 2261 1109 2338 confiderent,
1140 2283 1175 2326 eo
1196 2264 1260 2345 ipse
1280 2273 1387 2329 essent

162 2360 323 2435 retinenda,
345 2381 399 2426 neo
420 2363 514 2426 varies
537 2383 612 2444 opus
636 2373 720 2426 esset
742 2365 855 2426 termes
877 2381 1040 2428 resumere.
1084 2365 1191 2428 Verum
1215 2365 1245 2428 id
1264 2367 1388 2430 minimo

160 2462 276 2536 volunt,
306 2481 395 2544 seque
418 2464 520 2526 omnia
543 2463 627 2524 laoile
649 2481 743 2542 posse
764 2463 960 2538 arbitrentur,
988 2465 1015 2528 ei
1042 2466 1160 2528 haeresi
1188 2467 1246 2528 hoo
1266 2467 1390 2530 nomino

158 2573 298 2645 oooperte
319 2565 496 2628 vocabulum
520 2563 680 2625 non-leoli
710 2562 880 2628 obieoerint.
924 2567 982 2628 Sed
1012 2566 1094 2628 enim
1121 2567 1194 2628 heee
1221 2567 1288 2645 ipsa
1309 2583 1390 2628 non·
1494 2639 1497 2650 Ι

157 2667 225 2727 laeti
247 2666 338 2728 dictio
363 2681 549 2743 nequequam
572 2663 608 2722 od
630 2663 734 2726 Filium
756 2667 898 2740 retertur,
921 2665 1063 2746 quiequid
1085 2665 1128 2728 illi
1150 2674 1256 2729 oontm
1277 2665 1392 2744 obpon-

158 2767 257 2838 ninnt,
286 2765 341 2826 sed
363 2765 400 2826 ed
422 2783 471 2826 res
494 2765 602 2838 leotes3
630 2765 712 2827 euius
741 2769 859 2846 quidem
889 2768 933 2830 roi
956 2768 1027 2846 quid
1050 2767 1148 2830 simile
1169 2765 1272 2827 ridere
1294 2771 1341 2824 ost
1362 2763 1394 2824 irr

159 2866 230 2928 istis
253 2864 376 2926 'rooibus
401 2864 598 2942 Omnipotens
621 2873 650 2926 et
670 2867 813 2930 Dominus
836 2869 990 2950 uirtutum.
1033 2867 1109 2926 Nam
1136 2865 1163 2926 si
1185 2863 1274 2924 Peter
1295 2863 1397 2925 omnio

159 2985 218 3046 per
240 2964 371 3026 Verbum
394 2963 423 3023 io
446 2983 499 3026 sue
522 2973 669 3044 potestate
690 2967 789 3040 habet,
812 2947 978 3046 gubernet,
995 2975 1025 3030 et
1046 2963 1135 3042 regit,
1158 2963 1186 3026 si
1208 2962 1313 3024 eodem
1335 2962 1393 3026 Ρο-

161 3067 220 3130 tris
244 3083 338 3144 regno
361 3064 472 3144 potitur
492 3065 585 3128 Filius
608 3067 805 3146 omnibusque
826 3068 952 3146 imperet
967 3075 1007 3143 ¹ut
1020 3061 1152 3126 Verbum
1174 3071 1204 3124 et
1226 3063 1322 3142 imogo
1336 3063 1394 3126 Po·

162 3167 237 3242 tris3
259 3165 449 3228 menifestum
472 3176 529 3240 est,
551 3186 648 3247 neque
669 3169 729 3230 hoe
742 3168 831 3230 modo
847 3167 952 3228 Filium
967 3165 1046 3230 inter
1060 3183 1110 3228 res
1126 3183 1229 3228 omnes
1245 3164 1392 3238 oolloeorl,

160 3286 262 3348 neque
282 3266 376 3328 Deum
398 3277 522 3360 propter
544 3271 643 3348 ipsum
667 3269 910 3356 omnipotentem
933 3275 962 3330 et
982 3265 1142 3330 Dominum
1162 3265 1311 3346 appellari,
1338 3251 1397 3330 sed'

158 3377 286 3450 propter
309 3385 359 3430 res
380 3387 434 3447 per
455 3369 562 3434 Filium
584 3372 690 3444 holus,
721 3369 828 3450 mulus
855 3387 910 3456 per
932 3368 1059 3432 Verbum
1089 3376 1118 3430 et
1137 3369 1262 3448 imperet
1283 3377 1313 3431 et
1334 3368 1391 3430 do·

161 3471 301 3532 minetur.
345 3469 487 3530 Similiter
507 3469 597 3550 igitur
619 3490 674 3534 neo
694 3489 753 3532 vox
774 3471 922 3532 non-leoli
944 3469 1101 3536 sonnium
1123 3471 1261 3544 retertur,
1285 3469 1340 3532 sed
1354 3469 1394 3532 ed

161 3589 211 3632 res
233 3589 289 3650 per
309 3569 416 3632 Filium
438 3572 545 3646 leores,
578 3571 667 3652 idque
695 3591 756 3635 non
785 3572 944 3636 immerito.
986 3573 1048 3636 Neo
1076 3573 1156 3636 enim
1185 3571 1263 3634 lleus
1291 3587 1395 3631 rerum

163 3721 267 3772 deletor.
287 3721 310 3770 5.
328 3715 451 3786 rovere.
486 3725 588 3784 sepner.
612 3725 709 3777 Gobler.
729 3733 752 3776 et
801 3711 844 3776 rtt'i
863 3734 887 3774 et
906 3727 962 3775 editi
982 3717 1139 3790 ἀλλὰπρὸς
1155 3715 1191 3770 τὰ
1208 3713 1317 3788 properi.
1343 3721 1395 3771 llox

164 3789 268 3838 l'elolru.
283 3790 303 3837 l.
323 3791 411 3839 ibidem
429 3787 619 3856 depulsorem.
654 3795 715 3844 Editi
729 3802 753 3844 et
803 3795 943 3856 Segoeriou.
962 3793 1034 3842 llosil.
1054 3801 1078 3840 et
1086 3789 1177 3850 logne,
1185 3781 1393 3856 παντοκράτωρ.

163 3857 204 3904 elii
223 3849 393 3920 σημαίνεται.
804 3861 865 3910 Εοὶιί
885 3869 908 3908 et
926 3861 967 3908 elil
985 3849 1187 3922 nondxperep.
1225 3856 1395 3916 lleidsepuer.

198 3924 280 3972 e.Sie
299 3925 555 3986 &pretendentes
574 3926 753 3976 cordetuo.
805 3920 850 3974 καὶ
873 3920 973 3986 κύριος·
1012 3924 1110 3973 Gobler.
1135 3931 1159 3972 et
1183 3923 1286 3973 ielcim.
1307 3923 1328 3972 l.
1352 3915 1398 3970 καὶ

164 3993 194 4040 tt
211 3991 269 4040 editi
294 4001 318 4040 et
335 3993 376 4040 elii
393 3985 567 4049 θελήσουσιν.
606 3993 679 4040 l'nolo
698 4001 756 4054 post
806 3984 889 4055 stou.
925 3990 987 4040 liditi
1007 3997 1030 4040 et
1048 3989 1089 4040 olii
1106 3983 1153 4037 zoi
1170 3983 1201 4037 ri
1219 3983 1302 4058 κύριε.

167 4059 223 4118 llep.
242 4057 448 4120 Besil.lnpliorn.
461 4051 679 4124 προβάλλονται.
699 4059 754 4116 ltep.
835 4073 863 4119 g.
883 4057 923 4106 ste
941 4057 1079 4119 Segeerieo.
1099 4059 1196 4110 Gobler.
1217 4068 1241 4107 et
1256 4056 1360 4108 l'elolm.
1373 4058 1395 4108 l.

165 4125 222 4174 ibid.
245 4117 275 4174 ιὸ
294 4116 445 4190 ἀγέννητον
462 4135 485 4175 οι
504 4141 560 4176 mox
576 4123 625 4172 τοῦ
644 4111 756 4190 o’cyr'rrp'·
806 4127 834 4176 lt
852 4125 909 4174 editi
927 4132 950 4174 et
968 4125 1008 4176 rlii
1027 4126 1065 4175 lile
1082 4127 1172 4178 addunt
1188 4119 1235 4173 καὶ
1251 4117 1394 4190 decemuiro.

166 4205 224 4240 roo.
261 4193 322 4242 Editi
341 4209 398 4242 uero
416 4203 440 4244 ot
457 4195 497 4244 elil
516 4184 651 4258 ἀγένητον
660 4203 683 4243 et
696 4187 757 4258 ἄγε·
809 4193 883 4242 ΡοιιΙο
903 4201 958 4256 post
976 4207 1026 4244 mss
1051 4189 1097 4244 eol
1114 4187 1146 4244 ri
1158 4186 1267 4260 κράτος.
1291 4194 1397 4243 ineditis

166 4251 258 4320 viror.
294 4261 354 4310 lbid.
373 4262 471 4322 Sepuor.
489 4255 607 4327 καὶγὰρ
624 4255 669 4310 καὶ
688 4255 755 4312 ouri
806 4255 855 4310 καί
877 4260 952 4312 deest.
986 4261 1039 4312 llos
1061 4263 1161 4325 Sepoer.
1186 4256 1223 4314 olo
1239 4253 1335 4325 λόγος,
1362 4251 1399 4314 de

167 4321 198 4373 ri
226 4325 276 4374 rori
301 4337 348 4378 ete.
383 4329 454 4378 llnsil.
479 4332 535 4380 item
559 4331 756 4392 tegrinsensi.
807 4321 894 4380 εἰκών.
1046 4357 1050 4368 ι

167 4395 265 4444 onore.
293 4397 396 4446 evocem.
418 4397 440 4444 t.
459 4406 483 4447 e
500 4399 525 4447 e.
551 4387 617 4446 adet
642 4392 673 4447 τὸ
697 4395 755 4448 τοῦ.
841 4399 865 4448 u.
890 4397 1031 4459 Segoeriue
1050 4379 1089 4442 du
1104 4389 1151 4444 set
1167 4394 1267 4460 speret.
1296 4395 1360 4446 erio
1376 4403 1402 4446 o

166 4461 229 4512 ddtti
246 4456 292 4512 καὶ
309 4456 363 4528 γὰρ
382 4453 448 4512 αὐτὸ
467 4464 548 4514 τοῦτο
566 4464 623 4514 τοῦ.
808 4465 848 4516 elii
867 4447 907 4512 uin
922 4463 1025 4529 κροτεῖ.
1045 4463 1115 4514 'Hor
1134 4465 1189 4524 neg,
1211 4472 1234 4512 et
1253 4463 1357 4512 lolclm.
1376 4463 1400 4512 i.

201 4531 219 4578 l.
245 4533 343 4592 Seguer.
367 4525 555 4595 γογγύζουσιν.
593 4533 651 4584 lbid.
671 4534 758 4595 llepine
810 4523 968 4598 ἀγέννητον.
1008 4531 1070 4580 Editi
1088 4539 1113 4580 et
1130 4529 1169 4578 elil
1189 4521 1330 4592 ἀγένητον.

167 4603 194 4646 ot
217 4597 364 4648 deleturi.
388 4589 454 4648 ἀλλὰ
477 4595 546 4666 πρὸς
577 4593 610 4648 τὰ
633 4593 757 4666 perverti.
845 4602 859 4648 l.
878 4601 978 4660 Seguer.
989 4599 1087 4652 Golrler.
1098 4603 1121 4646 et
1132 4596 1235 4648 Folulm.
1248 4597 1270 4646 l.
1280 4589 1319 4645 δι’
1332 4587 1403 4644 olori.
