3234 5282
557 397 666 441 omme
681 397 713 440 rt.
730 397 846 442 coortu
859 397 996 442 nemos.
1314 385 1377 448 ttt

147 547 186 612 ub
209 545 348 610 omnibus
371 561 441 608 esse
463 544 600 620 dederet,
623 565 690 608 oum
712 565 748 608 ex
770 565 862 628 supro
877 547 965 610 dietis
980 557 1107 623 constet,
1131 525 1272 614 nudnm'e
1287 550 1376 614 rebus
1387 566 1466 613 esne.

146 649 256 712 meotis
278 648 364 729 prius
386 648 476 710 ultera
499 648 604 710 iocum
628 667 713 722 esse,
742 647 797 709 sed
818 667 868 710 ree
892 667 996 710 omnes
1019 651 1109 712 iaetus
1131 671 1190 713 uno
1214 653 1379 732 eodemque

144 749 286 814 mandute
315 749 406 812 simul
437 749 581 812 extitisse.
626 747 705 810 Hine
729 767 786 810 nee
814 747 918 810 eedem
947 747 1083 810 adiuncta
1107 760 1177 812 sunt
1198 753 1378 818 dictionibus

147 855 265 916 monuit
286 858 318 912 et
337 855 431 931 pipoit
451 869 513 920 me,
537 849 590 912 sed
613 857 685 930 pest
707 853 824 912 ereood
846 846 963 910 additur
980 853 1169 930 prriteipr'uor
1190 856 1327 928 diorum
1349 863 1381 916 ot

145 971 209 1015 non
238 951 325 1014 dixit:
358 947 538 1032 principium
565 949 659 1033 gignit
685 969 750 1024 me,
778 949 831 1012 sed
861 961 933 1036 eote
954 968 1058 1012 omoee
1079 954 1175 1030 qipoit
1196 970 1250 1013 erte.
1293 953 1380 1033 Atqui

146 1055 185 1128 ie,
209 1053 259 1134 qui
281 1061 351 1116 ante
373 1071 479 1115 omnes
502 1059 559 1126 eet,
582 1071 644 1114 non
668 1061 715 1115 est
736 1051 870 1116 omnium
892 1050 1084 1132 principium,
1108 1051 1162 1113 sed
1185 1051 1260 1116 alins
1282 1061 1330 1114 est
1343 1053 1380 1116 eb

148 1154 300 1218 omnibus.
344 1154 432 1227 Quod
460 1154 487 1216 si
516 1153 592 1216 eiius
620 1161 668 1216 eet
697 1153 734 1218 eb
756 1153 909 1226 omnibus,
942 1153 1021 1214 inter
1043 1170 1119 1232 quoe
1141 1152 1240 1232 ipsum
1262 1171 1380 1235 quoque
1507 1227 1522 1244 .

146 1255 325 1338 principium
348 1255 482 1320 omnium
504 1254 783 1335 comprehenditur,
811 1253 890 1316 houd
911 1253 1035 1316 dubium
1059 1260 1122 1327 est,
1151 1253 1222 1333 quin
1244 1253 1319 1316 oliuo
1341 1254 1381 1318 eit

148 1379 166 1420 u
187 1358 279 1421 reiron
300 1357 417 1420 creetis.
461 1357 499 1419 n
519 1355 646 1438 proinde
667 1375 734 1421 curn
755 1355 890 1421 Verbum
907 1355 986 1418 eliud
1008 1355 1049 1418 sit
1069 1354 1106 1416 eb
1128 1354 1269 1420 omnibus
1291 1363 1464 1434 etquermo.

149 1468 217 1522 ente
238 1460 338 1522 omnis
361 1459 478 1532 existet,
502 1457 623 1520 evidens
646 1465 702 1531 est,
725 1456 826 1537 ipsum
847 1465 953 1536 postea
976 1456 1104 1521 bunone
1126 1465 1379 1520 rasomonorum
1429 1499 1434 1508 ·

147 1560 242 1626 meari
263 1561 442 1642 prineipium
464 1559 576 1622 viarum
599 1559 629 1620 in
652 1577 760 1638 opera,
788 1566 839 1634 ut,
868 1557 1117 1638 quemadmodum
1145 1557 1187 1620 ait
1207 1558 1377 1642 Apostolus,

149 1662 215 1736 ille,
248 1664 298 1742 qui
329 1661 508 1742 prineipium
536 1670 567 1721 et
593 1659 809 1741 primogenitus
839 1668 944 1722 estex
971 1659 1114 1734 mortuis,
1147 1659 1226 1722 idem
1253 1661 1319 1740 ipse
1348 1658 1379 1722 in

148 1761 289 1827 omnibus
311 1763 471 1842 primatum
493 1769 601 1824 tenent.

236 1965 289 2028 di.
333 1961 523 2043 Quapropter
542 1961 621 2046 [eum
648 1961 678 2026 id
706 1959 887 2024 dieorirninis
916 1961 1080 2026 intercedet
1107 1962 1187 2024 inter
1215 1965 1330 2026 ortuor't
1351 1971 1381 2026 et

146 2069 243 2150 pipoit
264 2083 311 2128 me
332 2071 419 2145 utque
437 2069 627 2146 prtitot'pt'ttut
649 2067 771 2126 oiorstto
792 2071 822 2125 et
843 2075 915 2127 oete
938 2079 1049 2136 omnes,
1072 2063 1306 2130 concludendum
1322 2071 1378 2144 est,
1505 2117 1516 2143 ,

147 2168 259 2242 [teum.
291 2167 342 2246 qui
371 2167 524 2230 hominnm
552 2175 669 2229 motor
695 2174 756 2242 est,
787 2184 843 2246 per
873 2183 960 2226 suum
988 2164 1133 2239 Verbum,
1166 2167 1245 2246 quod
1267 2165 1378 2230 inillis

148 2269 277 2342 notior,
310 2269 472 2332 eorumdem
504 2277 618 2349 putrem
650 2277 757 2348 postea
785 2267 859 2328 fieri.
903 2266 947 2327 De
976 2265 1073 2328 Verbo
1105 2275 1203 2330 eutem
1231 2267 1379 2332 contraria

148 2372 271 2434 omnino
293 2377 343 2432 est
362 2371 448 2433 rotie.
493 2369 646 2451 Siquidem
670 2369 766 2441 Deus,
798 2367 847 2446 qui
870 2366 958 2430 Verbi
984 2367 1074 2430 Pater
1095 2373 1200 2432 nature
1223 2379 1283 2444 est,
1313 2369 1378 2432 eius

148 2473 311 2553 posthaec
333 2480 449 2534 creator
470 2480 501 2534 et
521 2473 646 2534 etteetor
667 2471 761 2530 tentus
784 2477 845 2542 est,
876 2487 942 2530 eum
965 2469 1079 2530 scilieet
1100 2468 1229 2532 Verbum
1252 2478 1379 2532 orestem

149 2582 178 2636 et
203 2575 309 2636 tecum
337 2591 457 2636 cernent
490 2571 586 2634 induit
616 2579 646 2632 et
677 2569 768 2648 borno
798 2571 892 2634 foetus
924 2579 980 2634 est.
1000 2639 1003 2648 ,
1024 2571 1098 2648 Nem
1134 2571 1210 2634 sicut
1241 2571 1379 2634 homines

150 2671 259 2750 spiritu
278 2672 490 2752 Filiieceepte
513 2672 565 2733 tilii
591 2689 646 2752 per
672 2671 771 2750 ipsum
800 2671 985 2746 efficiuntur3
1017 2672 1056 2734 ite
1085 2671 1139 2732 net
1161 2671 1291 2733 Verbum
1313 2690 1380 2736 curu

151 2772 309 2834 bumeuem
331 2787 450 2836 earnem
472 2772 576 2846 induit,
600 2781 671 2835 tuno
691 2781 721 2834 et
743 2773 837 2836 ereeri
860 2784 890 2836 et
911 2776 1019 2836 factum
1036 2791 1105 2834 esse
1120 2772 1239 2836 dieitur.
1276 2771 1378 2852 itaque
1449 2783 1452 2792 ⁴

148 2873 255 2938 einos
277 2875 382 2936 neurrd
403 2872 456 2934 dtti
482 2892 603 2948 sumus,
637 2875 787 2937 fotendum
821 2893 942 2954 quoque
969 2883 1032 2946 est,
1065 2873 1196 2934 Verbum
1224 2877 1329 2936 naturd
1351 2881 1382 2934 et

151 2981 284 3037 ereetum
313 2983 344 3035 et
370 2975 479 3036 drotum
510 2993 586 3036 esse.
631 2975 691 3038 Sed
713 2975 740 3038 si
760 2993 820 3036 nos
842 2974 1002 3054 adoptione
1026 2979 1140 3034 tentum
1163 2981 1193 3034 et
1213 2973 1308 3053 gratia
1329 2973 1381 3036 filii

150 3074 306 3146 efficimur,
328 3075 439 3136 olerum
460 3074 572 3155 puriter
594 3087 650 3149 est,
673 3075 802 3138 Verbum
824 3084 948 3154 propter
970 3073 1093 3150 gratiam
1110 3073 1198 3134 nobie
1214 3074 1381 3142 donandum

150 3177 258 3238 suetum
280 3175 433 3238 bominem
453 3176 581 3240 dixisse:
604 3177 752 3240 Dominus
775 3179 889 3238 ereoot't
909 3193 964 3254 ure.
1001 3172 1121 3256 ¹Deinde
1143 3175 1380 3254 quondoquidem

149 3284 250 3348 creato
279 3295 404 3356 corpore
432 3286 567 3340 assumto
599 3278 696 3340 nostri
726 3275 887 3338 seeundum
916 3294 1026 3355 eorpus
1057 3275 1162 3338 similis
1197 3278 1292 3340 tectus
1321 3285 1377 3353 est,

147 3378 219 3440 ideo
247 3397 307 3441 non
340 3379 489 3442 immerito
518 3388 549 3440 et
576 3381 669 3440 freter
696 3363 800 3440 noster
828 3385 858 3438 et
884 3375 1100 3457 primogenitus
1129 3379 1293 3459 appellatus
1322 3386 1378 3440 est.

148 3479 223 3542 Nem
244 3483 364 3542 tametsi
382 3489 458 3561 ,post
478 3499 535 3542 nos
558 3481 649 3542 bomo
671 3487 797 3560 propter
819 3497 876 3540 nos
898 3479 993 3542 suetus
1016 3487 1073 3553 est,
1096 3499 1130 3542 ee
1145 3480 1270 3562 proinde
1288 3481 1380 3546 freter

148 3589 253 3646 noster
281 3581 320 3645 ob
348 3583 484 3663 eorporis
517 3581 757 3656 similitudinem
790 3599 892 3644 rerum
925 3599 960 3642 ee
988 3581 1105 3644 ratione
1137 3582 1245 3646 dieitur
1273 3591 1305 3646 et
1331 3591 1377 3644 est

148 3691 254 3746 noetm
274 3675 505 3764 primogenitus,
534 3695 680 3764 quotenus
709 3683 848 3746 omnibus
871 3682 1041 3746 hominibus
1063 3684 1142 3748 bdoe
1163 3691 1284 3762 peoeoto
1305 3699 1378 3760 per-

150 3783 220 3846 ditis
249 3784 313 3846 eius
342 3803 410 3846 earo
432 3793 559 3864 utpote
581 3783 669 3848 Verbi
692 3802 802 3864 corpus
825 3785 899 3846 docte
921 3783 1017 3863 prime
1040 3783 1171 3844 omnium
1195 3790 1310 3844 servate
1333 3789 1380 3844 est

150 3893 181 3946 et
200 3883 334 3960 liberate,
358 3886 487 3964 indeque
509 3903 575 3958 nos,
598 3886 702 3964 utqui
725 3902 793 3946 eum
814 3884 913 3944 Verbo
936 3901 1065 3960 corpore
1087 3901 1192 3944 sumus
1215 3881 1376 3956 coniuncti,

147 4003 204 4064 per
224 3985 303 4048 idem
326 3985 391 4048 eius
412 4002 524 4063 eorpus
544 3983 619 4044 satri
641 3983 794 4086 effipimur.
838 3983 872 4044 ln
894 3981 944 4042 ido
967 3981 1113 4064 siquidem
1130 3981 1218 4046 uobis
1232 3983 1378 4068 Domiqus

183 4205 200 4254 t.
224 4205 295 4258 Gobi.
313 4213 337 4256 et
353 4204 459 4254 retcrm.
479 4203 502 4254 i.
519 4198 631 4267 γένηται
652 4201 739 4252 πᾶσιν
824 4203 846 4252 t.
866 4201 906 4252 Sic
923 4203 1021 4264 Sequor.
1041 4203 1139 4256 GobIer.
1157 4203 1261 4254 rateto.
1283 4203 1304 4254 i.
1318 4211 1342 4258 tt
1353 4201 1378 4252 t.

60 4281 69 4316 t
148 4265 306 4386 qpurtdqrv.
341 4272 394 4322 tter
417 4273 517 4335 Sequor.
541 4280 565 4322 et
583 4273 639 4335 iter.
657 4265 739 4332 odoro
788 4270 834 4322 tttt
852 4285 908 4320 tero
927 4277 950 4321 et
967 4271 1024 4320 editi
1048 4269 1129 4339 oripo
1145 4271 1238 4326 roden,
1258 4261 1377 4323 εἰκότως.

169 4353 197 4388 tu
224 4354 299 4394 noc.

183 4353 265 4470 giobo
284 4422 342 4456 unes.
376 4409 405 4456 tt
423 4405 479 4456 editi
498 4389 584 4460 uitur.

184 4477 207 4524 b.
226 4475 267 4524 ste
284 4475 383 4536 Sequor.
402 4475 501 4524 Gobter.
519 4476 624 4526 Felclrm.
645 4476 666 4526 i.
678 4483 702 4526 et
713 4474 737 4525 4.

148 4541 194 4592 dlii
212 4557 268 4592 sero
287 4551 311 4591 et
327 4542 384 4591 editi
401 4535 456 4606 γάρ
474 4545 594 4592 omittunt.
825 4557 855 4592 nt.
874 4543 973 4604 Sequor.
993 4543 1049 4602 Res.
1068 4549 1092 4590 et
1109 4538 1212 4590 Frictio.
1231 4539 1255 4588 t.
1273 4529 1381 4604 πρωτό-

184 4611 201 4660 i.
219 4609 320 4673 Segoer.
338 4603 463 4675 φανερὸν
479 4600 531 4658 ὅτι.
789 4622 875 4662 tueor·
914 4612 994 4660 Ceteri
1011 4616 1035 4657 et
1052 4608 1110 4657 editt
1127 4605 1242 4672 requiror.

824 4373 839 4424 1.
864 4373 904 4424 stc
922 4373 1020 4436 Segoer.
1041 4375 1095 4436 Rrg.
1116 4374 1212 4424 Gobter.
1232 4372 1336 4422 Feicitrn.
1356 4372 1379 4420 1.

788 4443 817 4492 tt
835 4443 874 4492 etit
893 4451 917 4491 et
935 4443 990 4492 edrti
1008 4441 1121 4490 omittunt
1138 4431 1172 4487 δι’
1193 4431 1271 4504 ἡμᾶς.
