3162 5308
225 301 298 384 Ι648
626 331 652 374 ε.
667 307 1061 376 ιτσιαιειιιεοειτνιεοονι

152 502 227 548 maz.
236 480 403 558 ⁰15⁹t⁰3¹5
442 476 471 544 εί
493 475 529 544 δέ
552 471 570 542 5
593 474 663 556 οἶός
685 475 774 544 ἔστιν
796 471 816 562 5
839 475 919 562 ζωή,
944 477 999 564 καὶ
1020 471 1102 563 αῦτη
1124 473 1210 562 πρὸς
1231 474 1288 544 τόν
1309 471 1463 560 πατέρα,

233 585 287 650 καὶ
307 579 336 646 εἰ
358 574 375 644 5
397 576 469 655 υἱὸς
489 567 528 663 ἦν
551 577 636 662 πρὸς
655 576 712 644 τὸν
735 583 874 664 πατέρα,
897 578 984 664 λέγει
1005 578 1040 646 δέ
1063 572 1081 644 5
1104 571 1219 656 αῦτός·
1241 573 1297 643 καί
1318 571 1465 662 όλόγος

231 671 269 766 ἦν
300 677 387 768 πρὸς
414 677 472 745 τόν
499 676 628 758 θεόν’)Ι
662 673 680 744 5
708 678 779 758 υίὸς
807 673 846 774 ἀγ
870 678 919 765 ε’ίη
944 673 962 744 5
983 677 1079 766 λόγος
1101 673 1119 744 5
1142 673 1195 748 ἀεὶ
1216 669 1262 746 ιῦν
1284 676 1370 764 πρὸς
1391 677 1464 744 τὸν

230 786 368 868 πατέρα.
406 775 518 865 δι’ςπερ
541 781 577 848 δέ
600 775 618 846 5
640 777 710 859 υίὸς
731 779 829 867 λόγος
851 777 954 860 ἐστίν,
978 775 1084 860 οῦτως
1105 775 1123 846 5
1145 778 1226 858 θεὸς
1248 773 1266 845 5
1288 773 1388 858 αὐτὸς
1413 773 1462 846 ἀν

230 883 282 972 εἴη
306 877 324 950 5
346 881 466 969 πατήρ.
505 875 522 948 5
543 885 603 966 μέν
625 879 680 950 τὀι
700 880 771 961 υίὸς
793 880 894 948 ·κατά
914 880 971 948 τὸν
990 875 1139 970 Ἰωάννην
1152 879 1235 960 θεὸς
1251 875 1308 964 οὐχ
1323 874 1458 962 ἁπλοῦς,

232 977 301 1052 ἀλλ’
325 979 486 1071 ἀληθινός
507 982 589 1062 θεός
611 981 690 1052 ἐστι.
727 981 783 1052 καὶ
803 983 865 1070 γὰρ
887 981 970 1050 κατὰ
983 982 1041 1050 τὸν
1056 978 1157 1052 αὐτόν
1168 984 1286 1050 τοῦτον
1300 979 1357 1050 καὶ
1369 982 1459 1062 θεὸς

232 1074 271 1175 ἦν
294 1080 312 1150 5
334 1085 475 1172 λόγος’),
499 1083 587 1170 ἔλεγέ
607 1110 644 1152 τε
666 1079 684 1150 5
706 1083 792 1163 υἱός·
821 1083 884 1171 ἐγώ
907 1084 975 1170 είμι
997 1080 1035 1172 ¹³5
1076 1083 1161 1166 ωί’).
1200 1078 1318 1152 σῦκοῦν
1339 1077 1357 1149 5
1379 1083 1457 1163 υίὸς

148 1209 224 1255 εεοε.
233 1185 330 1274 λόγος
351 1185 422 1256 ἐστὶ
442 1188 496 1256 καλ
519 1186 582 1274 ζωὴ
604 1183 624 1275 5
647 1176 730 1254 οῦσα
751 1185 846 1273 παρὰ
866 1189 913 1274 τῷ
936 1194 1048 1275 πατρί.
1086 1185 1188 1254 πόλιν
1206 1187 1242 1253 δέ
1257 1184 1296 1252 τὸ
1312 1185 1345 1255 έν
1360 1180 1456 1274 αὐτῷ

232 1293 279 1377 τηῦ
297 1284 426 1375 ’ίωόννη
450 1287 632 1376 εἰρημένον·
655 1284 673 1355 5
694 1287 871 1375 μονογενὴς
893 1287 964 1368 υίὸς
987 1285 1004 1356 5
1027 1283 1072 1356 ὢν
1096 1288 1143 1368 εἰς
1163 1286 1221 1355 τὸν
1242 1287 1367 1356 κόλπον
1389 1292 1454 1356 τοῦ

232 1390 404 1478 πατρόςέ),
434 1389 578 1459 δείκνυσι
603 1385 661 1457 τόό
689 1388 761 1458 υἱὸν
790 1385 842 1458 ἀεὶ
864 1384 959 1458 εἶναι.
999 1387 1035 1458 ὃν
1056 1388 1117 1477 γάρ
1139 1391 1243 1477 θλέγει
1265 1385 1282 1456 5
1302 1384 1456 1478 Ἰωάννης

232 1491 318 1572 ηλόν,
347 1493 464 1558 τοῦτον
490 1501 586 1577 χεῖρα
617 1487 635 1558 5
656 1491 768 1578 Δαβλδ
794 1491 919 1579 ψάλλει
940 1493 1061 1579 λέγων·
1094 1493 1150 1561 ἵνα
1170 1498 1205 1559 τέ
1226 1486 1457 1582 ἀποστρέφεις

233 1591 291 1680 τὴν
321 1591 417 1678 χεῖρά
439 1615 499 1660 σον
532 1595 586 1660 καὶ
614 1593 672 1680 τὴν
702 1593 812 1675 δεξιάν
840 1617 901 1662 οοο
931 1593 966 1662 έκ
985 1600 1088 1679 μέσον
1110 1597 1169 1662 τοῦ
1191 1593 1317 1662 κόλπου
1340 1599 1455 1678 000⁵),-

232 1688 348 1760 οῦκοῦν
377 1693 406 1762 εἰ
427 1689 446 1781 5
466 1696 538 1781 χεὶρ
561 1693 663 1782 ἐντῷ
684 1694 816 1784 κόλπῳ,
849 1694 905 1763 καὶ
927 1691 947 1763 5
969 1695 1040 1776 υίὸς
1061 1695 1095 1764 έν
1116 1695 1245 1784 κόλπῳ,
1277 1692 1294 1764 5
1316 1696 1388 1778 ολὸς
1411 1690 1454 1766 ἀν

232 1795 283 1882 εἴη
304 1791 324 1884 5
344 1801 430 1882 χείρ,
454 1799 508 1864 καὶ
530 1792 550 1884 5
571 1799 640 1885 χεὶρ
664 1791 703 1866 ἀν
726 1799 776 1886 ε’ίη
799 1793 817 1866 5
839 1797 925 1880 οἶός,
949 1793 990 1866 δι’
1016 1787 1055 1866 05
1077 1797 1215 1887 έποίησε
1234 1796 1277 1865 τὰ
1297 1797 1410 1866 πάντα
1433 1794 1454 1864 5

133 1943 154 1986 ,ι
231 1896 351 1993 πατῄρ.
395 1891 415 1984 5
441 1905 512 1985 χείρ
535 1921 595 1966 σου
617 1899 693 1986 γάρ,
717 1907 834 1989 φησίν,
859 1898 997 1988 ἐποίησε
1018 1903 1122 1967 ταῦτα
1144 1899 1298 1982 πάντα“),
1333 1903 1388 1967 καὶ
1410 1903 1452 1988 τῇ

228 1999 314 2086 χειρὶ
337 1997 490 2086 *ἐξήγαγε
511 1999 568 2068 τὸν
590 2001 670 2070 λαόν
678 2005 700 2083 τ)
706 2052 716 2083 ,
746 1997 862 2070 οῦκοῦν
892 2001 949 2070 διὰ
976 2005 1034 2070 τοῦ
1056 2003 1138 2070 οἱοῦ.
1184 2001 1213 2070 εἰ
1235 1988 1347 2070 δέ”καὶ
1369 1997 1450 2090 αῦτη

230 2096 267 2186 ⁶5
296 2095 474 2180 ἀλλοίωσις
500 2104 558 2188 τῆς
580 2103 689 2182 δεξιᾶς
710 2107 768 2170 τοῦ
791 2099 979 2190 ὑψίστου),
1008 2107 1063 2171 καὶ
1086 2103 1205 2171 πόλιν·
1228 2103 1275 2182 είς
1296 2101 1335 2170 τὸ
1357 2105 1449 2183 τέλος

230 2196 314 2287 ῦπέρ
335 2203 401 2270 τιῦν
423 2197 743 2290 ἀλλοιωθησομένων
765 2199 832 2292 ᾠδὴ
855 2201 939 2292 ῦπὲρ
961 2209 1019 2273 τοῦ
1042 2200 1212 2294 ἀγαπητοῦ
1219 2209 1258 2288 ⁹),
1283 2199 1301 2272 5
1322 2199 1447 2292 ἀγαπη-

231 2301 289 2382 τός
320 2299 385 2389 ἀρα
412 2301 501 2379 ἐστίν
529 2301 549 2392 5
570 2309 640 2394 χεὶρ
661 2303 681 2394 5
704 2301 948 2388 ἀλλοιωδείσα,
982 2310 1060 2393 περί
1083 2297 1122 2375 οῦ
1142 2305 1199 2376 καλ
1220 2308 1308 2396 λέγει
1327 2303 1345 2394 5
1365 2312 1443 2374 θεία

233 2404 344 2493 φωνή·
368 2393 463 2484 οῦτός
485 2403 574 2476 έστιν
597 2403 615 2474 ό
637 2409 708 2487 υἱός
728 2432 793 2493 μου
815 2404 1074 2498 όάγαπητόςω)
1098 2404 1170 2476 ἶσον
1186 2406 1251 2495 ἀρα
1266 2409 1348 2478 ἐστίν
1360 2402 1438 2494 αῦτη

231 2502 251 2593 5
270 2513 341 2592 χείρ
362 2531 427 2592 μου
448 2511 459 2548 f
466 2512 513 2596 τῷ
536 2498 631 2589 οὗτος
654 2506 764 2590 ῦυλός
784 2535 859 2596 μοο.
893 2489 900 2526 ⁸

316 2615 366 2678 27.
408 2604 538 2699 Ἐπειδὴ
567 2614 604 2680 δέ
632 2637 718 2692 τινες
744 2615 810 2679 τῶν
840 2609 1050 2680 ἀπαιδεύτων
1074 2605 1283 2698 ἀναιροῦντες
1304 2610 1343 2679 τὸ
1364 2605 1448 2679 εἶναι

233 2709 305 2780 υἱὸν
326 2706 527 2792 εὐτελίζουσι
552 2712 591 2779 τδ
614 2713 648 2782 ἐκ
668 2712 809 2801 γαστρὸς
830 2713 898 2800 πρὸ
920 2713 1090 2802 ἑωςφόρου
1112 2713 1266 2800 έγέννησά
1286 2716 1380 2794 σε’),
1405 2709 1449 2794 ὥς

233 2805 274 2882 ἀν
295 2811 354 2880 έπί
374 2816 433 2900 τῆς
453 2821 592 2903 Μαρίας
613 2812 812 2902 ἁρμόζοντος
832 2815 960 2897 τοῦτον,
984 2816 1166 2906 φάσκοντες
1186 2814 1254 2903 πρὸ
1271 2817 1331 2882 τοῦ
1347 2815 1450 2884 §wm-
1573 2873 1574 2880 ,

193 2950 214 2996 ,·
233 2917 290 2982 νοῦ
313 2909 451 3003 ἀστέρος
471 2921 707 3006 δγεγεννῆσδαι
722 2911 821 2985 αὐτὸν
841 2911 911 2984 ἀπὸ
926 2924 1073 3004 Μαρίας,
1096 2916 1140 3004 μὴ
1161 2915 1223 3004 γὰρ
1238 2911 1277 2984 ἀν
1293 2917 1351 2984 έπλ
1366 2909 1450 2985 θεοῦ

233 3014 385 3106 ἁρμόζειν
413 3026 556 3107 γαστέρα
577 3021 699 3108 λέγειν·
731 3015 825 3106 όλίγα
846 3019 954 3088 εἰπεῖν
976 3015 1106 3108 ἀνάγκη.
1144 3018 1173 3087 εί
1193 3020 1253 3104 μέν
1275 3007 1333 3086 οῦν
1355 3014 1409 3087 ότι
1429 3014 1446 3106 5

232 3119 355 3207 γαστὴρ
386 3114 602 3209 ἀνθρώπινόν
625 3123 712 3206 ἐστι,
741 3121 798 3192 διά
819 3125 917 3190 τοῦτο
939 3117 1112 3210 ἀλλότριον
1136 3121 1376 3206 θεοῦ,·“δῆλον
1398 3111 1449 3190 όέι

232 3223 286 3288 καλ
311 3217 331 3306 5
360 3223 478 3310 καρδία
502 3219 721 3311 ἀνθρώπινον
750 3225 816 3308 ἔχει
836 3223 875 3290 τὸ
897 3221 1151 3316 σημαινόμενον,
1187 3217 1368 3290 ἀκολουθεῖ
1385 3221 1446 3310 γὰρ

232 3318 304 3388 ἰτὸν
331 3325 468 3409 καρδίαν
491 3325 606 3406 έχοντα
627 3325 710 3410 έγειν
731 3325 788 3392 καί
806 3330 957 3412 γαστέρα.
996 3319 1190 3410 ἀμφοτέρων
1214 3321 1253 3411 55
1276 3317 1447 3412 ἀνθρωπί-

233 3446 298 3490 νων
319 3419 423 3490 όντων
443 3417 466 3509 5
487 3418 634 3506 ἀναιρεῖν
655 3424 806 3509 ἑκάτερον
829 3419 958 3509 ἀνάγκη,
981 3419 1211 3510 ῦάμφστέρων
1226 3423 1285 3514 τὴν
1300 3423 1443 3494 διάνοιαν

202 3569 206 3582 .
233 3523 339 3612 ζητεῖ)
358 3522 427 3609 χρή.
465 3516 510 3598 οῦς
529 3520 591 3608 γὰρ
613 3521 648 3588 ἐκ
668 3524 805 3608 καρδίας
826 3523 931 3607 λόγος,
955 3519 1059 3603 σότως
1081 3523 1116 3590 έκ
1136 3525 1276 3612 γαστρὸς
1296 3533 1442 3616 γέννημα.

232 3625 288 3694 καὶ
315 3623 424 3708 ὥςπερ
451 3621 586 3707 καρδίας
612 3625 697 3690 θεοῦ
719 3623 892 3710 λεγομένης
913 3618 971 3692 οῦκ
993 3619 1209 3716 ἀνθρωπίνην
1231 3633 1368 3716 νοοῦμεν
1390 3621 1445 3698 αῦ-

232 3725 298 3812 ιήν,
322 3720 426 3803 οῦτως
447 3720 504 3792 ἐὰν
526 3723 560 3794 έκ
580 3723 720 3813 γαστρὸς
742 3720 761 3812 5
783 3725 892 3816 γραφὴ
914 3727 1023 3816 Ιιλέγῃ,
1048 3722 1086 3796 οῦ
1102 3730 1289 3820 σωματικὴν
1304 3734 1355 3800 δεῖ
1368 3729 1444 3800 τοῦ·

241 3975 245 3982 ·
302 3949 326 4010 ί)
351 3950 499 4012 ί.Ιοεο.5,
519 3950 560 4002 20.
646 3951 672 4014 λ)
695 3953 762 4004 ίοοσ.
783 3953 805 4014 1,
826 3952 849 4004 l.
934 3953 960 4016 3)
977 3954 1043 4006 Ιοεο.
1064 3955 1103 4016 14,
1122 3955 1146 4006 6.
1232 3957 1258 4014 ί)
1276 3957 1342 4008 loun.
1364 3955 1387 4016 1,
1405 3954 1442 4006 16.

233 4019 259 4080 6)
276 4019 339 4070 vm.
357 4019 390 4070 74
407 4015 461 4085 [λδ.
480 4016 568 4086 αλλ),
588 4019 627 4070 ll.
696 4021 722 4082 6)
741 4022 794 4072 Βεε.
813 4020 846 4072 66
874 4021 897 4072 2.
966 4021 992 4082 Ἰ)
1010 4024 1077 4075 Dent.
1097 4023 1121 4084 7,
1140 4023 1164 4074 8.
1232 4023 1258 4084 6)
1276 4025 1338 4074 ΡειΙ.
1350 4017 1441 4088 77176.

232 4083 379 4222 1115111.
453 4087 479 4148 9)
498 4089 559 4138 Pul.
577 4087 610 4140 45
629 4083 682 4154 [44.
700 4085 789 4156 Lm,
809 4059 855 4141 l.1
902 4091 943 4152 10)
960 4091 1043 4144 unuh.
1061 4092 1085 4154 3,
1106 4091 1151 4154 1’ί;
1172 4092 1211 4154 17,
1230 4093 1253 4144 5.
1324 4093 1365 4152 11)
1383 4092 1442 4143 Pul.

235 4155 283 4207 110
327 4155 367 4206 οε.
385 4151 472 4224 ωιτη,
492 4154 515 4206 3.

266 4307 288 4342 τ.
312 4291 368 4354 neg.
392 4298 416 4341 et
438 4291 538 4352 seguer.
559 4283 606 4338 καὶ
621 4283 698 4340 κατά.
735 4293 813 4344 Ceteri
864 4291 969 4341 τοῦτον.
1002 4293 1093 4355 ΛοςΙῑε.
1101 4287 1240 4347 atacem
1259 4288 1367 4361 καὶγὰρ
1377 4287 1442 4345 κατὰ

236 4362 261 4410 τί
283 4359 339 4410 editi
359 4352 407 4408 καί
431 4361 550 4410 omittunt.
586 4360 637 4410 ίλοε
654 4359 745 4422 Angue.
763 4351 814 4425 οὐχ
865 4353 914 4408 τόν
931 4351 1022 4408 αὐτόν.
1057 4363 1102 4411 Alii
1120 4371 1144 4413 ει
1161 4364 1218 4414 editi
1236 4356 1295 4412 έστι
1311 4357 1381 4412 κατὰ
1397 4357 1442 4412 τὸν

233 4420 331 4484 ἅπλῶς,
351 4418 486 4487 ἀληθινόν.
522 4428 583 4480 lbid.
601 4428 657 4490 fleg.
673 4434 697 4476 εί
713 4427 813 4490 Seguer.
865 4419 957 4477 αὐτόν.

232 4489 297 4550 θεός
313 4490 379 4548 ἐστι.
396 4487 442 4543 καὶ
477 4486 512 4558 ἀρ
529 4485 585 4544 κατ’
606 4487 690 4544 αῦτόν
707 4493 811 4545 τοῦτον.
897 4498 920 4544 h.
938 4493 1026 4556 anglic.
1044 4489 1059 4555 5
1079 4491 1141 4556 ζωή.
1159 4491 1273 4565 καὶγὰρ
1291 4491 1348 4548 κατ’
1363 4490 1442 4547 σῦκόν

234 4563 359 4617 Basilicus.
375 4557 439 4616 θεός
455 4508 519 4614 λοστ.
545 4555 660 4630 καὶγὰρ
677 4555 746 4612 κατὰ
763 4557 814 4612 τόν
863 4560 961 4612 τοῦτον
978 4555 992 4611 5
1010 4555 1068 4618 σι’ός
1084 4557 1163 4630 λόγος
1180 4559 1291 4618 έστίεῑο.
1319 4567 1448 4630 [Μόλις
