<?xml version="1.0" encoding="UTF-8"?>
<!DOCTYPE html PUBLIC "-//W3C//DTD XHTML 1.0 Transitional//EN"
    "http://www.w3.org/TR/xhtml1/DTD/xhtml1-transitional.dtd">
<html xmlns="http://www.w3.org/1999/xhtml" xml:lang="en" lang="en">
 <head>
  <title>
</title>
<meta http-equiv="Content-Type" content="text/html;charset=utf-8" />
  <meta name='ocr-system' content='tesseract 3.04.00' />
  <meta name='ocr-capabilities' content='ocr_page ocr_carea ocr_par ocr_line ocrx_word'/>
</head>
<body>
  <div class='ocr_page' id='page_1' title='image "./sanctiathanasii00athagoog_0059.png"; bbox 0 0 3176 5304; ppageno 0'>
   <div class='ocr_carea' id='block_1_1' title="bbox 451 1291 1242 1534">
    <p class='ocr_par' dir='ltr' id='par_1_1' title="bbox 451 1291 1242 1534">
     <span class='ocr_line' id='line_1_1' title="bbox 451 1291 1242 1387; baseline 0.001 -1"><span class='ocrx_word' id='word_1_1' title='bbox 451 1293 494 1386; x_wconf 88' lang='lat' dir='ltr'><em>S.</em></span> <span class='ocrx_word' id='word_1_2' title='bbox 508 1363 512 1372; x_wconf 90' lang='lat'>.</span> <span class='ocrx_word' id='word_1_3' title='bbox 525 1291 809 1384; x_wconf 80' lang='lat' dir='ltr'><em>ATHANASII</em></span> <span class='ocrx_word' id='word_1_4' title='bbox 839 1292 1242 1387; x_wconf 73' lang='lat' dir='ltr'><strong>ARCHIEPISGOPI</strong></span> 
     </span>
     <span class='ocr_line' id='line_1_2' title="bbox 724 1447 1000 1534; baseline 0.011 -14"><span class='ocrx_word' id='word_1_5' title='bbox 724 1447 1000 1534; x_wconf 73' lang='lat' dir='ltr'><em>sossoons</em></span> 
     </span>
    </p>
   </div>
   <div class='ocr_carea' id='block_1_2' title="bbox 602 1601 1087 1804">
    <p class='ocr_par' dir='ltr' id='par_1_2' title="bbox 602 1601 1087 1804">
     <span class='ocr_line' id='line_1_3' title="bbox 821 1601 868 1646; baseline -0.021 0"><span class='ocrx_word' id='word_1_6' title='bbox 821 1602 838 1646; x_wconf 82' lang='lat' dir='ltr'>D</span> <span class='ocrx_word' id='word_1_7' title='bbox 851 1601 868 1645; x_wconf 78' lang='grc' dir='ltr'><strong><em>Ε</em></strong></span> 
     </span>
     <span class='ocr_line' id='line_1_4' title="bbox 602 1719 1087 1804; baseline 0.006 -28"><span class='ocrx_word' id='word_1_8' title='bbox 602 1719 765 1779; x_wconf 80' lang='lat' dir='ltr'><em>oscasus</em></span> <span class='ocrx_word' id='word_1_9' title='bbox 780 1719 947 1778; x_wconf 64' lang='lat' dir='ltr'><em>nasonis</em></span> <span class='ocrx_word' id='word_1_10' title='bbox 962 1719 1087 1804; x_wconf 77' lang='lat' dir='ltr'><em>smoot</em></span> 
     </span>
    </p>
   </div>
   <div class='ocr_carea' id='block_1_3' title="bbox 667 1851 1015 1916">
    <p class='ocr_par' dir='ltr' id='par_1_3' title="bbox 667 1851 1015 1916">
     <span class='ocr_line' id='line_1_5' title="bbox 667 1851 1015 1916; baseline 0.006 -3"><span class='ocrx_word' id='word_1_11' title='bbox 667 1851 821 1914; x_wconf 78' lang='lat' dir='ltr'><strong>CONTRA</strong></span> <span class='ocrx_word' id='word_1_12' title='bbox 841 1852 1015 1916; x_wconf 83' lang='lat' dir='ltr'><em>ARlANOS.</em></span> 
     </span>
    </p>
   </div>
   <div class='ocr_carea' id='block_1_4' title="bbox 682 2035 1000 2066">
    <p class='ocr_par' dir='ltr' id='par_1_4' title="bbox 682 2035 1000 2066">
     <span class='ocr_line' id='line_1_6' title="bbox 682 2035 1000 2066; baseline 0 0"><span class='ocrx_word' id='word_1_13' title='bbox 682 2035 1000 2066; x_wconf 66' lang='lat'>⁸——-—&#39;.-·</span> 
     </span>
    </p>
   </div>
   <div class='ocr_carea' id='block_1_5' title="bbox 606 2203 1088 2267">
    <p class='ocr_par' dir='ltr' id='par_1_5' title="bbox 606 2203 1088 2267">
     <span class='ocr_line' id='line_1_7' title="bbox 606 2203 1088 2267; baseline 0 -3"><span class='ocrx_word' id='word_1_14' title='bbox 606 2203 1088 2267; x_wconf 74' lang='lat' dir='ltr'><em>hunout&#39;tto.</em></span> 
     </span>
    </p>
   </div>
   <div class='ocr_carea' id='block_1_6' title="bbox 144 2369 1527 4639">
    <p class='ocr_par' dir='ltr' id='par_1_6' title="bbox 144 2369 1458 3548">
     <span class='ocr_line' id='line_1_8' title="bbox 144 2369 1458 2453; baseline 0.002 -23"><span class='ocrx_word' id='word_1_15' title='bbox 144 2397 220 2441; x_wconf 63' lang='lat' dir='ltr'><em>m,</em></span> <span class='ocrx_word' id='word_1_16' title='bbox 314 2369 337 2430; x_wconf 93' lang='lat' dir='ltr'><em>l.</em></span> <span class='ocrx_word' id='word_1_17' title='bbox 384 2370 470 2443; x_wconf 88' lang='lat' dir='ltr'><em>Quae</em></span> <span class='ocrx_word' id='word_1_18' title='bbox 490 2375 628 2452; x_wconf 79' lang='lat' dir='ltr'><em>sequitur</em></span> <span class='ocrx_word' id='word_1_19' title='bbox 649 2373 789 2452; x_wconf 91' lang='lat' dir='ltr'><em>epistola,</em></span> <span class='ocrx_word' id='word_1_20' title='bbox 813 2391 993 2453; x_wconf 86' lang='lat' dir='ltr'><em>responsum</em></span> <span class='ocrx_word' id='word_1_21' title='bbox 1016 2381 1060 2433; x_wconf 88' lang='lat' dir='ltr'><em>est</em></span> <span class='ocrx_word' id='word_1_22' title='bbox 1081 2369 1114 2436; x_wconf 87' lang='lat' dir='ltr'><em>S.</em></span> <span class='ocrx_word' id='word_1_23' title='bbox 1136 2369 1298 2432; x_wconf 73' lang='lat' dir='ltr'><em>Athanasii</em></span> <span class='ocrx_word' id='word_1_24' title='bbox 1318 2371 1357 2432; x_wconf 80' lang='lat' dir='ltr'><em>ool</em></span> <span class='ocrx_word' id='word_1_25' title='bbox 1378 2375 1458 2433; x_wconf 86' lang='lat' dir='ltr'><em>ami-</em></span> 
     </span>
     <span class='ocr_line' id='line_1_9' title="bbox 232 2467 1454 2553; baseline 0.002 -22"><span class='ocrx_word' id='word_1_26' title='bbox 232 2489 306 2531; x_wconf 88' lang='lat' dir='ltr'><em>oum.</em></span> <span class='ocrx_word' id='word_1_27' title='bbox 351 2467 407 2531; x_wconf 82' lang='lat' dir='ltr'><em>llio</em></span> <span class='ocrx_word' id='word_1_28' title='bbox 429 2475 573 2534; x_wconf 86' lang='lat' dir='ltr'><em>nimirum</em></span> <span class='ocrx_word' id='word_1_29' title='bbox 595 2491 661 2534; x_wconf 88' lang='lat' dir='ltr'><em>oum</em></span> <span class='ocrx_word' id='word_1_30' title='bbox 683 2476 715 2534; x_wconf 91' lang='lat' dir='ltr'><em>in</em></span> <span class='ocrx_word' id='word_1_31' title='bbox 731 2474 943 2552; x_wconf 77' lang='lat' dir='ltr'><em>disputatione,</em></span> <span class='ocrx_word' id='word_1_32' title='bbox 968 2490 1056 2553; x_wconf 83' lang='lat' dir='ltr'><em>quom</em></span> <span class='ocrx_word' id='word_1_33' title='bbox 1073 2489 1138 2533; x_wconf 86' lang='lat' dir='ltr'><em>oum</em></span> <span class='ocrx_word' id='word_1_34' title='bbox 1151 2470 1310 2532; x_wconf 76' lang='lat' dir='ltr'><em>nonnullis</em></span> <span class='ocrx_word' id='word_1_35' title='bbox 1323 2471 1454 2534; x_wconf 76' lang='lat' dir='ltr'><em>Arianae</em></span> 
     </span>
     <span class='ocr_line' id='line_1_10' title="bbox 230 2570 1455 2653; baseline 0 -21"><span class='ocrx_word' id='word_1_36' title='bbox 230 2570 363 2632; x_wconf 73' lang='lat' dir='ltr'><em>haerasia</em></span> <span class='ocrx_word' id='word_1_37' title='bbox 383 2573 665 2650; x_wconf 86' lang='lat' dir='ltr'><em>propupnotorihus</em></span> <span class='ocrx_word' id='word_1_38' title='bbox 691 2573 847 2644; x_wconf 77' lang='lat' dir='ltr'><em>habuerat,</em></span> <span class='ocrx_word' id='word_1_39' title='bbox 872 2576 963 2653; x_wconf 89' lang='lat' dir='ltr'><em>impia</em></span> <span class='ocrx_word' id='word_1_40' title='bbox 986 2575 1054 2634; x_wconf 90' lang='lat' dir='ltr'><em>Arii</em></span> <span class='ocrx_word' id='word_1_41' title='bbox 1075 2573 1214 2649; x_wconf 83' lang='lat' dir='ltr'><em>lopmoto</em></span> <span class='ocrx_word' id='word_1_42' title='bbox 1234 2570 1322 2649; x_wconf 87' lang='lat' dir='ltr'><em>plene</em></span> <span class='ocrx_word' id='word_1_43' title='bbox 1344 2572 1455 2650; x_wconf 80' lang='lat' dir='ltr'><em>oonsu-</em></span> 
     </span>
     <span class='ocr_line' id='line_1_11' title="bbox 230 2669 1455 2760; baseline 0.002 -29"><span class='ocrx_word' id='word_1_44' title='bbox 230 2680 334 2741; x_wconf 78' lang='lat' dir='ltr'><em>lasset,</em></span> <span class='ocrx_word' id='word_1_45' title='bbox 357 2669 412 2741; x_wconf 89' lang='lat' dir='ltr'><em>illi,</em></span> <span class='ocrx_word' id='word_1_46' title='bbox 437 2684 545 2734; x_wconf 82' lang='lat' dir='ltr'><em>eontra</em></span> <span class='ocrx_word' id='word_1_47' title='bbox 567 2691 642 2753; x_wconf 82' lang='lat' dir='ltr'><em>quos</em></span> <span class='ocrx_word' id='word_1_48' title='bbox 659 2673 842 2754; x_wconf 77' lang='lat' dir='ltr'><em>disputabat,</em></span> <span class='ocrx_word' id='word_1_49' title='bbox 865 2673 936 2754; x_wconf 82' lang='lat' dir='ltr'><em>quil</em></span> <span class='ocrx_word' id='word_1_50' title='bbox 950 2673 1170 2751; x_wconf 84' lang='lat' dir='ltr'><em>responderent</em></span> <span class='ocrx_word' id='word_1_51' title='bbox 1184 2675 1284 2760; x_wconf 70' lang='lat' dir='ltr'><em>annii,</em></span> <span class='ocrx_word' id='word_1_52' title='bbox 1300 2681 1455 2749; x_wconf 88' lang='lat' dir='ltr'><em>postremo</em></span> 
     </span>
     <span class='ocr_line' id='line_1_12' title="bbox 230 2771 1457 2851; baseline 0.001 -20"><span class='ocrx_word' id='word_1_53' title='bbox 230 2790 261 2832; x_wconf 91' lang='lat' dir='ltr'><em>se</em></span> <span class='ocrx_word' id='word_1_54' title='bbox 291 2782 510 2833; x_wconf 82' lang='lat' dir='ltr'><em>converterunt</em></span> <span class='ocrx_word' id='word_1_55' title='bbox 537 2774 576 2833; x_wconf 81' lang='lat' dir='ltr'><em>ool</em></span> <span class='ocrx_word' id='word_1_56' title='bbox 598 2772 821 2835; x_wconf 77' lang='lat' dir='ltr'><em>criminandum</em></span> <span class='ocrx_word' id='word_1_57' title='bbox 843 2783 980 2835; x_wconf 85' lang='lat' dir='ltr'><em>sanctam</em></span> <span class='ocrx_word' id='word_1_58' title='bbox 1002 2773 1148 2851; x_wconf 75' lang='lat' dir='ltr'><em>synodum</em></span> <span class='ocrx_word' id='word_1_59' title='bbox 1172 2771 1348 2841; x_wconf 81' lang='lat' dir='ltr'><em>Nioaeiaom,</em></span> <span class='ocrx_word' id='word_1_60' title='bbox 1380 2772 1457 2851; x_wconf 81' lang='lat' dir='ltr'><em>quoi</em></span> 
     </span>
     <span class='ocr_line' id='line_1_13' title="bbox 230 2859 1450 2951; baseline 0.002 -21"><span class='ocrx_word' id='word_1_61' title='bbox 230 2870 377 2932; x_wconf 88' lang='lat' dir='ltr'><em>ooeohnlo</em></span> <span class='ocrx_word' id='word_1_62' title='bbox 398 2889 461 2932; x_wconf 89' lang='lat' dir='ltr'><em>non</em></span> <span class='ocrx_word' id='word_1_63' title='bbox 483 2875 615 2950; x_wconf 80' lang='lat' dir='ltr'><em>sarepta,</em></span> <span class='ocrx_word' id='word_1_64' title='bbox 650 2873 681 2932; x_wconf 83' lang='lat' dir='ltr'><em>ta</em></span> <span class='ocrx_word' id='word_1_65' title='bbox 703 2883 746 2933; x_wconf 90' lang='lat' dir='ltr'><em>est</em></span> <span class='ocrx_word' id='word_1_66' title='bbox 769 2891 843 2951; x_wconf 82' lang='lat' dir='ltr'><em>quaa</em></span> <span class='ocrx_word' id='word_1_67' title='bbox 866 2877 899 2933; x_wconf 92' lang='lat' dir='ltr'><em>in</em></span> <span class='ocrx_word' id='word_1_68' title='bbox 920 2871 1213 2950; x_wconf 85' lang='lat' dir='ltr'><em>saaris‘Soripturis</em></span> <span class='ocrx_word' id='word_1_69' title='bbox 1236 2859 1450 2941; x_wconf 74' lang='lat' dir='ltr'><em>nou&#39;oastant</em></span> 
     </span>
     <span class='ocr_line' id='line_1_14' title="bbox 230 2959 1453 3052; baseline 0 -22"><span class='ocrx_word' id='word_1_70' title='bbox 230 2973 262 3030; x_wconf 92' lang='lat' dir='ltr'><em>in</em></span> <span class='ocrx_word' id='word_1_71' title='bbox 283 2970 356 3049; x_wconf 80' lang='lat' dir='ltr'><em>filei</em></span> <span class='ocrx_word' id='word_1_72' title='bbox 376 2969 549 3050; x_wconf 75' lang='lat' dir='ltr'><em>definitione</em></span> <span class='ocrx_word' id='word_1_73' title='bbox 572 2971 758 3043; x_wconf 85' lang='lat' dir='ltr'><em>alhiluerit,</em></span> <span class='ocrx_word' id='word_1_74' title='bbox 787 2991 891 3052; x_wconf 88' lang='lat' dir='ltr'><em>nempe</em></span> <span class='ocrx_word' id='word_1_75' title='bbox 919 2991 1004 3034; x_wconf 85' lang='lat' dir='ltr'><em>oooes</em></span> <span class='ocrx_word' id='word_1_76' title='bbox 1034 2990 1069 3031; x_wconf 83' lang='lat' dir='ltr'><em>ex</em></span> <span class='ocrx_word' id='word_1_77' title='bbox 1092 2969 1255 3030; x_wconf 82' lang='lat' dir='ltr'><em>substantio</em></span> <span class='ocrx_word' id='word_1_78' title='bbox 1279 2981 1306 3030; x_wconf 92' lang='lat' dir='ltr'><em>et</em></span> <span class='ocrx_word' id='word_1_79' title='bbox 1328 2959 1453 3030; x_wconf 77' lang='lat' dir='ltr'><em>consulo-</em></span> 
     </span>
     <span class='ocr_line' id='line_1_15' title="bbox 231 3067 1452 3149; baseline 0.003 -21"><span class='ocrx_word' id='word_1_80' title='bbox 231 3067 389 3128; x_wconf 82' lang='lat' dir='ltr'><em>stantislis:</em></span> <span class='ocrx_word' id='word_1_81' title='bbox 414 3087 488 3148; x_wconf 84' lang='lat' dir='ltr'><em>quos</em></span> <span class='ocrx_word' id='word_1_82' title='bbox 512 3075 633 3133; x_wconf 88' lang='lat' dir='ltr'><em>tametsi</em></span> <span class='ocrx_word' id='word_1_83' title='bbox 653 3075 695 3132; x_wconf 86' lang='lat' dir='ltr'><em>ito</em></span> <span class='ocrx_word' id='word_1_84' title='bbox 723 3075 862 3133; x_wconf 73' lang='lat' dir='ltr'><em>rimantes</em></span> <span class='ocrx_word' id='word_1_85' title='bbox 887 3083 914 3134; x_wconf 85' lang='lat' dir='ltr'><em>et</em></span> <span class='ocrx_word' id='word_1_86' title='bbox 943 3082 1090 3149; x_wconf 86' lang='lat' dir='ltr'><em>nupontes</em></span> <span class='ocrx_word' id='word_1_87' title='bbox 1118 3073 1242 3149; x_wconf 87' lang='lat' dir='ltr'><em>penitus</em></span> <span class='ocrx_word' id='word_1_88' title='bbox 1266 3073 1452 3148; x_wconf 75' lang='lat' dir='ltr'><em>compescuit,</em></span> 
     </span>
     <span class='ocr_line' id='line_1_16' title="bbox 231 3167 1452 3250; baseline -0.001 -19"><span class='ocrx_word' id='word_1_89' title='bbox 231 3180 330 3231; x_wconf 91' lang='lat' dir='ltr'><em>tamen</em></span> <span class='ocrx_word' id='word_1_90' title='bbox 350 3179 386 3228; x_wconf 90' lang='lat' dir='ltr'><em>ut</em></span> <span class='ocrx_word' id='word_1_91' title='bbox 406 3173 580 3230; x_wconf 82' lang='lat' dir='ltr'><em>aameratins</em></span> <span class='ocrx_word' id='word_1_92' title='bbox 604 3175 732 3250; x_wconf 82' lang='lat' dir='ltr'><em>quaein</em></span> <span class='ocrx_word' id='word_1_93' title='bbox 755 3169 877 3249; x_wconf 80' lang='lat' dir='ltr'><em>Synodo</em></span> <span class='ocrx_word' id='word_1_94' title='bbox 901 3171 1033 3232; x_wconf 88' lang='lat' dir='ltr'><em>Niooena</em></span> <span class='ocrx_word' id='word_1_95' title='bbox 1056 3178 1164 3231; x_wconf 86' lang='lat' dir='ltr'><em>eontra</em></span> <span class='ocrx_word' id='word_1_96' title='bbox 1186 3167 1293 3230; x_wconf 88' lang='lat' dir='ltr'><em>Arium</em></span> <span class='ocrx_word' id='word_1_97' title='bbox 1316 3180 1343 3230; x_wconf 87' lang='lat' dir='ltr'><em>et</em></span> <span class='ocrx_word' id='word_1_98' title='bbox 1365 3171 1452 3230; x_wconf 86' lang='lat' dir='ltr'><em>Ario-</em></span> 
     </span>
     <span class='ocr_line' id='line_1_17' title="bbox 230 3255 1452 3354; baseline 0 -27"><span class='ocrx_word' id='word_1_99' title='bbox 230 3285 286 3328; x_wconf 87' lang='lat' dir='ltr'><em>nos</em></span> <span class='ocrx_word' id='word_1_100' title='bbox 307 3278 392 3344; x_wconf 81' lang='lat' dir='ltr'><em>pasto</em></span> <span class='ocrx_word' id='word_1_101' title='bbox 415 3281 514 3330; x_wconf 85' lang='lat' dir='ltr'><em>essent</em></span> <span class='ocrx_word' id='word_1_102' title='bbox 536 3275 672 3343; x_wconf 83' lang='lat' dir='ltr'><em>resciret,</em></span> <span class='ocrx_word' id='word_1_103' title='bbox 696 3276 817 3350; x_wconf 78' lang='lat' dir='ltr'><em>ropaoit</em></span> <span class='ocrx_word' id='word_1_104' title='bbox 838 3271 871 3331; x_wconf 90' lang='lat' dir='ltr'><em>S.</em></span> <span class='ocrx_word' id='word_1_105' title='bbox 896 3271 1108 3354; x_wconf 76' lang='lat' dir='ltr'><em>Athanasium,</em></span> <span class='ocrx_word' id='word_1_106' title='bbox 1132 3279 1167 3330; x_wconf 89' lang='lat' dir='ltr'><em>ut</em></span> <span class='ocrx_word' id='word_1_107' title='bbox 1189 3255 1324 3348; x_wconf 75' lang='lat' dir='ltr'><em>qoi&#39;ipse</em></span> <span class='ocrx_word' id='word_1_108' title='bbox 1349 3269 1452 3329; x_wconf 82' lang='lat' dir='ltr'><em>Consi-</em></span> 
     </span>
     <span class='ocr_line' id='line_1_18' title="bbox 233 3365 1453 3449; baseline 0.003 -24"><span class='ocrx_word' id='word_1_109' title='bbox 233 3365 272 3427; x_wconf 95' lang='lat' dir='ltr'><em>lio</em></span> <span class='ocrx_word' id='word_1_110' title='bbox 295 3367 449 3444; x_wconf 77' lang='lat' dir='ltr'><em>adsuerat,</em></span> <span class='ocrx_word' id='word_1_111' title='bbox 473 3379 536 3428; x_wconf 80' lang='lat' dir='ltr'><em>tem</em></span> <span class='ocrx_word' id='word_1_112' title='bbox 559 3379 662 3444; x_wconf 90' lang='lat' dir='ltr'><em>totam,</em></span> <span class='ocrx_word' id='word_1_113' title='bbox 682 3382 780 3448; x_wconf 88' lang='lat' dir='ltr'><em>prout</em></span> <span class='ocrx_word' id='word_1_114' title='bbox 802 3382 870 3432; x_wconf 87' lang='lat' dir='ltr'><em>oeta</em></span> <span class='ocrx_word' id='word_1_115' title='bbox 891 3372 1005 3449; x_wconf 73' lang='lat' dir='ltr'><em>suerat,</em></span> <span class='ocrx_word' id='word_1_116' title='bbox 1029 3369 1088 3430; x_wconf 87' lang='lat' dir='ltr'><em>sihi</em></span> <span class='ocrx_word' id='word_1_117' title='bbox 1107 3367 1197 3431; x_wconf 86' lang='lat' dir='ltr'><em>uellet</em></span> <span class='ocrx_word' id='word_1_118' title='bbox 1212 3385 1361 3429; x_wconf 86' lang='lat' dir='ltr'><em>narrare:</em></span> <span class='ocrx_word' id='word_1_119' title='bbox 1378 3367 1453 3447; x_wconf 80' lang='lat' dir='ltr'><em>puoh</em></span> 
     </span>
     <span class='ocr_line' id='line_1_19' title="bbox 231 3465 1007 3548; baseline 0.004 -21"><span class='ocrx_word' id='word_1_120' title='bbox 231 3465 285 3527; x_wconf 89' lang='lat' dir='ltr'><em>hoa</em></span> <span class='ocrx_word' id='word_1_121' title='bbox 307 3470 339 3526; x_wconf 93' lang='lat' dir='ltr'><em>in</em></span> <span class='ocrx_word' id='word_1_122' title='bbox 361 3467 490 3546; x_wconf 85' lang='lat' dir='ltr'><em>epistola</em></span> <span class='ocrx_word' id='word_1_123' title='bbox 512 3467 629 3530; x_wconf 80' lang='lat' dir='ltr'><em>alunole</em></span> <span class='ocrx_word' id='word_1_124' title='bbox 650 3479 790 3548; x_wconf 81' lang='lat' dir='ltr'><em>praestat</em></span> <span class='ocrx_word' id='word_1_125' title='bbox 813 3471 1007 3531; x_wconf 82' lang='lat' dir='ltr'><em>Athanasius.</em></span> 
     </span>
    </p>

    <p class='ocr_par' dir='ltr' id='par_1_7' title="bbox 230 3565 1527 4639">
     <span class='ocr_line' id='line_1_20' title="bbox 314 3565 1451 3647; baseline 0.002 -22"><span class='ocrx_word' id='word_1_126' title='bbox 314 3565 351 3625; x_wconf 88' lang='lat' dir='ltr'><em>ll.</em></span> <span class='ocrx_word' id='word_1_127' title='bbox 397 3568 437 3627; x_wconf 86' lang='lat' dir='ltr'><em>Ae</em></span> <span class='ocrx_word' id='word_1_128' title='bbox 456 3571 557 3645; x_wconf 84' lang='lat' dir='ltr'><em>primo</em></span> <span class='ocrx_word' id='word_1_129' title='bbox 580 3568 695 3646; x_wconf 76' lang='lat' dir='ltr'><em>puo&#39;olem</em></span> <span class='ocrx_word' id='word_1_130' title='bbox 719 3574 852 3647; x_wconf 81' lang='lat' dir='ltr'><em>eaapitat</em></span> <span class='ocrx_word' id='word_1_131' title='bbox 867 3571 1053 3631; x_wconf 77' lang='lat' dir='ltr'><em>Asianorum</em></span> <span class='ocrx_word' id='word_1_132' title='bbox 1074 3571 1311 3629; x_wconf 81' lang='lat' dir='ltr'><em>inconstantiam</em></span> <span class='ocrx_word' id='word_1_133' title='bbox 1332 3570 1365 3628; x_wconf 91' lang='lat' dir='ltr'><em>in</em></span> <span class='ocrx_word' id='word_1_134' title='bbox 1387 3585 1451 3627; x_wconf 87' lang='lat' dir='ltr'><em>sen-</em></span> 
     </span>
     <span class='ocr_line' id='line_1_21' title="bbox 231 3667 1450 3746; baseline 0 -21"><span class='ocrx_word' id='word_1_135' title='bbox 231 3667 332 3726; x_wconf 88' lang='lat' dir='ltr'><em>tentiis</em></span> <span class='ocrx_word' id='word_1_136' title='bbox 354 3667 516 3738; x_wconf 79' lang='lat' dir='ltr'><em>mutonolis,</em></span> <span class='ocrx_word' id='word_1_137' title='bbox 540 3668 619 3746; x_wconf 81' lang='lat' dir='ltr'><em>quod</em></span> <span class='ocrx_word' id='word_1_138' title='bbox 637 3685 755 3746; x_wconf 86' lang='lat' dir='ltr'><em>pravae</em></span> <span class='ocrx_word' id='word_1_139' title='bbox 777 3669 933 3730; x_wconf 80' lang='lat' dir='ltr'><em>doetrinae</em></span> <span class='ocrx_word' id='word_1_140' title='bbox 956 3673 1073 3746; x_wconf 82' lang='lat' dir='ltr'><em>sipnum</em></span> <span class='ocrx_word' id='word_1_141' title='bbox 1095 3669 1214 3728; x_wconf 82' lang='lat' dir='ltr'><em>euidens</em></span> <span class='ocrx_word' id='word_1_142' title='bbox 1238 3685 1301 3727; x_wconf 84' lang='lat' dir='ltr'><em>esse</em></span> <span class='ocrx_word' id='word_1_143' title='bbox 1315 3670 1366 3735; x_wconf 90' lang='lat' dir='ltr'><em>ait,</em></span> <span class='ocrx_word' id='word_1_144' title='bbox 1390 3683 1450 3726; x_wconf 91' lang='lat' dir='ltr'><em>oum</em></span> 
     </span>
     <span class='ocr_line' id='line_1_22' title="bbox 232 3766 1448 3834; baseline 0.001 -9"><span class='ocrx_word' id='word_1_145' title='bbox 232 3770 403 3826; x_wconf 82' lang='lat' dir='ltr'><em>constantia</em></span> <span class='ocrx_word' id='word_1_146' title='bbox 435 3770 475 3826; x_wconf 87' lang='lat' dir='ltr'><em>sit</em></span> <span class='ocrx_word' id='word_1_147' title='bbox 507 3784 598 3827; x_wconf 86' lang='lat' dir='ltr'><em>aerae</em></span> <span class='ocrx_word' id='word_1_148' title='bbox 633 3768 775 3828; x_wconf 80' lang='lat' dir='ltr'><em>indicium</em></span> <span class='ocrx_word' id='word_1_149' title='bbox 809 3778 933 3829; x_wconf 84' lang='lat' dir='ltr'><em>aerium.</em></span> <span class='ocrx_word' id='word_1_150' title='bbox 982 3766 1053 3828; x_wconf 81' lang='lat' dir='ltr'><em>Tum</em></span> <span class='ocrx_word' id='word_1_151' title='bbox 1082 3766 1220 3830; x_wconf 73' lang='lat' dir='ltr'><em>breuiter,</em></span> <span class='ocrx_word' id='word_1_152' title='bbox 1237 3776 1448 3834; x_wconf 84' lang='lat' dir='ltr'><em>commemorat,</em></span> 
     </span>
     <span class='ocr_line' id='line_1_23' title="bbox 230 3863 1506 3946; baseline -0.002 -21"><span class='ocrx_word' id='word_1_153' title='bbox 230 3863 531 3944; x_wconf 82' lang='lat' dir='ltr'><em>puomodoSpnoslus</em></span> <span class='ocrx_word' id='word_1_154' title='bbox 554 3885 585 3927; x_wconf 90' lang='lat' dir='ltr'><em>se</em></span> <span class='ocrx_word' id='word_1_155' title='bbox 607 3885 680 3945; x_wconf 86' lang='lat' dir='ltr'><em>erpa</em></span> <span class='ocrx_word' id='word_1_156' title='bbox 692 3866 877 3928; x_wconf 76' lang='lat' dir='ltr'><em>Eusebianos</em></span> <span class='ocrx_word' id='word_1_157' title='bbox 900 3869 987 3927; x_wconf 87' lang='lat' dir='ltr'><em>initio</em></span> <span class='ocrx_word' id='word_1_158' title='bbox 1009 3871 1146 3945; x_wconf 83' lang='lat' dir='ltr'><em>passerit,</em></span> <span class='ocrx_word' id='word_1_159' title='bbox 1170 3883 1205 3925; x_wconf 89' lang='lat' dir='ltr'><em>aa</em></span> <span class='ocrx_word' id='word_1_160' title='bbox 1217 3875 1378 3946; x_wconf 79' lang='lat' dir='ltr'><em>postquam</em></span> <span class='ocrx_word' id='word_1_161' title='bbox 1392 3867 1448 3943; x_wconf 89' lang='lat' dir='ltr'><em>ipse</em></span> <span class='ocrx_word' id='word_1_162' title='bbox 1489 3867 1506 3888; x_wconf 85' lang='lat'><strong>·</strong></span> 
     </span>
     <span class='ocr_line' id='line_1_24' title="bbox 231 3963 1449 4047; baseline 0.001 -25"><span class='ocrx_word' id='word_1_163' title='bbox 231 3967 263 4023; x_wconf 90' lang='lat' dir='ltr'><em>in</em></span> <span class='ocrx_word' id='word_1_164' title='bbox 285 3963 470 4026; x_wconf 79' lang='lat' dir='ltr'><em>Eusebianos</em></span> <span class='ocrx_word' id='word_1_165' title='bbox 493 3966 697 4047; x_wconf 78' lang='lat' dir='ltr'><em>Arianomquo</em></span> <span class='ocrx_word' id='word_1_166' title='bbox 726 3971 906 4045; x_wconf 80' lang='lat' dir='ltr'><em>impietatem</em></span> <span class='ocrx_word' id='word_1_167' title='bbox 931 3966 1057 4046; x_wconf 83' lang='lat' dir='ltr'><em>proliae</em></span> <span class='ocrx_word' id='word_1_168' title='bbox 1079 3969 1153 4026; x_wconf 87' lang='lat' dir='ltr'><em>satie</em></span> <span class='ocrx_word' id='word_1_169' title='bbox 1175 3969 1311 4025; x_wconf 79' lang='lat' dir='ltr'><em>inuectus</em></span> <span class='ocrx_word' id='word_1_170' title='bbox 1334 3975 1380 4024; x_wconf 87' lang='lat' dir='ltr'><em>est</em></span> <span class='ocrx_word' id='word_1_171' title='bbox 1400 3980 1449 4024; x_wconf 90' lang='lat' dir='ltr'><em>oo-</em></span> 
     </span>
     <span class='ocr_line' id='line_1_25' title="bbox 231 4063 1452 4144; baseline 0 -22"><span class='ocrx_word' id='word_1_172' title='bbox 231 4066 336 4142; x_wconf 79' lang='lat' dir='ltr'><em>riopue</em></span> <span class='ocrx_word' id='word_1_173' title='bbox 358 4063 485 4125; x_wconf 90' lang='lat' dir='ltr'><em>illorum</em></span> <span class='ocrx_word' id='word_1_174' title='bbox 508 4067 625 4143; x_wconf 83' lang='lat' dir='ltr'><em>refellit</em></span> <span class='ocrx_word' id='word_1_175' title='bbox 640 4077 828 4143; x_wconf 82' lang='lat' dir='ltr'><em>arpumenta,</em></span> <span class='ocrx_word' id='word_1_176' title='bbox 852 4077 887 4127; x_wconf 88' lang='lat' dir='ltr'><em>ut</em></span> <span class='ocrx_word' id='word_1_177' title='bbox 903 4065 1033 4144; x_wconf 79' lang='lat' dir='ltr'><em>depellat</em></span> <span class='ocrx_word' id='word_1_178' title='bbox 1049 4069 1295 4132; x_wconf 75' lang='lat' dir='ltr'><em>criminationem,</em></span> <span class='ocrx_word' id='word_1_179' title='bbox 1319 4081 1377 4141; x_wconf 81' lang='lat' dir='ltr'><em>quo</em></span> <span class='ocrx_word' id='word_1_180' title='bbox 1391 4064 1452 4122; x_wconf 89' lang='lat' dir='ltr'><em>Arii</em></span> 
     </span>
     <span class='ocr_line' id='line_1_26' title="bbox 230 4161 1527 4243; baseline 0 -23"><span class='ocrx_word' id='word_1_181' title='bbox 230 4161 371 4237; x_wconf 77' lang='lat' dir='ltr'><em>[autores</em></span> <span class='ocrx_word' id='word_1_182' title='bbox 393 4167 426 4222; x_wconf 90' lang='lat' dir='ltr'><em>iu</em></span> <span class='ocrx_word' id='word_1_183' title='bbox 440 4162 597 4242; x_wconf 77' lang='lat' dir='ltr'><em>synodum</em></span> <span class='ocrx_word' id='word_1_184' title='bbox 611 4164 773 4226; x_wconf 86' lang='lat' dir='ltr'><em>Nieoenam</em></span> <span class='ocrx_word' id='word_1_185' title='bbox 787 4167 963 4234; x_wconf 81' lang='lat' dir='ltr'><em>utebantur,</em></span> <span class='ocrx_word' id='word_1_186' title='bbox 986 4166 1066 4243; x_wconf 79' lang='lat' dir='ltr'><em>quool</em></span> <span class='ocrx_word' id='word_1_187' title='bbox 1080 4163 1193 4225; x_wconf 83' lang='lat' dir='ltr'><em>seilicet</em></span> <span class='ocrx_word' id='word_1_188' title='bbox 1208 4179 1288 4222; x_wconf 88' lang='lat' dir='ltr'><em>noao</em></span> <span class='ocrx_word' id='word_1_189' title='bbox 1304 4164 1449 4239; x_wconf 78' lang='lat' dir='ltr'><em>encopita-</em></span> <span class='ocrx_word' id='word_1_190' title='bbox 1523 4209 1527 4214; x_wconf 97' lang='lat'>.</span> 
     </span>
     <span class='ocr_line' id='line_1_27' title="bbox 232 4257 1448 4342; baseline -0.001 -24"><span class='ocrx_word' id='word_1_191' title='bbox 232 4263 312 4320; x_wconf 86' lang='lat' dir='ltr'><em>uerit</em></span> <span class='ocrx_word' id='word_1_192' title='bbox 334 4262 489 4334; x_wconf 79' lang='lat' dir='ltr'><em>voeabula,</em></span> <span class='ocrx_word' id='word_1_193' title='bbox 514 4264 642 4326; x_wconf 80' lang='lat' dir='ltr'><em>dilucide</em></span> <span class='ocrx_word' id='word_1_194' title='bbox 663 4267 803 4342; x_wconf 79' lang='lat' dir='ltr'><em>saponis,</em></span> <span class='ocrx_word' id='word_1_195' title='bbox 826 4281 957 4342; x_wconf 80' lang='lat' dir='ltr'><em>quonam</em></span> <span class='ocrx_word' id='word_1_196' title='bbox 975 4274 1065 4342; x_wconf 84' lang='lat' dir='ltr'><em>paeto</em></span> <span class='ocrx_word' id='word_1_197' title='bbox 1089 4261 1178 4323; x_wconf 89' lang='lat' dir='ltr'><em>ololus</em></span> <span class='ocrx_word' id='word_1_198' title='bbox 1200 4265 1371 4340; x_wconf 80' lang='lat' dir='ltr'><em>astutiaque</em></span> <span class='ocrx_word' id='word_1_199' title='bbox 1392 4257 1448 4317; x_wconf 85' lang='lat' dir='ltr'><em>liu-</em></span> 
     </span>
     <span class='ocr_line' id='line_1_28' title="bbox 232 4353 1446 4442; baseline -0.002 -24"><span class='ocrx_word' id='word_1_200' title='bbox 232 4358 426 4438; x_wconf 86' lang='lat' dir='ltr'><em>sehianorum</em></span> <span class='ocrx_word' id='word_1_201' title='bbox 449 4363 557 4430; x_wconf 88' lang='lat' dir='ltr'><em>Patres</em></span> <span class='ocrx_word' id='word_1_202' title='bbox 587 4362 766 4442; x_wconf 82' lang='lat' dir='ltr'><em>eompulerit</em></span> <span class='ocrx_word' id='word_1_203' title='bbox 788 4363 827 4423; x_wconf 80' lang='lat' dir='ltr'><em>oei</em></span> <span class='ocrx_word' id='word_1_204' title='bbox 848 4363 1071 4433; x_wconf 81' lang='lat' dir='ltr'><em>declarandum,</em></span> <span class='ocrx_word' id='word_1_205' title='bbox 1093 4359 1206 4421; x_wconf 73' lang='lat' dir='ltr'><em>Fils&#39;um</em></span> <span class='ocrx_word' id='word_1_206' title='bbox 1236 4377 1301 4421; x_wconf 85' lang='lat' dir='ltr'><em>esse</em></span> <span class='ocrx_word' id='word_1_207' title='bbox 1323 4375 1361 4418; x_wconf 80' lang='lat' dir='ltr'><em>ea</em></span> <span class='ocrx_word' id='word_1_208' title='bbox 1382 4353 1446 4415; x_wconf 88' lang='lat' dir='ltr'><em>sab·</em></span> 
     </span>
     <span class='ocr_line' id='line_1_29' title="bbox 232 4455 1447 4534; baseline -0.002 -19"><span class='ocrx_word' id='word_1_209' title='bbox 232 4456 339 4518; x_wconf 81' lang='lat' dir='ltr'><em>stantis</em></span> <span class='ocrx_word' id='word_1_210' title='bbox 356 4460 457 4523; x_wconf 89' lang='lat' dir='ltr'><em>Patris</em></span> <span class='ocrx_word' id='word_1_211' title='bbox 475 4462 604 4524; x_wconf 83' lang='lat' dir='ltr'><em>etPatri</em></span> <span class='ocrx_word' id='word_1_212' title='bbox 623 4460 916 4522; x_wconf 73' lang='lat' dir='ltr'><em>consubstantialem.</em></span> <span class='ocrx_word' id='word_1_213' title='bbox 964 4462 1054 4534; x_wconf 80' lang='lat' dir='ltr'><em>Quoi</em></span> <span class='ocrx_word' id='word_1_214' title='bbox 1075 4461 1151 4521; x_wconf 86' lang='lat' dir='ltr'><em>iolern</em></span> <span class='ocrx_word' id='word_1_215' title='bbox 1173 4463 1263 4519; x_wconf 85' lang='lat' dir='ltr'><em>etiam</em></span> <span class='ocrx_word' id='word_1_216' title='bbox 1278 4456 1377 4533; x_wconf 73' lang='lat' dir='ltr'><em>refert</em></span> <span class='ocrx_word' id='word_1_217' title='bbox 1392 4455 1447 4531; x_wconf 89' lang='lat' dir='ltr'><em>epi-</em></span> 
     </span>
     <span class='ocr_line' id='line_1_30' title="bbox 232 4555 500 4639; baseline 0.03 -25"><span class='ocrx_word' id='word_1_218' title='bbox 232 4555 312 4616; x_wconf 86' lang='lat' dir='ltr'><em>stolo</em></span> <span class='ocrx_word' id='word_1_219' title='bbox 335 4559 374 4618; x_wconf 81' lang='lat' dir='ltr'><em>ael</em></span> <span class='ocrx_word' id='word_1_220' title='bbox 395 4561 500 4639; x_wconf 77' lang='lat' dir='ltr'><em>Afros.</em></span> 
     </span>
    </p>
   </div>
   <div class='ocr_carea' id='block_1_7' title="bbox 0 0 1597 5304">
    <p class='ocr_par' dir='ltr' id='par_1_8' title="bbox 0 0 1597 5304">
     <span class='ocr_line' id='line_1_31' title="bbox 0 0 1597 5304; baseline 0 0"><span class='ocrx_word' id='word_1_221' title='bbox 0 0 1597 5304; x_wconf 95' lang='lat' dir='ltr'><em> </em></span> 
     </span>
    </p>
   </div>
  </div>
 </body>
</html>
