3094 5318
445 362 591 406 nrrsrona
606 363 642 406 rr.
657 363 695 406 an
711 361 906 406 summoueri.
1220 349 1281 415 805

28 519 245 588 mantem,
268 513 333 576 ausi
355 522 455 578 essent
476 514 583 595 dicere,
607 485 706 576 reruni
727 521 861 576 naturam
880 485 1083 584 alleelaabule
1097 515 1191 578 luisse
1206 535 1366 580 eon-naor.

28 625 126 690 tam,
162 624 236 680 aut
258 616 369 691 solem,
390 625 424 678 ut
445 616 563 680 diabolo
587 615 816 696 obsequeretur,
841 616 930 690 oriri,
953 625 984 679 et
1004 617 1069 680 eius
1092 637 1180 682 eausa
1202 626 1282 682 astra

49 719 177 780 caelo
213 718 386 800 circumagi.
429 719 502 781 Nam
524 718 770 799 quemadmodum
791 718 864 780 baec
878 718 931 780 llei
949 727 1026 793 sunt,
1048 719 1088 782 ita
1111 729 1141 782 et
1160 719 1209 782 illa
1223 720 1282 782 Pa-

28 823 59 884 is
94 828 223 884 erant
245 839 363 902 operas
382 828 413 883 et
433 821 459 884 si
482 820 530 884 illa
551 819 749 896 Beelzebulis,
778 821 950 882 necessario
974 831 1004 883 et
1024 821 1082 884 ista
1103 821 1282 884 Beelzebubs

28 923 166 996 arint3
200 933 240 985 et
262 941 406 1003 quorsum
426 930 533 1003 postea
554 922 628 984 baec
648 923 792 984 reserent:
814 921 853 985 lo
863 926 1016 1004 principio
1031 925 1105 1002 ferit
1118 923 1199 986 Deos
1216 943 1285 986 rae-

28 1045 72 1086 arr
106 1035 148 1088 et
181 1022 336 1088 terram?
379 1024 487 1088 Verum
507 1042 569 1086 non
590 1022 724 1086 insolens
747 1032 794 1084 est
815 1023 927 1085 isthaec
946 1013 1049 1086 eorum
1064 1025 1188 1087 insania.
1233 1025 1284 1088 Si-

28 1127 157 1189 nidem
190 1127 311 1188 horum
333 1127 434 1189 Patres
458 1127 559 1188 eadem
582 1133 680 1187 mente
701 1124 826 1204 praediti
847 1124 878 1186 in
900 1143 1016 1200 eremo,
1046 1144 1112 1188 eum
1133 1144 1228 1207 nuper
1249 1145 1285 1189 en

29 1239 179 1309 egypto
211 1228 331 1308 egressi
353 1235 471 1302 essent,
493 1227 583 1290 ritulo
606 1246 622 1289 a
645 1245 679 1288 se
701 1227 826 1288 oonlluto
848 1226 901 1289 Dei
923 1245 992 1308 erga
1015 1246 1049 1290 se
1070 1228 1211 1314 benebeia
1232 1247 1283 1290 re·
1308 1245 1322 1270 Ι

28 1339 183 1392 erentes
215 1330 370 1393 dicebant:
393 1330 437 1394 Hi
456 1337 528 1395 alent
550 1331 594 1394 dii
614 1333 667 1402 tui,
690 1329 801 1401 bruil,
824 1333 876 1410 qui
897 1339 923 1390 te
946 1330 1118 1392 eduxerunt
1144 1331 1179 1393 de
1201 1341 1287 1394 terro

28 1433 187 1514 temti.
245 1432 290 1494 Ob
314 1433 389 1496 banc
409 1433 507 1512 itaque
528 1430 742 1512 blasphemiam
763 1431 899 1510 protinus
922 1449 958 1492 ex
979 1430 1031 1506 iis,
1061 1431 1112 1514 qui
1134 1431 1200 1494 tatia
1221 1433 1285 1494 ausi

28 1541 185 1614 nerant,
229 1534 315 1596 initio
337 1553 398 1596 non
419 1535 504 1615 pauni
527 1535 581 1596 sed
602 1533 720 1614 plurimi
743 1532 831 1594 ooeisi
855 1541 938 1607 sunt,
966 1533 1148 1596 denuntiavit
1168 1553 1285 1614 quoque

28 1637 117 1699 leus
148 1636 287 1698 dicens:
319 1637 388 1710 Qua
410 1634 456 1700 die
477 1637 618 1709 visitabo,
647 1637 787 1699 inducam
809 1627 974 1716 eupoleos
993 1648 1148 1716 peceatum
1171 1655 1285 1714 eorum.

27 1739 114 1800 llam
140 1737 302 1817 quamdiu
328 1737 369 1799 illi
398 1737 436 1799 ob
464 1737 549 1818 panis
579 1747 609 1800 et
629 1757 722 1819 aquae
743 1738 895 1817 penuriam
919 1736 1195 1812 obmurmurabant,
1227 1738 1285 1801 ho·
1335 1797 1341 1804 .

28 1841 144 1900 mines
172 1838 343 1914 tolerabat,
370 1840 448 1903 baud
476 1859 562 1904 senus
585 1859 670 1919 quam
693 1841 793 1902 nutrix
815 1839 963 1902 alumnum
985 1858 1088 1912 sunna,
1116 1838 1166 1901 ubi
1188 1847 1284 1902 autem

28 1941 73 2002 ad
97 1925 269 2002 maiorem
290 1939 434 2004 insaniam
456 1941 620 2022 progressi,
643 1948 677 2004 nt
696 1941 795 2022 psallit
817 1949 918 2002 eontm
941 1959 994 2002 eos
1016 1940 1159 2020 Spiritus,
1183 1939 1370 2008 Muto-rnna.

28 2052 167 2104 verrant
190 2040 329 2122 pluriam
350 2063 436 2106 suom
457 2048 489 2106 in
511 2043 737 2106 similitudinem
758 2042 851 2107 vituli
871 2043 1047 2106 comedentis
1065 2042 1207 2123 [oenum3
1229 2043 1287 2104 iam

34 2163 114 2206 eum
139 2162 217 2206 rem
242 2144 488 2226 indeprecabilem
511 2145 575 2208 ausi
598 2155 714 2220 esseut,
737 2145 872 2225 percussi
893 2153 976 2220 sunt,
1011 2152 1044 2206 ut
1064 2142 1105 2206 ait
1126 2141 1286 2223 Scriptura,

36 2249 82 2310 ob
109 2245 301 2311 fabricatum
323 2248 457 2324 titulum,
481 2267 568 2329 quem
591 2249 701 2310 iecerat
721 2248 828 2310 Aaron.

148 2658 202 2718 tr.
250 2655 360 2718 Eadem
391 2664 420 2720 et
448 2675 525 2719 nuno
552 2657 617 2718 ausi
639 2656 788 2719 Pharisaei
816 2656 903 2719 talem
932 2655 1095 2718 abomino
1124 2655 1289 2717 retulerunt

54 2737 303 2831 damnationem,
334 2758 449 2838 qualem
469 2757 641 2832 Beelzebul,
670 2777 756 2838 quem
784 2758 826 2819 illi
848 2775 951 2818 eorum
974 2765 1126 2818 auctorem
1148 2754 1290 2834 suspicati

54 2865 148 2930 sunt,
175 2856 238 2917 iam
261 2868 323 2921 tum
344 2859 447 2922 habuit
468 2870 498 2922 et
519 2859 624 2934 babet;
651 2859 691 2921 ita
712 2868 745 2922 ut
766 2859 824 2939 ipsi
846 2875 962 2937 quoque
983 2857 1015 2919 in
1043 2857 1110 2936 igne
1132 2857 1168 2932 ab
1191 2829 1289 2918 aetei-

58 2959 156 3020 nitate
179 2956 223 3017 illi
246 2969 418 3038 praeparato
441 2961 594 3040 cumipse
617 2959 791 3023 absumendi
815 2957 884 3020 sint.
922 2957 994 3020 ‘Non
1017 2959 1096 3020 enim
1128 2959 1201 3021 haee
1222 2959 1289 3020 ideo

58 3061 210 3139 loquutus
236 3066 291 3132 est,
313 3066 346 3120 ut
365 3059 577 3139 blasphemiam
600 3062 630 3122 in
654 3081 686 3123 se
708 3059 852 3141 prolatam
875 3078 941 3122 cum
962 3055 1145 3141 blasphemia
1166 3062 1196 3122 in
1219 3060 1290 3139 Spi-

63 3163 158 3224 ritum
183 3169 320 3222 sanetum
342 3162 499 3236 conterret,
523 3163 607 3240 quasi
630 3163 756 3242 Spiritus
779 3170 897 3224 sanetus
921 3181 954 3224 se
976 3163 1071 3225 maior
1092 3171 1182 3237 esset,
1203 3162 1290 3224 ideo-

64 3283 124 3345 que
147 3263 247 3326 maius
270 3261 382 3324 crimen
404 3272 486 3325 esset
506 3263 687 3343 blasphemia
709 3264 740 3326 in
763 3265 905 3346 Spiritum
927 3273 1076 3341 sanetum3
1098 3267 1184 3328 absit.
1216 3265 1290 3326 Nam

67 3376 136 3430 ante
160 3365 312 3438 docuerat,
336 3365 444 3441 omnia,
467 3385 541 3446 quae
562 3366 650 3428 Pater
671 3365 769 3440 babet,
790 3365 856 3428 Filii
879 3385 963 3438 esso,
987 3375 1017 3429 et
1039 3385 1074 3428 ex
1094 3367 1168 3429 Filio
1192 3366 1289 3446 Spiri-

68 3480 130 3532 tum
154 3487 224 3532 esse
246 3473 450 3546 accepturum,
479 3467 635 3548 ipsumque
662 3467 804 3547 Spiritum
829 3467 1057 3547 glorificaturum
1084 3487 1151 3530 esse
1171 3467 1288 3534 Filium.

71 3575 171 3652 Neque
195 3569 323 3651 Spiritus
345 3569 451 3632 Filium
474 3570 537 3645 dat,
562 3570 616 3632 sed
637 3569 729 3632 Filius
752 3569 893 3650 Spiritum
914 3568 1036 3650 praebet
1056 3569 1233 3650 Discipulis,
1256 3591 1290 3633 ao

72 3694 124 3754 per
145 3673 212 3736 ibas
233 3673 287 3744 iis,
320 3672 370 3751 qui
398 3673 440 3766 in¹
456 3691 489 3736 se
519 3672 658 3764 credunt.¹
695 3671 762 3734 Non
784 3690 820 3734 eo
842 3672 940 3751 itaque
962 3672 1060 3734 animo
1082 3671 1222 3751 loquutus
1246 3682 1290 3734 est

75 3863 138 3913 lutra
162 3859 217 3936 Πομ.
236 3857 334 3916 Sequor.
354 3863 378 3904 et
395 3859 499 3906 Graecus
518 3857 655 3920 Scripturas
706 3858 748 3906 sed
766 3865 889 3920 praestare
903 3857 1077 3919 rideturprior.
1106 3857 1157 3906 blox
1166 3866 1223 3921 post
1230 3849 1287 3924 μετ’

79 3937 154 3980 tentus
170 3919 252 3981 δοξαν
270 3913 368 3974 αὐτῶν.
393 3916 655 4002 Ἐἀίιίδόξαναιὶωά
707 3916 790 3971 αὐτοῦ
807 3925 863 3986 lleq.
883 3931 907 3972 et
923 3923 1021 3984 Segner.
1039 3913 1082 3970 ὑπ’
1102 3916 1194 3973 αὐτοῦ.
1283 3953 1289 3968 .

80 3990 308 4112 riatur,-
328 3985 655 4108 aetatulae,
709 4023 1290 4140 1νερεὲννννννιν..

83 4131 134 4180 lllon
155 4143 196 4194 pro
218 4118 414 4191 ἓπατάχθησαν
434 4125 525 4186 bnglle.
548 4117 657 4190 ἕμαστί-
726 4129 731 4140 ·
803 4103 883 4183 ἸΨ
914 4104 1003 4142 “⁹¹⁰⁸''

80 4198 192 4266 χθησαν.
209 4187 573 4258 ΡεΙοΙιω.2.ἒπεστάχθησαν.
594 4193 655 4243 Edit.
741 4193 765 4242 b.
784 4191 823 4242 Sic
840 4193 895 4256 lieg.
920 4191 1018 4256 Sequar.
1042 4192 1133 4258 anglic.
1152 4195 1247 4248 Gobler.
1268 4194 1292 4245 e't

86 4265 194 4318 Commel.
211 4253 406 4327 ἐπετάχθησαν.
710 4261 814 4311 Felclrm.
835 4261 857 4310 1.
875 4269 898 4311 et
915 4263 971 4311 edit.
989 4262 1080 4324 Paris,
1103 4265 1127 4313 in
1146 4279 1192 4328 qua
1211 4273 1290 4314 tamen

120 4335 188 4383 isio
209 4333 265 4394 lter,
292 4337 315 4380 et
337 4331 436 4392 Sequar.
470 4330 496 4380 lu
522 4327 591 4379 editis
609 4319 659 4388 τήν
710 4327 778 4380 deest
794 4323 966 4396 ρλαςφημῖας
983 4339 1039 4394 past
1054 4327 1214 4398 γινομένης,
1234 4333 1290 4382 adit.

90 4402 157 4452 deest.
190 4400 237 4450 linx
263 4399 319 4461 bag.
344 4407 366 4448 et
389 4398 487 4458 Segner.
507 4387 569 4445 οἵαν
585 4396 658 4448 recte:
710 4397 851 4448 commelin.
868 4393 1012 4464 λεγομένης
1026 4395 1198 4470 βλαςφημίας
1214 4389 1288 4448 ταῦτ’

89 4469 145 4518 Editi
161 4454 208 4518 ala.
243 4467 307 4517 lutra
324 4473 380 4532 post
396 4463 450 4533 πῦρ
469 4466 492 4516 in
511 4465 614 4518 Fatetur.
633 4465 657 4516 2.
709 4458 811 4532 εἴρηκεν
829 4467 925 4518 omissis
943 4469 1091 4519 intermediis
1108 4455 1208 4534 propior
1220 4481 1290 4532 repe-

94 4543 114 4584 et
136 4537 156 4585 in
181 4537 244 4589 aditis
272 4528 370 4600 ἐκείνῳ.
412 4535 438 4584 lu
465 4533 519 4585 aliis
546 4535 656 4588 omnibus
709 4537 774 4584 titum
797 4529 968 4602 βλαςφημίας
985 4551 1073 4590 rocam.
1110 4537 1200 4588 ibidem
1218 4535 1290 4585 assit.

93 4595 174 4656 dasiro.
206 4607 307 4670 tltraqne
331 4603 401 4656 lectio
425 4603 543 4668 quadrare
568 4609 655 4668 potest,
707 4601 822 4652 τοιαῦτα
839 4597 949 4672 εἴρηκεν.
1232 4617 1238 4624 ·
