3054 5236
521 385 666 429 serarum
682 386 718 428 au
734 387 912 430 annuemus.
1246 415 1247 420 κ
1261 373 1323 440 859

1 531 82 596 ἰον
126 533 202 609 sit,
247 553 365 598 rerum
398 541 562 597 creatarum
590 535 646 598 luit
674 537 789 617 opilea,
823 537 891 598 ideo
915 536 946 598 in
969 537 1028 599 fine
1050 536 1236 600 saeculorum
1259 559 1406 604 remens

14 647 190 697 creatam
222 635 356 710 induit,
381 643 413 698 ut
434 655 499 698 eam
523 645 659 718 tanquam
683 647 800 700 creator
822 638 982 700 resarciret
1005 647 1034 701 et
1057 648 1217 720 repararet.
1261 641 1323 702 Nec

2 736 129 798 'enim
156 755 226 798 res
257 743 366 800 creata
389 755 452 799 rem
475 747 602 800 creatam
624 747 732 819 posset
747 739 857 800 salvam
873 740 985 808 lacero.
1004 740 1251 818 quemadmodum
1267 761 1322 804 neo

1 857 87 899 res
117 845 273 900 creatae
302 857 319 899 a
340 857 374 902 re
396 847 500 900 creata
515 839 693 918 potuissent
714 840 819 912 creari,
843 839 901 902 uisi
917 839 1044 902 Verbum
1068 848 1185 901 creatur
1206 843 1321 906 luisset

22 940 212 1010 Desinant
251 939 354 1020 igitur
382 940 522 1020 deinceps
545 939 714 1020 Scripturas
743 940 858 1003 divinas
887 941 961 1003 lalse
991 940 1197 1021 interpretari,
1224 961 1322 1022 neque

29 1041 109 1102 sint
138 1041 316 1103 scandalo
338 1037 570 1122 simplicioribus
593 1033 734 1115 lratrum3
765 1042 819 1104 sed
843 1041 868 1102 si
892 1031 1124 1120 quidem‘velint
1145 1043 1323 1105 sententiam

34 1151 186 1206 mutent
212 1153 251 1204 et
279 1140 350 1223 ipsi,
373 1160 429 1204 uec
450 1141 508 1204 iarn
530 1141 622 1204 rebus
645 1143 752 1204 creatis
775 1143 874 1222 potius
897 1161 985 1222 quam
1001 1141 1063 1204 lleo
1087 1142 1221 1204 omnium
1237 1161 1322 1205 crea-

9 1281 11 1284 ·
37 1245 114 1306 tori
143 1243 314 1308 serviant.
359 1243 411 1305 Sin
435 1247 506 1306 vero
529 1244 559 1305 in
582 1263 637 1305 sua
659 1251 852 1324 perseuerare
874 1243 1026 1323 impietate
1041 1243 1164 1318 malunt,
1188 1264 1221 1308 ae
1237 1246 1321 1307 solos

12 1373 25 1405 .·
44 1365 89 1408 ea
114 1345 217 1408 inlini
246 1345 324 1408 satie
347 1341 490 1419 babeant,
518 1345 717 1424 dentibusque
741 1363 802 1406 oon
825 1364 912 1408 secus
934 1365 970 1406 ac
989 1344 1124 1425 ipsorum
1145 1345 1233 1408 Pater
1254 1347 1319 1408 dia-

10 1475 13 1480 ·
45 1447 156 1510 bolus
184 1446 355 1520 strideant,
378 1447 495 1526 quando
518 1447 637 1526 quidem
661 1447 734 1509 fides
757 1446 924 1509 Catholicae
946 1447 1094 1509 Ecclesiae
1116 1447 1169 1509 llei
1190 1447 1320 1511 ¹Verbum

48 1567 177 1610 rerum
211 1548 354 1610 omnium
376 1555 542 1610 creatorem
565 1557 594 1609 et
616 1549 752 1626 opificem
776 1567 846 1610 esse
867 1549 1016 1628 agnoscit,
1046 1548 1217 1628 scimusque
1239 1550 1319 1629 quod

48 1653 91 1712 aba
115 1653 298 1731 principio
322 1660 390 1711 erot
415 1648 541 1714 Verbum
563 1660 591 1712 ot
615 1648 741 1712 Verbum
767 1659 836 1712 erut
866 1651 949 1731 epod
970 1649 1082 1722 Deum,
1118 1650 1216 1729 ipsum
1248 1649 1320 1712 item

54 1757 207 1829 propter
241 1758 376 1826 nostram
406 1749 529 1812 salutem
552 1751 660 1812 lactum
683 1749 841 1812 adoramus
864 1750 1039 1822 hominem,
1062 1769 1122 1812 non
1145 1751 1264 1830 quidem
1287 1759 1320 1812 ut

57 1850 208 1930 aequale
235 1849 400 1930 inaequali
424 1853 531 1914 lactum
553 1870 690 1932 corpore,
715 1852 768 1914 sed
791 1861 825 1912 ut
845 1852 1015 1923 Dominum,
1038 1851 1089 1930 qui
1112 1853 1190 1913 servi
1208 1852 1321 1931 accepit

62 1953 234 2024 formem,
257 1969 374 2014 necnon
397 1960 430 2013 ut
451 1951 585 2032 opificem
609 1962 639 2015 et
661 1961 844 2026 creatorem,
875 1954 926 2033 qui
949 1954 979 2014 iu
1002 1971 1036 2014 re
1057 1943 1154 2014 ereata
1175 1953 1319 2014 tieriuo-

18 2099 26 2132 .-
62 2053 141 2125 luit,
167 2060 208 2114 ut
232 2052 332 2114 omnia
354 2053 385 2115 in
407 2053 472 2134 ipsa
494 2054 626 2116 liberans
649 2055 792 2116 mundum
816 2054 1031 2116 offerretPetri
1054 2061 1216 2132 canemque
1235 2052 1319 2133 paci-

67 2152 198 2222 lic'aret.
224 2155 288 2217 sire
310 2174 386 2234 quae
408 2155 438 2216 in
461 2156 550 2218 caelis
573 2156 636 2218 sive
659 2175 733 2236 quas
756 2155 787 2216 in
811 2155 898 2238 torris
922 2163 1001 2218 sunt.
1046 2154 1096 2216 Sia
1118 2154 1197 2218 enim
1219 2162 1250 2216 et
1263 2173 1318 2232 pa·

21 2305 25 2340 .
69 2265 203 2318 ternam
227 2257 291 2318 eiua
313 2257 503 2337 agnoscimus
525 2255 708 2318 divinitatem
730 2267 760 2318 et
781 2257 978 2337 praesentiam
1005 2257 1180 2335 corpor‘cam
1209 2257 1317 2317 adora·
1391 2267 1393 2272 '

19 2387 28 2444 ³:
73 2376 162 2431 mus,
189 2356 415 2437 disrumpantur
437 2358 505 2420 licet
519 2359 629 2420 Amani.
674 2358 774 2420 Saluta
797 2376 910 2430 omnes,
933 2357 985 2436 qui
1000 2357 1157 2418 Dominum
1181 2365 1402 2419 nostrumnon.

72 2459 186 2520 lesum
212 2458 362 2520 Christum
391 2459 526 2538 diligunt.
571 2459 675 2520 Valere
704 2469 733 2520 te
761 2467 792 2520 et
813 2476 975 2520 memorem
999 2456 1095 2518 nostri
1117 2455 1195 2534 apud
1217 2453 1318 2516 Domi·

16 2595 29 2643 :²
76 2575 158 2617 num
184 2575 255 2619 esse
276 2577 450 2638 precamur,
480 2559 634 2622 rarissimo
662 2579 789 2640 aereque
812 2559 1009 2640 optatissime.
1056 2557 1136 2619 llaec
1157 2555 1261 2628 suam,
1293 2555 1319 2616 si

12 2715 22 2752 ·.
76 2674 162 2735 opus
189 2657 292 2732 luerit,
314 2657 455 2722 lliereeae
475 2659 651 2740 presbytero
673 2661 791 2724 recitari
813 2661 959 2741 cupimus.

82 3043 143 3094 lov.
184 3047 258 3096 lidem
277 3061 332 3096 moa
351 3053 374 3096 et
389 3047 486 3097 Gobler.
506 3045 554 3106 arie
569 3041 680 3094 sobole
731 3038 817 3110 ἱέρακι
835 3045 997 3095 scribendum.
1034 3041 1317 3106 llicenimilleestllie·
1377 3085 1390 3108 ,

83 3111 142 3174 atris·
181 3115 226 3164 etti
245 3121 269 3164 et
287 3115 344 3165 euru
362 3115 449 3164 habeut
467 3105 659 3174 τῆςκαθόλου.
729 3128 785 3171 ιιι,
810 3127 880 3177 quern
899 3111 978 3161 triani
1005 3127 1051 3160 uua
1077 3125 1130 3160 cnm
1154 3109 1270 3174 ldelplrio
1295 3117 1319 3157 ot

731 3181 813 3229 moltis
831 3181 886 3230 aliis
905 3179 1035 3228 inexilium
1047 3177 1208 3242 proiecerunt,
1227 3185 1252 3226 ot
1262 3191 1318 3224 nar-

729 3255 766 3298 rat
783 3250 896 3298 Albanae.
915 3247 975 3296 lllst.
994 3247 1023 3296 etl
1044 3247 1174 3296 llonaclrus
1192 3241 1315 3308 panset.

729 3314 846 3364 num‘lb.
865 3313 1021 3378 ettpolopia
1041 3314 1071 3363 ἀι
1089 3313 1144 3374 tum
1163 3326 1205 3361 sua
1224 3327 1248 3375 p.
1259 3309 1308 3360 324

729 3381 832 3432 numi.
1302 3407 1306 3412 ·

122 3215 147 3266 d.
167 3215 231 3265 llaec
253 3215 284 3264 ad
301 3216 373 3265 linem
392 3216 479 3265 rlesuut
496 3216 519 3264 in
538 3212 678 3275 inplicans.

17 3303 23 3329 =.
87 3282 181 3332 lbialem
200 3283 299 3345 Segner.
319 3275 410 3349 lepoapi
429 3284 509 3340 babet,
527 3281 588 3330 utin
608 3271 678 3344 ἱερα-

85 3347 137 3414 κῷ,
157 3350 254 3402 Gobler.
273 3358 297 3401 et
315 3343 419 3402 Falolm.
433 3349 454 3398 l.
474 3339 576 3415 ἱέρακα.
607 3348 677 3396 Forte
