3176 5304
202 361 245 426 28
730 373 907 420 rnlsrlrro.

198 539 284 608 spem
308 543 426 588 omnem
449 524 553 586 salutis
575 523 708 604 pendere
735 535 888 598 censeret,
918 544 1034 588 omnem
1057 526 1146 588 vitam
1176 543 1430 592 suamcousum-

196 627 287 700 sisse,
309 645 365 708 pro
387 623 588 687 incolumitate
609 625 740 688 veritatis
764 625 879 688 divinae
902 645 935 687 se
957 627 1084 688 invidiae
1106 627 1303 708 periculisque
1338 629 1430 693 obtu-

196 729 272 792 lisse
294 735 324 789 et
338 728 460 789 adversa
476 725 596 805 quaevis
612 727 683 788 lorti
707 743 741 788 ac
755 727 904 789 constanti
927 711 1026 789 auimo
1049 727 1178 790 subiisse
1201 737 1230 790 et
1244 748 1316 791 vero
1339 732 1428 794 etiam

198 830 279 892 iusto
302 831 332 890 in
355 829 459 890 hostes
483 826 553 888 odio
587 845 701 909 eosque
729 826 905 908 profligaudi
936 829 1036 890 studio
1060 829 1222 902 exarsisse,
1258 831 1331 892 haec
1358 831 1428 894 talia

198 930 265 1011 quis
287 947 348 992 uon
365 928 521 990 erubescat
535 928 728 1009 vituperando
744 927 898 1010 affligeret
927 929 1046 991 bladum
1063 930 1248 992 excesserint
1262 930 1438 1011 Gregorius.

196 1031 400 1094 Nazianzenus
424 1029 531 1109 aliique
545 1037 660 1092 veteres
675 1029 705 1092 in
720 1029 873 1093 laudandis
888 1029 1039 1090 Athanasii
1062 1030 1232 1106 virtutihus,
1247 1041 1327 1094 certe
1348 1050 1425 1111 pro-

197 1132 359 1196 babiliores
380 1149 460 1192 nunc
480 1131 569 1193 nobis
592 1131 730 1194 ridentur
751 1131 810 1192 illis
832 1148 949 1192 morum
971 1131 1229 1210 vituperatoribus.

284 1233 343 1296 Sed
365 1231 432 1312 plus
455 1231 503 1294 bic
524 1241 626 1294 nostra
648 1233 740 1294 relert
754 1232 854 1294 videre
876 1231 1084 1293 dehthanasio
1106 1232 1245 1311 theologo
1269 1240 1298 1294 et
1319 1231 1426 1312 dispu-

196 1343 292 1398 tatore
314 1335 411 1413 deque
425 1332 560 1395 vindiciis
580 1333 774 1413 principatus,
797 1351 940 1413 quocum
961 1332 1082 1410 dignum
1098 1350 1166 1394 esse
1186 1332 1323 1394 diximus.
1368 1333 1424 1395 Et·

197 1436 276 1498 cuim
298 1433 460 1497 verendum
477 1444 532 1508 est,
556 1452 594 1496 ne
608 1435 735 1496 lectores
750 1433 828 1495 baud
843 1433 929 1513 pauci
944 1434 974 1494 in
991 1433 1112 1512 scriptis
1134 1433 1289 1512 polemicis
1312 1434 1424 1512 passim

195 1536 349 1598 attendant
370 1544 401 1597 et
422 1536 487 1597 iure
509 1535 691 1614 reprehensa
713 1542 833 1614 putent,
857 1551 932 1613 quae
955 1541 1053 1596 tomen
1076 1534 1213 1596 idoneam
1235 1534 1346 1596 babent
1369 1553 1424 1596 ex·

196 1637 381 1700 cusationem
403 1653 500 1716 neque
514 1635 706 1698 Athanasium
729 1635 901 1696 interiorem
924 1634 1035 1697 iaciunt
1055 1635 1120 1696 aliis
1143 1635 1190 1696 sui
1213 1635 1322 1697 saeculi
1344 1636 1422 1697 scri-

194 1737 331 1818 ptoribus
353 1737 399 1798 vel
421 1735 697 1817 praestantissimis.
741 1736 784 1798 lta
817 1735 917 1814 negari
951 1737 1072 1797 omnino
1104 1753 1165 1796 uon
1188 1743 1305 1815 potest,
1340 1736 1423 1798 illurn

196 1838 228 1901 iu
251 1837 585 1924 disputationibusuon
607 1855 726 1917 semper
747 1855 822 1912 eam,
846 1855 921 1917 quae
936 1834 1021 1898 decet
1035 1836 1216 1916 theologum,
1239 1836 1423 1898 moderatio-

196 1958 264 2002 nem
288 1939 479 2010 observasse,
511 1940 564 2000 sed
587 1939 694 2000 ardore
722 1937 854 2000 haeresis
884 1938 1098 2018 oppugnandae
1121 1945 1151 2000 et
1171 1938 1346 2000 evertendae
1361 1938 1423 1998 ‘ab-

195 2048 312 2120 reptum
343 2059 432 2119 saepe
465 2039 600 2102 acerbius
623 2047 652 2101 et
679 2038 926 2102 contumeliosius
949 2040 978 2100 in
1000 2039 1126 2100 Arianos
1158 2039 1303 2101 invectum
1338 2057 1422 2100 esse:

194 2145 394 2206 verumtamen
428 2141 478 2220 qul
501 2140 613 2203 erroris
646 2141 816 2219 gravitatem
849 2139 1031 2219 periculique
1053 2139 1121 2201 inde
1144 2139 1286 2201 ecclesiae
1320 2140 1422 2200 immi·

195 2243 294 2304 nentis
317 2241 549 2321 magnitudinem
571 2241 746 2322 expenderit
768 2251 798 2302 et
818 2240 991 2302 recordatus
1021 2241 1110 2302 luerit
1136 2219 1350 2320 disputantium
1371 2240 1423 2302 illa

195 2352 291 2406 aetate
313 2360 414 2405 mores
447 2350 536 2422 atque
557 2343 735 2404 missorum
766 2341 899 2421 ipsorum
933 2341 1161 2420 impudentiam,
1194 2341 1220 2403 is
1253 2359 1423 2421 propensus

53 2475 57 2486 ·
134 2452 140 2460 '
195 2445 253 2507 erit
273 2445 308 2506 ad
331 2444 520 2523 asperitatem
553 2444 631 2506 illam
666 2443 872 2506 excusandam.
925 2441 960 2504 ln
988 2461 1046 2523 quo
1080 2442 1189 2505 nimius
1221 2443 1349 2505 tortasse
1377 2451 1424 2505 cst

65 2595 68 2604 .
99 2587 101 2596 ι
150 2557 153 2568 '
196 2546 448 2618 montfauconius,
471 2545 521 2624 qui
543 2545 574 2607 in
593 2545 788 2624 praefatione
809 2547 842 2605 in
864 2547 1011 2604 universo
1032 2563 1057 2606 a.
1080 2543 1241 2606 Athanasii
1260 2561 1353 2623 opera
1374 2542 1421 2604 cd.

194 2647 293 2708 Patav.
323 2647 409 2708 Tora.
433 2646 455 2708 l.
479 2663 508 2725 p.
532 2645 635 2708 Xlllll.
653 2644 706 2706 ·de
738 2644 813 2724 stylo
836 2644 990 2705 Athanasii
1021 2644 1175 2707 disserens
1208 2643 1328 2708 s'rribit:
1366 2645 1421 2718 „lu

193 2747 347 2827 polemicis
369 2747 448 2810 euim
480 2746 607 2808 maxime
638 2753 764 2808 aetatem
796 2744 948 2818 contrivit,
979 2765 1086 2812 curans
1120 2763 1238 2827 semper
1268 2763 1305 2807 ne
1327 2745 1421 2808 aliena

193 2850 331 2930 aogmata
352 2849 587 2927 baianorumque
609 2865 701 2910 ausus
729 2845 808 2928 plebi
836 2845 996 2918 catholicae
1027 2848 1097 2927 quid
1126 2853 1318 2927 apportarent
1339 2846 1420 2910 mali.

188 2953 258 3032 „aad
279 2970 350 3014 vero
379 2968 467 3030 asper
489 2956 588 3011 estet
616 2949 720 3011 sannis
747 2947 972 3028 maledictisque
1000 2949 1122 3028 plenus,
1153 2948 1270 3028 quaudo
1299 2967 1348 3011 res
1372 2955 1421 3010 est

194 3054 236 3115 illi
258 3061 362 3114 contra
384 3051 567 3114 haereticos:
601 3067 689 3114 nemo
713 3057 812 3112 tanmn
836 3058 897 3122 est,
931 3049 980 3128 qui
1014 3058 1168 3129 perspecta
1191 3046 1417 3124 baereticorum,

193 3155 320 3216 maxime
339 3153 401 3215 bril
424 3151 594 3232 sequacium
616 3151 793 3240 pertinacia,
822 3151 938 3222 lurore,
966 3149 1148 3211 immanitate
1169 3151 1200 3210 in
1223 3150 1418 3226 Christianos,

192 3255 224 3314 in
246 3253 417 3331 episcopos,
439 3253 603 3331 proborum
625 3252 695 3313 item
718 3252 873 3314 bominum
896 3249 1080 3323 carnificina,
1101 3251 1133 3311 in
1156 3251 1287 3311 nelarios
1309 3252 1419 3332 aliquid

192 3351 399 3416 inclementius
433 3351 543 3414 dictum
575 3352 745 3412 arbitretur.
800 3353 913 3429 aspere
946 3349 1060 3412 sedicet
1091 3350 1151 3430 agit
1177 3351 1319 3425 brianus,
1350 3355 1419 3434 quia

193 3453 266 3516 nibil
299 3460 402 3514 centra
434 3459 545 3512 tantam
577 3451 635 3512 vim
668 3452 783 3514 sineri
807 3452 1022 3530 lieripoterat:
1060 3462 1090 3514 et
1111 3453 1238 3514 remisse
1270 3453 1418 3532 depellere

191 3556 308 3618 feroces
329 3544 478 3624 homines,
500 3551 585 3638 lateri
608 3560 670 3614 erat
691 3552 822 3614 dillisum
845 3571 878 3614 se
901 3571 1007 3616 causae
1029 3573 1109 3616 suae
1154 3553 1216 3614 Etsi
1238 3571 1309 3614 vero
1332 3571 1416 3614 mor-

191 3656 242 3719 det
262 3653 385 3724 acriter,
418 3670 485 3714 curn
516 3652 674 3714 insolentia
707 3653 863 3715 criminum
885 3661 936 3716 aut
956 3653 1114 3729 haeresum
1136 3653 1287 3716 temeritas
1318 3673 1416 3716 acrem

190 3756 321 3838 postulat
342 3762 508 3828 oratorem3
530 3751 581 3814 ubi
604 3759 701 3816 umen
724 3772 773 3816 res
795 3753 836 3816 illi
859 3764 994 3818 osteum
1016 3755 1193 3818 adversariis
1215 3755 1341 3837 aliquam
1364 3773 1417 3816 ae·

190 3858 242 3938 qui
256 3856 387 3936 bonique
408 3854 554 3917 rationem
577 3855 755 3928 tenentibus,
780 3855 881 3918 sobrie
902 3873 936 3917 ac
956 3856 1120 3934 prudenter
1134 3857 1223 3920 verba
1246 3858 1323 3932 lacit,
1338 3857 1418 3920 mol-

191 3959 284 4039 litque
317 3961 433 4018 ouimes
456 3967 484 4018 et
514 3967 662 4038 temperat
682 3960 783 4019 iras.“
826 3957 898 4020 Cum
921 3957 969 4019 bis
998 3959 1159 4022 cohaerent
1178 3960 1233 4021 alia
1255 3957 1416 4020 athanasio

190 4077 258 4120 cum
291 4057 525 4138 disputatoribus
559 4056 622 4118 eius
644 4059 747 4120 aetatis
775 4059 924 4138 plerisque
957 4059 1308 4130 omnibusccmmuuia,
1340 4073 1417 4137 quae

189 4157 351 4222 lectoribus
367 4177 403 4220 ex
419 4158 562 4220 hodierna
577 4158 731 4238 disciplina
754 4158 919 4238 theologica
933 4178 984 4221 res
1007 4159 1204 4222 iudicantibus
1225 4156 1416 4236 displiceant:

189 4259 256 4322 dicu
278 4267 359 4321 artes
380 4259 446 4324 illas
473 4259 639 4322 dialecticae
668 4259 732 4322 sive
760 4259 894 4321 eristicas
917 4277 952 4321 ex
981 4257 1184 4338 sophistarum
1206 4267 1236 4320 et
1262 4257 1417 4322 rhetorum

190 4359 302 4424 scholis
324 4369 495 4440 perceptas,
523 4360 630 4440 quibus
653 4367 777 4422 utuntur
804 4361 841 4421 ad
863 4358 1049 4421 adversarios
1073 4359 1109 4421 de
1132 4368 1211 4422 statu
1233 4360 1416 4424 deiiciendos

190 4481 353 4542 eorumque
374 4461 431 4524 tela
453 4459 636 4544 depellenda,
658 4460 830 4522 methodum
851 4457 1020 4538 disputandi
1041 4451 1109 4526 κατ’
1135 4457 1341 4546 οἰκονομίαν,
1364 4480 1416 4523 ar·
1523 4503 1528 4510 -

189 4574 327 4644 gumenta
360 4563 439 4626 dictu
474 4564 609 4646 speciosa
642 4563 745 4643 potius
776 4577 864 4642 quam
891 4577 960 4624 vcra
990 4571 1020 4626 et
1047 4564 1153 4626 iustam
1183 4563 1329 4644 probandi
1357 4563 1418 4626 rim
