3176 5304
367 1287 593 1363 sancti
627 1285 850 1360 PATRIS
884 1284 1113 1362 noscat

520 1447 972 1562 ATHANASII

421 1605 748 1660 ancnitcriscort
768 1605 1067 1659 accxariuman

614 1725 880 1800 aristote.

190 1880 283 1942 QUOD
308 1879 440 1931 NiCdENd
464 1879 600 1930 sinentis
626 1879 796 1928 rcnsrccm
829 1881 1061 1931 uuscetanonun
1092 1881 1292 1932 ctcttutraru

190 1965 423 2018 concaui-:urim
447 1964 485 2014 ct
503 1963 551 2014 etc
570 1963 648 2022 Quat
665 1961 818 2014 ADVERSUS
835 1965 966 2014 diiideid
986 1965 1133 2016 accussat
1152 1965 1292 2016 DECRETA

621 2047 701 2098 SUNT
720 2047 872 2100 culusum.

610 2223 899 2236 --——.-—--.—-

221 2407 249 2465 1.
293 2401 381 2462 Recte
404 2402 519 2481 quidem
542 2411 574 2464 ιιι
596 2403 702 2474 fecisti,
726 2403 776 2482 qui
799 2410 877 2464 tuam
901 2420 968 2464 cum
983 2399 1107 2463 Arianae
1129 2401 1261 2462 haeresis
1282 2419 1443 2482 pro-rme.

129 2502 351 2580 pugnatoribus
380 2502 608 2582 disputationem
641 2503 715 2564 mihi
738 2503 965 2582 significaveris,
995 2502 1182 2582 adfuisseque
1205 2503 1285 2564 inter
1305 2521 1358 2564 eos

129 2602 298 2663 nonnullos
321 2601 489 2663 exEusebii
512 2603 672 2674 sodalibus,
695 2602 899 2684 plurimosque
922 2623 939 2664 e
962 2603 1111 2676 iratribus,
1135 2603 1286 2682 qtritidem
1301 2601 1360 2662 Ec·
1430 2606 1435 2626 ’

138 2701 250 2760 etesiae
271 2709 442 2776 sequuntur.
485 2700 549 2760 Tua
576 2701 663 2777 igitur
686 2721 760 2780 quae
781 2723 850 2765 vero
873 2703 984 2765 Christi
1007 2721 1108 2766 amore
1131 2703 1216 2763 ardet
1237 2699 1362 2777 vigilan-

148 2797 192 2858 tia
224 2797 297 2856 mihi
325 2797 409 2858 vaide
436 2799 561 2876 placuit,
592 2818 684 2878 eaque
716 2801 833 2880 impiam
861 2804 1008 2865 haeresim
1042 2802 1158 2882 egregie
1192 2798 1363 2860 confutavit.

146 2898 347 2960 Vehementer
368 2905 462 2958 autem
486 2897 602 2958 iliorum
625 2899 835 2976 impudentiam
857 2919 922 2962 sum
944 2903 1120 2974 admiratus,
1144 2899 1225 2978 quod
1248 2897 1366 2958 tametsi

139 3001 219 3064 clare
242 3004 400 3060 ostensum
423 2997 487 3069 tuit,
503 2997 679 3059 Asianorum
693 2999 821 3060 rationes
836 3002 932 3062 iutiies
948 3002 1107 3064 admodum
1123 3007 1153 3060 et
1168 2999 1272 3058 inanes
1288 3015 1365 3068 esse,

139 3102 257 3182 ipsique
280 3100 317 3160 ab
341 3100 487 3161 omnibus·
503 3099 600 3160 omnis
624 3099 772 3178 nequitiae
788 3103 974 3162 condemnati
992 3103 1119 3173 suerunt,
1143 3107 1240 3160 tamen
1255 3097 1364 3160 uiiriio-

139 3205 236 3266 minus
266 3219 350 3262 more
382 3201 559 3262 iudaeorum
587 3209 777 3262 murmurent
809 3221 843 3262 ac
865 3201 1024 3264 identidem
1047 3199 1155 3262 dicant:
1190 3199 1285 3274 Quare
1312 3200 1361 3280 qui

140 3305 261 3366 Nicaeae
287 3311 506 3376 converterunt,
541 3301 684 3364 vocabula
712 3321 772 3362 non
801 3301 911 3382 scripta
940 3321 1044 3382 nempe
1071 3321 1109 3364 ea
1134 3303 1304 3366 tuditantia
1332 3311 1362 3362 et

142 3405 396 3469 consubstantiale
418 3401 590 3484 scripsere?
635 3403 679 3465 Τιι
708 3403 826 3482 quidem
850 3411 881 3466 ut
903 3405 947 3466 vir
968 3405 1097 3466 disertos
1119 3403 1186 3465 ilios
1210 3402 1249 3466 ita
1272 3403 1361 3464 etiam

144 3506 369 3585 tergiversantes
392 3505 464 3566 nihil
486 3505 545 3565 nisi
566 3505 638 3566 ialsa
660 3505 777 3566 eiiutire
797 3506 1021 3580 demonstrasti3
1043 3505 1128 3567 atilli
1144 3503 1217 3566 nihil
1232 3503 1361 3567 alienum

145 3627 161 3668 a
180 3607 320 3686 pravitate
343 3626 414 3668 suao
437 3606 544 3667 mentis
568 3607 765 3680 committunt,
789 3625 853 3668 cum
878 3607 969 3674 varias
992 3605 1259 3670 comminiscuntur
1281 3603 1359 3667 diid-

146 3709 274 3770 cuitates.
319 3709 391 3770 Tam
420 3716 489 3769 sunt
517 3707 594 3768 enim
625 3708 828 3770 inconstantes
851 3707 881 3769 in
903 3709 1052 3770 variandis
1075 3705 1250 3776 sententiis,
1274 3721 1361 3782 quam

148 3809 377 3870 chamaeleontes
399 3809 428 3869 in
451 3795 591 3870 mutando
615 3808 725 3870 colore.
755 3809 833 3872 Hinc
855 3829 920 3872 cum
936 3809 1152 3870 convincuntur
1167 3805 1363 3876 erubescunt;
1399 3805 1402 3818 '

149 3911 266 3972 haerent
294 3918 392 3970 autem
422 3927 486 3970 eum
516 3892 716 3970 examinamur
744 3927 778 3970 ac
807 3910 924 3972 tandem
953 3927 1027 3970 vana
1059 3907 1246 3986 impudenter
1273 3923 1361 3984 prae-

149 4019 259 4082 terunt,
289 4029 364 4088 quae
394 4009 418 4070 si
442 3987 518 4088 quis'
531 4007 686 4080 refellerit,
714 4027 775 4068 non
798 4009 995 4086 defatigantur
1015 4007 1109 4070 donec
1131 4027 1164 4070 ea
1186 4024 1261 4086 quae
1283 4005 1363 4066 nulia

151 4121 215 4174 sunt
244 4110 475 4190 excogitaverint
497 4115 527 4170 et
549 4107 662 4180 inania,
691 4118 724 4169 ιιι
747 4105 888 4188 scriptum
911 4117 974 4182 est,
1003 4109 1111 4170 suerint
1132 4107 1281 4180 meditati,
1310 4123 1366 4167 nec

151 4213 230 4274 aliam
254 4211 292 4273 ob
315 4231 431 4274 causam
454 4209 511 4272 nisi
534 4217 567 4271 ut
587 4209 670 4290 impii
692 4221 893 4289 permaneant.
936 4210 969 4272 ld
992 4219 1091 4272 autem
1111 4209 1183 4270 nihii
1200 4207 1277 4270 atiud
1293 4225 1366 4268 sane

154 4323 200 4386 est,
223 4331 311 4393 qnam
331 4312 469 4394 propriae
490 4313 625 4398 ipsorum
648 4311 835 4392 insipientiae
858 4311 980 4374 evidens
1002 4317 1207 4390 argumentum
1229 4325 1284 4370 nec
1304 4326 1366 4368 non

154 4527 296 4602 ιρισθιντα
315 4535 408 4588 additur
423 4523 568 4591 inmoti:
591 4533 633 4581 ssd
653 4535 731 4596 aptius
818 4533 841 4580 t.
867 4531 908 4582 Sic
931 4531 987 4592 Bag.
1024 4529 1052 4578 tt
1078 4529 1101 4577 io
1120 4509 1379 4582 attestationis

156 4603 281 4653 collocatur
299 4610 352 4651 auto
371 4591 414 4648 du
431 4594 447 4660 ἦ
465 4593 495 4648 ἐν
512 4595 616 4661 Νααιςι
635 4611 680 4649 etc.
785 4599 860 4648 deest.

183 4689 307 4732 transcen
321 4699 372 4732 err.
387 4699 456 4731 sonu.
471 4699 520 4730 ssu.
1153 4675 1169 4726 2
