3226 5280
134 375 139 384 .
211 327 276 390 101
611 337 638 380 ε.
655 337 809 380 ενειαιειι
823 337 1047 382 ιιιειιιεειεοουι

124 480 311 552 εαικαῦτόν
339 484 387 562 (αἱ
414 481 476 568 γὰρ
503 485 570 548 τιῦν
589 475 770 568 Ἆρειανῶν
797 477 881 568 ύπέρ
904 477 1005 550 αῦτοῦ
1027 481 1218 572 προφάσεις
1232 483 1346 552 αλτίαι
1366 476 1434 550 κατ’

209 583 311 652 αὐτοῦ
332 581 550 670 τυγχάνουσι),
573 581 608 649 τί
628 583 829 669 ποιήσουσιν
850 577 1024 662 ἀκούοντες
1046 586 1100 650 καί
1122 587 1188 650 τιῦν
1209 583 1360 669 μεγάλων
1382 586 1437 650 καί

211 693 380 771 μακαρίων
399 681 616 751 Ἀποοτόλων
639 683 672 751 ἐν
694 695 769 762 ταῖς
789 682 942 768 πράξεσι,
965 687 1025 750 τοῦ
1047 686 1107 767 μὲν
1122 690 1252 770 Πέτρου
1268 685 1437 769 λέγοντος·

207 783 328 872 ἀνδρες
346 779 554 871 Ἰσραηλῖται,
578 778 739 872 ἀκούσατε
760 783 838 862 τοῦς
852 783 968 870 λόγους
982 783 1127 864 τούτους.
1155 779 1277 872 Ἰησοῦν
1291 782 1349 849 τόν
1364 790 1438 849 Να-

207 887 370 972 ζωραῖον,
399 882 504 972 ἀνδρα
525 879 801 970 ἀποδεδειγμένου
824 878 894 951 ἀπὸ
915 888 974 952 τοῦ
995 888 1080 952 θεοῦ
1103 883 1150 964 εἰς
1171 879 1258 972 ήμᾶς
1279 882 1441 967 δυνάμεσι

212 989 267 1054 καί
288 991 404 1072 τέρασι
425 989 478 1053 καί
502 991 666 1072 σημείοις,
696 979 747 1064 οἷς
774 985 930 1070 ἐποίησεν
953 981 971 1052 ό
993 985 1076 1065 θεὸς
1098 981 1145 1052 δι’
1169 980 1269 1052 αῦτοῦ
1292 985 1441 1073 ἐνμέσῳ

209 1083 321 1172 ῦμιῦν,
350 1085 465 1165 καθὼς
493 1086 621 1165 οἴδατε,
654 1088 773 1152 τοῦτον
801 1089 841 1172 τῇ
864 1080 1029 1173 ὡρισμένῃ
1050 1089 1153 1173 βουλῇ
1175 1088 1230 1152 καί
1252 1085 1442 1172 προγνώσει

193 1190 292 1254 θεοῦ
313 1190 397 1254 θεοῦ
427 1186 559 1253 ἔκδοτον
588 1185 646 1252 διὰ
675 1189 794 1272 χειρῶν
822 1181 956 1270 ἀνόμων
977 1187 1225 1273 προςπήξαντες
1247 1181 1439 1267 ἀνείλατε),

213 1289 269 1354 καὶ
291 1287 409 1354 πάλιν·
432 1286 466 1354 ἐν
487 1289 534 1372 τῷ
557 1281 697 1370 ὀνόματι
714 1281 818 1374 Ἰησοῦ
830 1290 979 1372 Χριστοῦ
990 1291 1049 1352 τοῦ
1061 1286 1268 1372 Ναζωραίου,
1293 1285 1330 1354 ὃν
1345 1281 1443 1371 ῦμεῖς

215 1387 453 1475 ἐσταυρώσατε,
477 1385 514 1453 ὃν
537 1383 555 1452 ὃ
577 1387 660 1466 θεὸς
681 1385 807 1475 ἤγειρεν
830 1386 865 1454 ἐκ
886 1390 1015 1473 νεκρῶν,
1040 1386 1073 1454 έν
1094 1385 1201 1472 τούτῳ
1223 1376 1320 1465 οὗτος
1335 1392 1443 1472 παρέ-

216 1513 330 1576 στηκεν
353 1489 497 1557 ἐνώπιον
519 1482 610 1572 ύμιῦν
632 1485 763 1575 ὑγιής),
786 1491 845 1554 τοῦ
868 1489 905 1555 δὲ
920 1488 1055 1555 Παύλου
1072 1487 1286 1574 ἐξηγουμένου
1309 1487 1345 1554 ἓν
1362 1481 1442 1554 Ἀν-

214 1594 340 1675 τιυχείᾳ
360 1592 419 1676 τῆς
440 1589 637 1668 ι’Πιοιδίας,
667 1585 721 1656 ότι
748 1589 954 1677 μεταστήσας
976 1585 994 1654 ὃ
1015 1588 1097 1667 θεὸς
1118 1587 1176 1655 τὸν
1198 1588 1308 1655 Σαοὺλ
1329 1585 1441 1674 ἤγειρε

214 1689 274 1757 τὸν
295 1690 406 1775 Δαβὶδ
426 1690 473 1768 εἰς
493 1691 641 1776 βασιλέα,
665 1679 694 1775 ηῦ
713 1695 767 1756 καί
790 1683 865 1758 εἶπε
884 1687 1108 1776 μαρτυρήσας·
1132 1676 1226 1772 εῦρον
1247 1689 1360 1774 Δμβὶδ
1380 1687 1438 1754 τόν

130 1793 276 1858 νοητοῦ
294 1785 421 1870 Ἰεσσαί,
445 1787 566 1875 “ἀνδρα
587 1791 670 1858 κατὰ
689 1789 750 1874 τήν
769 1792 906 1876 καρδίαν
920 1813 994 1875 μου,
1011 1788 1048 1869 ῦς
1063 1789 1201 1875 ποιήσει
1210 1789 1253 1855 τὰ
1263 1787 1440 1876 θελήματά
1496 1789 1505 1808 “

215 1917 289 1978 μου.
333 1891 451 1957 τούτου
483 1885 500 1955 ό
527 1891 611 1970 θεὸς
639 1885 708 1957 ἀπὸ
736 1894 794 1957 τοῦ
816 1885 1097 1988 σπέρματοςικαί
1123 1889 1319 1975 ἐπαγγελίαν
1341 1885 1442 1974 ήγαγε

214 1995 263 2078 τῷ
282 1989 408 2076 Ἰσραήλ
430 1993 562 2077 σωτῆρα
580 1987 740 2078 Ἱηοοῦνλ),
763 1995 817 2059 καὶ
832 1991 936 2059 πόλιν
953 1993 986 2059 έν
1002 2002 1076 2070 ταῖς
1087 1987 1267 2076 Ἀθήναις·
1288 1988 1367 2068 τοῦς
1380 1990 1441 2073 μὲν

214 2081 274 2158 οῦν
299 2089 436 2176 χρόνους
463 2094 523 2178 τῆς
550 2085 683 2176 ἀγνοίας
704 2086 870 2176 ύπεριδδιν
894 2087 912 2156 δ
932 2091 1035 2170 θεός,
1056 2089 1100 2157 τὰ
1122 2094 1179 2156 νῦν
1201 2090 1441 2176 ιιπαραγγέλλει

213 2195 288 2269 τοῖς
309 2186 515 2276 ἀνθρώποις,
537 2189 666 2270 πόντος
680 2193 848 2274 πανταχοῦ
861 2201 1051 2273 μετανοεῖν·
1073 2189 1197 2256 καθότι
1211 2189 1347 2278 ἔστησεν
1361 2185 1439 2277 ήμέ·

217 2315 293 2378 ραν,
323 2289 358 2357 έν
385 2281 540 2378 ᾗμέλλει
559 2297 681 2377 κρίνειν
702 2291 761 2378 τήν
783 2290 973 2377 οἰκουμένην
996 2289 1029 2357 ἐν
1052 2291 1260 2377 δικαιοσύνη,
1290 2289 1324 2357 έν
1347 2286 1440 2375 ἀνδρί

212 2381 245 2479 ᾧ
268 2387 384 2477 ὥρισε,
408 2396 523 2457 πίστιν
545 2391 726 2478 παρασχὼν
748 2393 868 2470 πᾶσιν,
892 2384 1078 2478 ἀναστήσας
1100 2384 1201 2458 αὐτὸν
1223 2391 1258 2458 ίιι
1279 2394 1439 2477 νεκρῶν),

213 2487 239 2580 ἢ
258 2491 430 2579 Στεφάνου
451 2494 511 2556 τοῦ
532 2489 691 2576 ’μεγάλου
712 2491 886 2578 μάρτυρος,
911 2486 991 2557 ὅταν
1012 2492 1103 2578 λέγῃ·
1128 2488 1201 2558 ἰδοὺ
1223 2495 1345 2577 θεωρῶ
1364 2483 1442 2569 τοῦς

217 2587 376 2678 οὐρανούς
408 2591 668 2678 διηνοιγμένους,
700 2593 756 2657 καί
788 2589 845 2657 τόν
873 2589 945 2658 υἱὸν
974 2589 1032 2658 τοῦ
1061 2586 1246 2676 ἀνθρώπου
1268 2591 1303 2658 ἐν
1322 2592 1441 2672 δεξιῶν

218 2689 347 2762 δστιῦτα
367 2693 426 2758 τοῦ
448 2695 578 2775 θεοῦ),
606 2687 677 2776 ιύρα
698 2691 774 2779 ’γὰρ
803 2690 923 2758 λοιπὸν
946 2686 1065 2772 αὐτοὺς
1085 2697 1140 2759 καὶ
1163 2695 1218 2759 νῦν
1241 2686 1443 2777 ἀποθρασύ-

217 2800 340 2862 νεσθαι
361 2794 415 2860 καί
438 2792 542 2878 λέγειν
565 2788 671 2872 (οῦδὲν
692 2791 754 2881 γὰρ
777 2787 890 2871 αὐτοῖς
912 2787 1117 2878 ἀτόλμητον),
1142 2788 1195 2859 ὅτι
1216 2793 1270 2859 καί
1292 2785 1386 2859 αῦτολ
1408 2791 1443 2857 οἱ

133 2949 138 2962 .
218 2888 405 2962 ἀπόστολοι
424 2891 468 2960 τὰ
485 2886 616 2978 Ἀρείου
639 2893 815 2982 ἐφρόνουν·
839 2891 1024 2978 ἄνθρωπον
1037 2893 1098 2979 γὰρ
1119 2888 1209 2960 ’ἀπὸ
1224 2891 1376 2978 Ναζαρὲτ
1386 2893 1441 2960 καλ

213 2994 376 3082 ’παθητὸν
396 2993 455 3062 τὸν
476 2993 627 3079 Χριστὸν
649 2989 921 3082 ἀπαγγέλλουσιν.

305 3101 334 3163 8.
375 3089 522 3162 Ἐκείνων
550 3101 661 3163 τοίνυν
689 3099 830 3164 τοιαῦτα
857 3095 1124 3182 φανταζομένων,
1158 3083 1208 3178 ἀρ’
1232 3090 1348 3180 ἐπειδή
1369 3101 1443 3171 τοῖς

215 3193 363 3278 ι(λήμασι
382 3193 516 3273 τούτοις
538 3195 726 3283 ἐχρήσαντο,
749 3196 850 3282 μόνον
873 3192 1057 3279 ἄνθρωπον
1071 3191 1207 3280 ᾔδεισαν
1221 3190 1280 3260 τόν
1294 3192 1442 3277 Χριστὸν

212 3291 252 3356 οἱ
281 3287 467 3359 ἀπόστολοι
488 3297 542 3358 καί
565 3297 668 3360 πλέον
690 3292 803 3376 ούδέν,·
835 3292 880 3378 μὴ
909 3297 1053 3375 γένοιτο·
1082 3288 1140 3358 οῦκ
1172 3293 1261 3360 ἔστιν
1291 3287 1366 3360 οῦδὲ
1392 3291 1440 3371 είς

216 3391 295 3456 νοῦν
321 3392 420 3455 τοῦτο
449 3392 564 3475 λαβεῖν
591 3412 690 3458 ποτε·
719 3389 878 3482 ἀλλὰκαὶ
900 3393 997 3457 τοῦτο
1021 3387 1066 3469 ὠς
1087 3387 1309 3478 ἀρχιτέκτονες
1332 3391 1442 3480 7σοφοῦ

212 3492 272 3556 καί
301 3486 472 3571 οἰκονόμοι
497 3495 686 3574 μυστηρίων
707 3494 779 3556 ῐτοῦ
809 3493 893 3557 θεοῦ
916 3490 1136 3579 πεποιήκασι,
1162 3495 1218 3559 καί
1245 3492 1305 3580 τήν
1333 3492 1442 3560 αἰτίαν

218 3589 348 3671 ἔχουσιν
377 3585 527 3671 εῦλογον·
559 3587 676 3673 ἐπειδὴ
703 3588 765 3674 γὰρ
787 3590 820 3655 οἱ
841 3589 918 3658 τότε
936 3586 1104 3672 Ἰουδαῖοι,
1137 3593 1363 3678 πλανηθέντες
1383 3595 1443 3661 Ιιτε

216 3690 270 3755 καὶ
294 3685 521 3774 πλανήσαντες
534 3681 698 3771 Ἕλληνας,
722 3687 872 3772 ἐνόμιζον
893 3688 950 3756 τὸν
965 3690 1114 3776 Χριστὸν
1135 3691 1238 3776 ψιλὸν
1260 3691 1443 3780 ἀνθρωττοι*

287 3909 311 3966 1)
328 3909 379 3958 λοι.
396 3906 421 3968 2,
440 3907 549 3959 22-21.
619 3907 644 3968 2)
662 3907 756 3972 Am,
776 3911 817 3962 10.
885 3909 911 3970 3)
929 3913 979 3962 λεί.
997 3911 1037 3974 13,
1056 3911 1097 3968 22.
1115 3903 1156 3964 23ss
1225 3912 1442 3976 1)ι1ε1.1“ί,30.

217 3973 257 4023 31.
327 3974 353 4034 5)
371 3975 420 4024 λοι.
439 3975 464 4035 ’1,
482 3975 515 4024 56
533 3971 588 4040 [55.
605 3971 695 4042 ίυλς.].

229 4057 233 4066 ’
1202 4065 1211 4104 1

249 4105 470 4157 ε.τυ“ῦ1υει1111ε
490 4107 656 4158 desideratur:
682 4109 725 4160 sed
742 4111 803 4174 Ιεςί-
853 4111 901 4162 Sed
919 4113 943 4162 in
961 4113 1062 4177 reliquis
1080 4127 1154 4172 αιεα,
1177 4113 1202 4162 in
1226 4113 1340 4164 omuibus
1369 4113 1440 4164 ιδῖιίι

215 4181 257 4225 tur
279 4175 303 4223 in
327 4174 439 4224 omnibus
465 4174 590 4224 codicibus
616 4183 640 4225 ει
668 4177 691 4226 in
710 4179 801 4228 Graeco
853 4185 878 4228 ει
901 4179 925 4228 in
950 4180 1042 4230 ῦτιεεο
1067 4179 1206 4242 Scriptum
1236 4186 1300 4228 ίειια
1328 4179 1440 4229 habetur.

215 4240 446 4303 scriplurne‘textu.
482 4241 572 4291 Ibidem
592 4242 689 4293 Τευτλυ.
708 4245 759 4294 'les¹
779 4252 803 4293 εί
852 4244 905 4293 uox
922 4237 1014 4290 πάντα
1038 4245 1061 4292 in
1086 4243 1183 4293 Τεατία.
1202 4243 1249 4294 Ιοι.
1268 4245 1308 4294 Fr.
1326 4245 1344 4294 L
1375 4239 1442 4294 eti'u

215 4307 322 4358 ῦιιεεαε
343 4309 398 4356 'Scri
419 4315 486 4358 ιατιε
510 4315 600 4374 textus·
616 4302 663 4356 διὰ
685 4309 800 4379 χειροῖν,
853 4311 945 4360 (il-neco
964 4309 1052 4372 script.
1070 4314 1133 4358 ίιιια
1162 4309 1263 4368 legitur,
1290 4311 1313 4360 in
1337 4309 1439 4372 ιιΙίηυίι

215 4373 256 4423 atii
275 4381 299 4422 ει
317 4374 373 4423 editi
410 4367 438 4422 ιὰ
450 4369 553 4440 χειρίς.
852 4387 911 4426 mss.
931 4381 954 4422 ει
972 4373 995 4422 in
1015 4373 1086 4422 editis
1104 4373 1262 4424 διιίδετιιιιτ.

250 4440 274 4490 b.
292 4441 389 4490 Τειιεὶιι.
408 4447 432 4490 εί
450 4441 487 4492 Fr.
502 4443 521 4491 1.
539 4436 685 4494 κιναιδίας.
886 4441 910 4490 d.
929 4441 969 4488 Sic
986 4437 1072 4488 οιίιιιει
1089 4440 1146 4490 editi
1164 4448 1189 4488 ει
1207 4441 1313 4490 Gnaeus
1328 4441 1440 4504 Scriptu-

250 4522 272 4556 α
297 4497 386 4574 ἄνδρα
410 4509 478 4559 deest
505 4508 528 4558 in
552 4509 650 4559 Τιυτία.
676 4507 728 4558 Col.
753 4508 799 4558 ίεε.
851 4521 894 4556 εει
918 4512 1002 4556 textus.
1044 4506 1102 4570 δερ.
1129 4497 1308 4571 ἀπαγγέλλει,
1338 4508 1439 4558 Tnun'n.
