3054 5236
507 361 652 406 arrarum
669 363 706 404 uu
723 361 904 406 erroreruu.
1246 350 1305 414 881

12 531 73 576 am
104 513 153 576 in
183 531 327 594 eorpus
350 512 485 593 reipsum
507 531 563 592 pro
586 513 689 593 teipso
722 512 752 574 in
775 495 951 576 sacrificium
975 513 1099 575 ollerret
1119 533 1154 576 oe
1174 515 1307 597 seipsum
1317 505 1392 578 emt.

11 615 231 676 adimeret.

109 721 153 782 5.
215 715 295 778 Sed
319 734 381 777 non
402 716 443 778 itu
465 735 499 778 ee
522 733 572 778 res
594 713 692 788 babet,
716 713 811 788 absin
833 731 903 776 uam
923 733 1024 778 remea
1039 716 1177 778 Abrabae
1194 735 1308 798 oppre-

11 819 150 893 lmdr't‚
184 825 231 879 ut
261 817 308 880 ait
328 817 500 897 Apostolus,
523 817 604 878 υιιάι
627 816 728 879 debirit
745 833 805 895 per
828 819 928 878 omnio
949 816 1109 894 [retribuo
1127 818 1260 881 similari
1279 827 1309 881 et

14 937 149 999 mrpne
179 937 365 981 assumere
387 915 475 980 nobie
499 916 605 978 simile.
649 916 812 996 Propterea
834 915 925 996 igitur
946 915 1032 978 adeat
1053 934 1121 979 vere
1142 919 1249 994 llario,
1275 931 1309 985 ot

13 1026 50 1086 ub
88 1043 136 1085 ea
175 1019 276 1082 illud
306 1028 439 1082 assumat
466 1025 498 1080 at
525 1028 664 1098 tanguam
694 1017 849 1097 proprium
883 1035 940 1097 pro
968 1017 1057 1080 nobie
1086 1017 1156 1080 illud
1193 1021 1307 1084 ollerat.

16 1126 201 1204 illamque
230 1121 347 1184 Esaiae
376 1120 495 1200 quidem
518 1119 657 1182 indicarit
678 1118 795 1181 dioena:
818 1119 893 1182 ane
914 1123 1013 1200 virgo,
1036 1119 1154 1182 Gabriel
1176 1141 1246 1182 vero
1271 1121 1307 1184 od

15 1246 97 1288 earn
128 1221 302 1295 mittitur,
324 1241 380 1284 nee
401 1220 576 1301 simpliciter
597 1220 633 1282 ad
655 1219 810 1298 virginem,
834 1219 888 1282 seu
911 1221 951 1283 od
973 1224 1121 1300 virgeben
1143 1223 1308 1303 dorpaneo-

20 1340 99 1391 tom
127 1329 233 1396 uiro,
263 1333 296 1387 ut
316 1343 353 1386 ex
375 1324 479 1404 aponel
502 1323 654 1385 mentione
676 1319 820 1384 indicaret
833 1320 955 1384 blariam
972 1340 1040 1384 vere
1060 1322 1211 1386 bominem
1227 1341 1307 1388 esee.
1338 1369 1348 1380 .

19 1429 256 1506 Partumque
278 1433 426 1488 memorat
446 1423 599 1503 Smlptnra
621 1429 653 1484 et
673 1422 730 1483 ait:
760 1421 874 1484 Ponnir
905 1441 972 1486 eum
994 1424 1139 1498 involuit,
1168 1425 1309 1488 trabeata

23 1526 322 1610 praedicabantur
343 1526 452 1599 ubera,
475 1525 583 1604 quibua
606 1525 671 1604 ipae
693 1524 816 1586 laetatur
839 1533 902 1597 eet,
924 1531 955 1586 et
976 1525 1060 1604 quasi
1082 1535 1170 1605 portu
1191 1528 1308 1590 vulvam

25 1631 268 1710 adaperiente
289 1627 420 1688 oblatum
443 1632 491 1688 est
512 1605 706 1698 sacrificinm
735 1625 810 1688 bueo
830 1635 929 1688 autem
951 1625 1050 1688 omnia
1072 1627 1216 1706 parientis
1238 1629 1390 1690 Vir-root.

32 1731 130 1812 ginis
159 1737 263 1791 erant
283 1727 400 1790 indicia.
443 1725 482 1790 Et
503 1726 621 1789 Gabriel
642 1727 761 1806 quidem
784 1735 868 1790 mute
889 1746 925 1789 ao
939 1727 1101 1808 prudenter
1115 1729 1309 1792 annuntiabat

34 1835 86 1894 illl
115 1829 279 1902 dicendo,
302 1847 363 1890 non
385 1828 560 1908 simpliciter
581 1828 662 1908 quod
683 1833 717 1890 in
740 1835 947 1902 renascetur,
970 1847 1009 1891 ne
1030 1829 1215 1894 extrinsecos
1236 1851 1306 1894 cor-

24 1951 110 2014 pus
137 1931 211 2012 ipsi
237 1930 390 1992 indacum
411 1937 575 2010 putaretur,
598 1929 652 1992 sed
675 1947 714 1992 en
736 1939 774 2002 te,
797 1938 831 1992 ut
852 1929 930 2008 quod
953 1929 1128 2009 gignebatur
1150 1935 1248 1994 ortum
1271 1951 1307 1996 ex

40 2035 100 2097 illa
127 2033 269 2096 duxisse
291 2031 474 2105 crederetur,
495 2029 608 2111 liquido
625 2031 688 2094 'boe
709 2031 807 2110 ipaum
823 2034 928 2092 natura
943 2031 1176 2104 demonstrante,
1199 2053 1307 2115 nempe

47 2133 265 2216 impossibile
292 2152 361 2196 ease
384 2133 533 2213 Virginem
562 2133 636 2195 citra
664 2142 780 2212 partum
802 2132 848 2194 lae
869 2132 994 2206 babere,
1028 2133 1215 2214 impoaeibile
1234 2136 1308 2200 item

25 2263 26 2270 ¹
47 2257 130 2301 esse
156 2235 244 2298 laete
264 2233 371 2296 nutriri
394 2242 425 2296 et
445 2235 553 2314 pannis
568 2233 677 2295 involvi
693 2251 813 2313 eorpus,
836 2234 916 2313 quod
931 2235 1063 2297 noudum
1078 2236 1205 2298 naturali
1219 2247 1307 2317 partu

26 2339 99 2401 ¹sit
125 2335 260 2400 editum.
305 2335 378 2398 lllod
408 2336 507 2416 ipsum
535 2353 644 2415 eorpus
671 2343 776 2396 oetaeo
800 2335 847 2397 die
870 2335 1159 2410 circumsonent,
1188 2337 1306 2401 ldema

27 2471 30 2477 ·
53 2441 224 2520 symeone
245 2437 277 2500 iu
299 2437 383 2500 ulnas
406 2445 593 2516 susceptum,
622 2435 750 2516 idipsum
773 2454 848 2516 puer
870 2437 976 2510 evasit,
1000 2437 1107 2510 erevit,
1130 2437 1305 2502 duodecim·-

25 2573 28 2595 ,
58 2557 122 2619 que
147 2557 301 2600 annorum
331 2541 438 2600 laetum
468 2546 532 2611 eet,
562 2546 592 2612 et
619 2538 655 2599 ad
684 2537 868 2617 trigesimum
899 2555 993 2617 usque
1021 2538 1157 2617 pervenit
1183 2559 1304 2604 aunum.

21 2675 27 2685 ·
59 2640 133 2700 lVon
161 2638 257 2712 enim,
279 2639 467 2702 ot.nonnulli
489 2637 633 2718 suspicati
654 2647 734 2713 aunt,
757 2638 822 2720 ipsa
837 2637 924 2700 Verbi
941 2636 1106 2700 substantia
1120 2650 1230 2704 mutata
1244 2642 1305 2703 eir-

23 2781 28 2814 ,
64 2740 204 2802 oumoiaa
230 2748 287 2814 est,
310 2759 376 2804 curn
398 2741 436 2803 sit
457 2739 637 2802 invariabilis
660 2750 690 2802 et
711 2739 913 2810 immutabilia,
935 2737 1003 2816 ipso
1021 2738 1140 2818 quidem
1155 2741 1306 2804 Salvatore

22 2882 27 2916 ,
63 2841 210 2902 dicente:
239 2841 342 2914 Videte,
365 2844 470 2914 uidete,
494 2846 718 2923 palargorum
739 2853 768 2905 et
789 2858 852 2902 non
872 2849 984 2909 motor,
1006 2839 1098 2902 Paulo
1114 2849 1211 2904 autem
1226 2845 1305 2906 serl-

23 2982 27 3018 .·
68 2941 179 3003 bento:
210 2941 298 3004 leone
323 2943 463 3006 Gbrtotua
487 2943 555 3005 bort
574 2953 603 3005 et
626 2944 712 3005 bodio
734 2946 798 3021 ipso
820 2949 850 3001 et
873 2943 904 3000 tn
927 2939 1065 3014 torculur
1096 2942 1149 3003 aed
1178 2944 1208 3004 in
1235 2963 1305 3006 eor-

25 3110 27 3118 ,
68 3059 148 3122 pore
171 3041 364 3116 eiroumoieo,
394 3051 524 3122 gestato,
554 3043 678 3114 edente,
707 3040 843 3114 bibente,
867 3041 1035 3114 laborante,
1065 3042 1144 3103 eruci
1166 3043 1253 3105 affixo
1276 3053 1307 3106 et

71 3143 207 3225 patiente
236 3151 300 3205 erat
327 3144 509 3224 impassibile
541 3153 571 3207 et
597 3143 807 3221 incorporeum
835 3141 889 3204 llei
918 3142 1056 3206 Verbum.
1105 3141 1179 3204 lllud
1208 3143 1305 3222 ipsum

26 3313 27 3320 ἵ
71 3263 186 3325 corpus
208 3243 238 3306 in
262 3243 400 3324 sepulero
421 3245 553 3324 positum
576 3253 655 3316 erat,
684 3261 751 3306 eum
772 3243 900 3306 Verbum
929 3243 1002 3306 abiit
1029 3243 1111 3316 (lieet
1138 3262 1155 3305 a
1178 3263 1305 3325 corpore

24 3398 26 3419 ,
74 3345 198 3408 minime
220 3352 456 3426 segregaretur),
488 3354 521 3406 nt
549 3345 733 3425 praedicaret
754 3346 801 3408 lia
823 3348 877 3422 gut
895 3348 929 3406 in
950 3361 1075 3407 eorem
1096 3355 1187 3406 eruat
1208 3349 1305 3426 apiri-

74 3449 164 3520 tt'buo,
187 3454 221 3510 ut
242 3447 283 3509 uit
303 3445 420 3510 Petrus.

163 3855 192 3916 6.
236 3849 322 3922 Quod
351 3851 542 3929 potissimum
565 3868 669 3912 eorum
692 3849 846 3911 stultitiam
869 3849 980 3926 arguit,
1010 3847 1060 3926 qui
1082 3847 1199 3922 dieunt,
1228 3849 1304 3910 Ver·
1363 3847 1371 3860 '

84 3952 150 4014 bum
177 3951 206 4011 io
235 3967 306 4012 oeae
335 3957 366 4009 et
386 3968 506 4012 earnem
528 3957 673 4011 mutatum
693 3949 809 4024 loisee3
839 3946 865 4008 si
888 3947 967 4009 enim
989 3947 1047 4008 boe
1068 3957 1165 4020 esset,
1193 3967 1303 4012 mouu-

87 4095 129 4149 καὶ
144 4095 190 4149 mi
206 4093 313 4149 tarso.
349 4101 375 4150 ln
389 4100 477 4164 Epipb.
495 4101 663 4164 etlnSegoer.
715 4100 772 4149 beat
791 4090 861 4148 idere
879 4097 960 4148 addito
977 4110 1035 4163 με.-

87 4161 128 4216 διό
144 4169 214 4218 deest.
250 4166 324 4217 Paulo
343 4175 399 4232 port
415 4168 663 4220 Gabienetllelotn.
754 4168 771 4215 t.
790 4166 816 4215 lu
839 4166 910 4215 editio
935 4175 992 4230 poet
1014 4157 1137 4230 parlim
1154 4161 1305 4229 legituraeai

89 4237 110 4286 l.
128 4227 155 4284 ol
167 4228 275 4302 puerei.
718 4225 821 4288 πιόντι,
840 4233 905 4296 qnod
923 4235 993 4284 abeat
1009 4235 1039 4283 rb
1049 4234 1193 4299 Epiphanio,
1203 4233 1302 4294 Seguer.

120 4304 141 4352 d.
157 4305 245 4364 Seguer
269 4295 499 4379 optmotdtxotrlzr
510 4295 666 4369 γενόμενος.
719 4301 816 4353 Gobler.
829 4309 854 4350 et
866 4301 970 4351 Velelm.
983 4301 1004 4350 l.
1025 4310 1049 4352 et
1066 4303 1174 4352 allrnuil
1188 4300 1304 4350 lenione.

89 4369 167 4434 Epiph.
191 4363 314 4429 δεκαετης
335 4361 490 4436 γενόμενος.
531 4373 557 4421 ln
577 4369 666 4422 lVaonll
749 4383 774 4431 t·
790 4361 829 4434 μὴ
848 4363 1002 4436 Ζωρωθεὶς
1020 4361 1113 4417 oleari.
1152 4369 1217 4418 llaec
1233 4365 1304 4441 rerba

89 4438 188 4489 versione
205 4439 263 4488 brec
280 4438 389 4500 deerant,
407 4446 433 4489 ut
444 4439 468 4489 io
479 4439 601 4489 ueteribus
612 4437 665 4488 edl-
716 4435 804 4486 absunt
821 4451 834 4486 ι
852 4441 953 4499 segoar.
971 4437 1157 4488 Gabll'elcltn.
1170 4437 1191 4484 l.
1208 4430 1304 4496 apuu,

94 4505 120 4552 tia
135 4520 224 4555 eernere
241 4513 287 4556 eat.
714 4505 757 4554 aad
782 4505 806 4554 lo
825 4504 969 4566 qulbordam
989 4519 1047 4555 maa.
1066 4517 1121 4554 eum
1140 4499 1303 4566 reperiantur,

123 4583 141 4619 e.
157 4571 235 4636 Epipb.
254 4581 278 4623 et
295 4571 394 4635 Segoer.
413 4571 490 4623 renel
509 4581 602 4624 tantum
618 4572 662 4622 br·
713 4585 742 4621 ar
760 4571 911 4622 retinuimus.
