3236 5286
593 393 702 438 osxrro
717 395 738 438 ι.
754 393 870 440 ιοιιιιιι
884 395 1020 440 muros.
1355 382 1418 445 187

187 545 215 606 si
234 543 305 624 ipse
326 561 388 606 uon
410 551 457 606 ιιι
478 562 515 605 ex
536 543 694 619 omnibus,
717 545 754 608 de
774 543 825 606 illo
846 547 930 608 nelos
952 555 1000 608 ιιι
1022 547 1138 610 dicere:
1165 547 1236 610 l'uit
1256 547 1502 629 adunandorum

186 661 254 710 cum
281 663 343 708 uon
370 653 452 708 osset
479 653 510 707 et
535 644 602 708 Non
630 655 694 708 erat
720 653 877 728 antequem
904 657 1089 710 nosceretur.
1132 647 1306 712 Huiusmodi
1334 649 1416 712 enim

186 765 275 810 voces
298 747 335 808 de
357 747 443 809 lectis
466 745 585 826 quidem
606 747 698 812 rebus
721 757 789 829 epte
810 755 1012 828 usurpantem
1034 757 1065 808 et
1085 747 1152 828 ipse
1166 749 1258 810 Filius
1279 751 1416 826 tulisset,

186 849 283 930 quslis
304 849 402 922 Peter,
424 847 509 912 errius
530 858 653 914 ιιιιιιιι
674 851 816 930 proprius
838 867 959 930 quoque
981 855 1030 910 est
1051 849 1140 918 letus,
1161 847 1290 912 Verbum
1310 871 1343 913 ιι
1358 854 1415 916 Ss-

79 1028 83 1036 .
186 949 308 1031 pientia.
352 949 484 1031 Namque
505 951 534 1013 id
555 949 711 1032 proprium
734 959 780 1012 ιιι
800 949 867 1011 Filii
889 967 959 1028 erge
979 947 1119 1022 Patrem,
1142 949 1281 1030 idemque
1301 951 1417 1017 rausa

186 1051 253 1114 Filii
276 1051 431 1132 proprium
454 1052 602 1126 ostendit,
624 1051 666 1114 ile
686 1058 720 1126 ut
741 1049 799 1112 dici
820 1058 961 1130 nequent,
992 1049 1038 1112 rel
1058 1049 1154 1112 Deum
1175 1049 1332 1130 aliquando
1353 1054 1419 1116 siue

187 1153 286 1216 Verbo
308 1171 364 1216 seu
386 1155 511 1218 Ratione
533 1153 638 1227 misse,
661 1151 707 1215 rel
728 1151 837 1213 Filium
858 1151 1014 1231 aliquunde
1036 1171 1097 1214 nou
1120 1151 1285 1214 exstitisse.
1331 1153 1418 1216 Cete-

187 1255 298 1336 roquin
321 1273 374 1317 cur
394 1255 546 1318 diceretur
566 1254 678 1328 Filius,
700 1251 761 1314 nisi
782 1259 864 1315 esset
884 1271 919 1314 ex
940 1253 1032 1333 ipso?
1058 1254 1104 1316 rel
1125 1271 1218 1334 quem
1240 1255 1370 1318 Verbum
1392 1265 1421 1318 et
1451 1281 1454 1291 ·

190 1355 340 1436 Sapientis
362 1356 570 1438 appellaretur,
592 1355 650 1418 nisi
674 1363 704 1418 et
725 1373 846 1435 semper
866 1362 896 1416 ιι
916 1353 1058 1434 proprius
1079 1353 1160 1418 illius
1182 1353 1292 1418 essu?

273 1461 326 1523 20.
370 1457 567 1531 Queudonrm
589 1456 781 1536 igiturlieus
804 1455 870 1520 siue
891 1455 942 1517 illo
963 1457 1031 1530 luit,
1053 1457 1131 1536 quod
1151 1457 1246 1538 ipsius
1260 1457 1419 1540 proprium

188 1556 260 1620 osli
281 1558 328 1620 vel
348 1557 415 1639 quis
438 1559 478 1633 id,
500 1559 581 1640 quod
602 1559 758 1640 proprium
782 1565 837 1632 est,
859 1567 998 1637 tunquam
1020 1557 1089 1639 quid
1112 1567 1265 1622 exterum
1287 1567 1317 1622 et
1337 1561 1419 1640 quod

188 1659 325 1722 diversae
346 1661 387 1723 sit
407 1669 532 1724 uoturue
551 1661 649 1742 possit
669 1657 852 1739 concipere?
886 1659 1048 1748 Enimvero
1061 1679 1111 1724 res
1126 1659 1210 1735 eliae,
1232 1659 1333 1742 mules
1348 1670 1419 1726 sunt

187 1779 239 1824 res
262 1763 365 1840 leolee,
388 1761 462 1824 nilril
483 1769 588 1824 ustura
608 1761 705 1824 simile
727 1760 837 1822 hebent
858 1759 923 1823 fin
946 1769 1149 1836 consuetum,
1171 1761 1226 1824 sed
1247 1773 1328 1826 extre
1349 1783 1418 1828 euru

192 1861 329 1923 eiusdem
350 1863 442 1941 gretie
463 1869 495 1924 et
515 1863 664 1925 rolrnrtute
684 1881 740 1943 per
753 1861 881 1926 Verbum
903 1873 972 1926 sunt
993 1863 1137 1938 conditse,
1159 1863 1235 1926 odeo
1249 1873 1283 1926 ut
1302 1865 1419 1944 possint

193 1961 350 2041 aliquando
372 1981 441 2026 esse
461 1961 615 2038 desinere,
643 1953 669 2027 si
697 1981 805 2045 nempe
825 1963 969 2044 plecterit
990 1965 1132 2039 mentori,
1159 1965 1270 2047 quippe
1297 1983 1364 2029 eum
1385 1985 1420 2030 eu
1456 2013 1458 2022 .

193 2062 233 2126 sit
253 2081 355 2126 rerum
377 2066 518 2128 lectorum
539 2073 650 2130 nature.
693 2065 832 2148 itquod
854 2075 977 2129 naturae
990 2066 1085 2129 Putris
1106 2076 1154 2132 est
1173 2067 1328 2150 proprium
1350 2067 1420 2144 (hoo

191 2165 272 2230 enim
294 2183 363 2229 esse
383 2167 489 2232 Filium
510 2168 567 2232 iun
589 2187 764 2233 mucessum
786 2175 847 2248 est)
875 2187 913 2230 un
941 2187 1001 2230 non
1031 2169 1221 2232 mererium
1242 2179 1272 2234 et
1294 2170 1418 2252 impium

190 2276 238 2331 ιιι
260 2287 296 2330 ex
317 2269 408 2334 nihilo
430 2289 499 2333 esse
520 2271 628 2347 dicere,
649 2291 706 2334 nec
726 2271 822 2334 luisse
844 2279 1002 2350 antequem
1023 2277 1206 2344 nosceretur,
1229 2273 1282 2334 sed
1304 2273 1417 2335 odron·

190 2368 287 2432 titium
309 2389 386 2447 esse,
408 2391 561 2454 posseque
580 2375 690 2436 iterum
713 2371 872 2451 aliquando
894 2389 956 2434 non
977 2370 1070 2435 ossei
1116 2373 1202 2446 Quod
1221 2373 1272 2454 qui
1293 2373 1340 2436 rel
1363 2391 1417 2436 so-

186 2470 248 2534 lum
270 2473 389 2554 cogitet,
411 2475 555 2554 intelliget
576 2488 701 2553 quaeso,
723 2473 874 2552 quomodo
894 2473 994 2554 possit
1004 2473 1129 2536 detrahi
1150 2475 1292 2554 perfectio
1308 2483 1338 2538 et
1351 2475 1418 2554 ple-

188 2573 295 2637 nitudo
324 2585 448 2638 naturae
476 2575 588 2638 Petris.
639 2575 716 2636 llinc
743 2575 820 2638 enim
848 2575 954 2640 clerice
988 2575 1089 2638 licebit
1115 2577 1304 2656 perspicere,
1327 2593 1420 2654 uuum

188 2673 317 2736 absurde
340 2676 381 2736 sit
401 2676 510 2737 Arione
530 2675 677 2750 haeresis,
696 2675 725 2737 'si
744 2677 883 2740 nimirum
906 2676 1086 2750 attendetur,
1108 2676 1213 2740 Filium
1224 2675 1323 2738 Patris
1346 2673 1421 2735 iuro-

192 2775 304 2852 giuom,
326 2773 518 2858 splendorem
540 2784 570 2838 et
590 2776 711 2856 figuram
732 2785 819 2860 utque
839 2779 994 2841 veritatem
1017 2795 1097 2840 osse.
1141 2775 1216 2838 Nom
1230 2776 1257 2837 si
1277 2773 1506 2836 existentem.

192 2872 261 2934 luce
283 2873 380 2952 imago
402 2875 466 2938 eius
488 2875 589 2939 existit
608 2878 768 2958 splendor,
790 2879 910 2954 si'item
932 2877 1100 2964 subeuntis
1122 2875 1267 2938 existente
1289 2873 1422 2936 eiusdem

196 2973 298 3036 existit
319 2974 433 3054 integra
453 2975 557 3055 figure,
580 2977 605 3039 si
627 2978 753 3058 denique
775 2979 919 3041 existente
932 2979 1022 3041 Patre
1037 2976 1142 3039 existit
1153 2977 1273 3050 veritos,
1296 2973 1422 3052 videxnt,

196 3075 247 3155 qui
270 3074 429 3137 diuinitatis
457 3077 614 3157 imaginem
643 3087 674 3141 ιι
699 3079 823 3159 ligurem
851 3087 988 3158 tempore
1015 3077 1194 3150 metiuntur,
1226 3077 1257 3138 in
1286 3085 1422 3156 quanm

195 3175 327 3238 incidunt
354 3176 546 3260 impietatem.
588 3179 622 3243 Si
652 3179 731 3242 enim
760 3197 821 3240 nou
849 3177 904 3242 luit
930 3176 1024 3240 Filius
1052 3185 1207 3258 ιιιιφιιιιι
1239 3183 1418 3252 nosceretur,

190 3295 249 3340 neo
270 3277 360 3357 igitur
380 3297 499 3360 semper
520 3280 576 3342 luit
596 3280 627 3344 in
648 3281 712 3343 lieo
733 3280 853 3343 ueritus.
898 3281 1006 3342 Verum
1026 3278 1055 3342 id
1077 3277 1160 3340 neiss
1181 3277 1258 3342 dictu
1279 3287 1336 3342 cst.
1367 3277 1418 3341 Si·

190 3379 312 3458 quidem
333 3378 422 3442 Patre
444 3380 590 3460 existente
610 3383 668 3444 luit
689 3401 812 3462 semper
834 3381 864 3444 iu
886 3381 936 3444 illo
953 3379 1070 3454 veritos,
1093 3397 1168 3460 quoe
1181 3379 1274 3442 Filius
1288 3387 1345 3454 est,
1368 3377 1419 3458 qui

190 3481 321 3542 elidem
344 3481 429 3544 dicit:
457 3483 518 3562 Epo
547 3503 615 3546 scm
642 3489 768 3547 veritus.
811 3481 986 3546 Substantia
1012 3481 1148 3546 sirnilr'ter
1179 3481 1327 3544 existente
1353 3480 1419 3542 eius

191 3581 314 3662 ligurum
343 3591 374 3644 et
403 3583 562 3662 imugiuem
590 3585 731 3648 continuo
761 3603 828 3648 esse
855 3601 981 3665 prorsus
1002 3601 1128 3647 neeesse
1150 3591 1206 3648 est.
1250 3582 1313 3644 Nee
1340 3579 1419 3642 enim

192 3683 378 3746 extrinsecus
399 3685 512 3765 depicto
535 3695 584 3748 est
604 3687 656 3749 liei
679 3687 786 3767 imago,
809 3687 864 3748 sed
884 3686 951 3768 ipso
964 3685 1045 3748 Deus
1067 3683 1203 3746 eiusdem
1225 3691 1274 3752 est
1294 3680 1420 3762 genitur,

193 3784 223 3846 in
244 3781 303 3864 que
325 3785 457 3866 seipsum
477 3785 597 3852 intuens
620 3790 722 3852 eedem
743 3787 915 3861 delectetur,
940 3783 1148 3849 custoditius:
1171 3783 1234 3862 llpo
1256 3799 1341 3846 ινιιιι
1361 3799 1421 3863 pue

196 3995 305 4070 piceus
322 3998 357 4054 τὰ
373 3997 541 4072 proripuere.
579 4005 654 4056 Prole
672 4005 783 4070 postSe·
835 3995 884 4050 ode
902 3987 937 4062 ἦν
953 3993 996 4052 cici
1012 3995 1043 4052 ἔν
1061 3997 1100 4067 roi
1116 3998 1181 4066 θεῷ.
1216 4000 1277 4052 Editi
1297 3989 1424 4050 collidet

196 4086 262 4134 puer.
281 4071 363 4120 τοῦτο
381 4061 453 4121 sim
469 4064 536 4126 υἱός.
836 4071 956 4120 omittunt

229 4155 253 4204 ι.
271 4155 371 4219 ειμι.
388 4153 502 4222 mesa.
870 4151 904 4188 m.
921 4137 962 4188 ιιι
979 4136 1077 4200 selue.
1096 4137 1158 4254 nep
1171 4133 1421 4188 mormoreium.
1519 4103 1525 4112 ’
1586 4163 1587 4183 ,

836 4205 859 4254 ι.
894 4203 957 4256 erro
973 4213 1052 4256 sorem
1071 4189 1105 4266 lv
1174 4197 1206 4254 tr
1221 4195 1304 4268 otte.
1329 4201 1420 4282 rupem

195 4239 438 4358 ισῗῑὲἰξῦᾕξιᾚ
453 4229 784 4376 ξέἰὲπᾞζαῗμῗξίώώ
810 4307 815 4316 -
835 4274 859 4324 iu
879 4273 1025 4325 Guilerieuo
1044 4282 1068 4324 ct
1085 4263 1190 4324 Feleim.
1211 4269 1233 4321 1.
1257 4271 1346 4320 duent
1358 4279 1422 4384 petr

229 4391 313 4442 esre
329 4393 428 4456 sense.
463 4393 493 4444 ιι
508 4393 550 4443 ιιι
567 4401 592 4444 ιι
609 4393 667 4444 ,ιιι
684 4384 700 4454 ι
720 4383 782 4452 tlt·
832 4407 905 4458 m,
1202 4427 1205 4434 .
1376 4331 1421 4395 Μ’

194 4457 259 4507 drea
277 4451 292 4507 1
309 4452 375 4514 vie'e.
403 4459 478 4512 qulo
493 4449 783 4547 postseguer.elc‘o'oov
867 4490 891 4526 ῃ,
909 4477 950 4527 sp,
967 4477 1067 4540 ww·
1086 4482 1110 4525 ,ι
1127 4475 1184 4537 Μ,
1220 4472 1246 4522 1„
1265 4473 1336 4524 ,dim
1354 4473 1423 4521 pm,

196 4516 326 4590 “m“-
834 4536 859 4603 ri.
898 4543 973 4594 l’eulo
990 4549 1047 4606 port
1063 4539 1205 4592 estsine
1224 4548 1248 4590 ιι
1265 4539 1337 4591 editio
1347 4539 1422 4589 (lom-

231 4611 250 4659 l.
266 4611 365 4674 Seguer.
383 4607 496 4679 γενηθῇ.
533 4612 599 4664 idem
618 4612 676 4663 ibid.
692 4613 782 4672 sotter.
835 4610 893 4660 mel.
911 4603 1009 4658 lucrio
1027 4600 1042 4654 l
1060 4599 1142 4674 ipsis.

1577 4467 1584 4598 ι

1578 4765 1581 4803 Ι
