3162 5308
532 313 638 360 onsrro
654 315 692 357 rr.
710 315 972 360 consentaneos.
1162 341 1164 352 ,
1285 302 1346 366 bbd

113 467 276 548 loquitur:
299 464 338 528 in
360 469 437 536 niro,
460 483 544 546 quem
566 459 742 538 destr'ssorot,
763 466 823 547 fide
845 467 979 530 omnebus
995 470 1155 546 impertito,
1179 485 1212 528 so
1229 479 1430 532 umor-bus

118 573 194 632 tusis
217 571 363 642 eneitotm
391 567 430 628 ita
457 584 684 646 sospesquoque
707 567 909 630 ostensionem
931 575 962 628 et
982 557 1156 628 missibnem
1178 567 1257 630 idem
1279 587 1347 632 esse

115 689 166 732 ao
189 669 357 732 unctionem
379 668 553 748 reperimus.
596 667 638 728 Ex
661 666 767 747 quibus
790 667 881 730 cuivis
903 669 972 730 lieet
993 669 1117 743 ducere,
1139 668 1212 730 nihii
1232 670 1262 732 in
1278 689 1345 730 rer-

114 771 178 834 his
202 771 377 832 Sanctorum
399 789 466 832 esse
488 769 659 840 dissonum,
694 769 748 830 sed
774 769 861 831 variis
889 776 1002 830 tentum
1029 770 1198 832 nominibus
1221 771 1346 834 eonion-

114 873 259 936 ctionem
274 871 325 932 Dei
344 870 430 934 Verbi
454 889 520 932 oum
541 870 662 932 bomine
684 889 720 931 ex
740 870 831 932 Maris
852 878 984 932 assumto
1006 869 1071 932 ilios
1094 871 1258 950 designare,
1281 889 1347 934 oum

115 993 195 1038 earu
217 973 308 1038 modo
329 973 498 1035 unctionem
519 971 675 1052 appeliant,
697 971 789 1032 modo
810 971 994 1046 missionem,
1019 971 1111 1034 modo
1131 973 1344 1034 ostensionem.

111 1077 255 1140 Reetum
278 1083 327 1136 est
345 1073 443 1154 igitur,
466 1073 545 1154 quod
567 1071 607 1135 nit
628 1073 731 1136 beatos
752 1073 874 1146 Petrus,
897 1073 947 1153 qui
968 1092 1068 1135 rerem
1090 1073 1239 1154 Unigeniti
1258 1091 1346 1154 proe-

115 1179 210 1242 dicot
236 1175 431 1246 divinitatem,
465 1193 521 1237 neo
541 1174 594 1238 Dei
616 1173 703 1236 Verbi
730 1174 911 1254 hypostasim
938 1174 1081 1254 disiungit
1100 1175 1148 1264 'ab
1170 1174 1290 1237 bomine
1312 1193 1347 1236 es

114 1280 223 1342 bieria
244 1285 392 1352 ussumt03
421 1276 500 1357 quod
527 1275 647 1338 omnino
675 1276 763 1338 absit.
806 1275 864 1348 Qut
891 1275 969 1337 enim
998 1277 1028 1338 id
1056 1275 1104 1338 itte
1131 1277 1268 1352 sudores,
1297 1277 1348 1358 qui

113 1384 300 1461 frequenter
321 1380 426 1442 audiit:
454 1378 516 1457 Epo
538 1391 566 1442 st
588 1379 680 1442 Peter
701 1395 795 1440 unum
817 1395 936 1448 sumus,
959 1385 989 1438 et
1014 1378 1075 1451 Qui
1095 1379 1169 1441 oidr't
1189 1398 1250 1452 ms,
1273 1379 1348 1440 vidit

111 1479 275 1546 Putrem?
317 1481 394 1542 Hinc
416 1479 505 1541 etiem
524 1487 595 1558 post
615 1478 863 1542 resurrectionem
892 1479 971 1541 idem
991 1498 1099 1560 corpus
1122 1479 1218 1542 innuis
1240 1479 1347 1541 eleusis

110 1584 157 1646 ed
189 1582 362 1644 universum
382 1579 592 1660 Apostolorum
615 1589 732 1642 coetum
753 1583 917 1659 ingressum
940 1589 1000 1655 est3
1022 1580 1101 1660 quod
1118 1600 1155 1642 ne
1178 1581 1230 1666 eui·
1246 1581 1345 1642 inore-

109 1684 218 1748 dibile
240 1682 399 1756 rideretur,
422 1681 486 1760 ipse
507 1681 704 1744 difficultatem
726 1682 861 1754 removit,
884 1701 950 1744 oum
973 1683 1026 1744 eit:
1039 1682 1239 1748 'Contrsotote
1259 1702 1305 1745 me
1319 1694 1347 1746 et

111 1788 235 1856 videte,
258 1787 329 1864 puio
351 1786 479 1863 spiritus
503 1801 622 1844 eorunm
644 1792 672 1844 st
695 1801 847 1846 orroeon
870 1784 970 1854 babet,
994 1787 1073 1846 siout
1093 1803 1138 1844 me
1159 1785 1266 1846 videtis
1290 1785 1345 1846 bo-

112 1887 209 1950 bsr'e.
260 1883 315 1946 Ubi
341 1882 551 1946 advertendum
580 1891 640 1956 est,
669 1900 736 1944 eum
763 1902 825 1946 nou
853 1884 977 1946 dixisse:
1011 1884 1096 1946 Hunc
1124 1883 1168 1946 vel
1196 1883 1346 1946 hominem

111 2003 238 2059 meum,
261 2003 348 2065 quem
369 1984 507 2056 assumsi,
530 1991 719 2058 contrectate,
742 1985 794 2046 sed
820 1996 1002 2048 contrectate
1022 2005 1076 2048 me.
1122 1984 1205 2046 unua
1220 1983 1346 2064 proinde

111 2088 215 2152 uenio
236 2085 438 2150 samosatensi
460 2085 604 2166 sperande
627 2095 690 2160 est,
720 2086 829 2166 quippe
856 2087 906 2166 qui
927 2095 971 2148 tot
993 2087 1142 2148 convietus
1165 2086 1344 2166 argumentis

113 2207 238 2270 negare
259 2207 319 2250 non
340 2189 440 2268 possit
460 2187 548 2248 Verbi
569 2187 621 2248 Dei
643 2188 892 2260 coniunctionem,
914 2205 1001 2268 quom
1022 2188 1162 2250 nimirum
1180 2189 1278 2268 ipsum
1293 2186 1346 2248 Dei

112 2290 256 2353 Verbum
278 2291 416 2364 asseruit,
439 2307 516 2362 orum,
539 2295 571 2350 ut
592 2289 679 2349 modo
703 2289 840 2362 vidimus,
865 2307 969 2352 omnes
985 2298 1031 2351 est
1049 2289 1215 2362 allocutum,
1238 2288 1343 2369 quibus

117 2402 153 2454 et
177 2411 214 2454 se
235 2392 434 2454 resurrexisse
464 2390 647 2452 confirmarit
669 2401 729 2452 tum
752 2390 933 2452 comedendo
957 2398 1018 2452 turn
1044 2409 1078 2452 se
1105 2391 1202 2470 ipsum
1224 2397 1344 2452 contre-

118 2493 265 2554 otendum
285 2493 500 2571 permittendo,
523 2491 565 2554 uti
588 2493 695 2576 sartum
719 2499 774 2552 est.
818 2491 890 2554 Nem
912 2492 972 2554 sive
994 2487 1060 2554 oum
1081 2492 1148 2571 ipse
1169 2491 1226 2552 illis
1248 2490 1345 2570 eibum

56 2611 63 2630 ·
117 2593 303 2668 impertiret,
325 2595 384 2656 sive
407 2612 472 2654 cum
494 2593 536 2654 iili
558 2592 628 2674 ipsi,
651 2594 772 2654 omnino
794 2611 897 2656 manus
913 2595 978 2656 eius
994 2599 1258 2656 contrectaverunt.
1293 2591 1343 2652 Si·
1436 2650 1438 2659 ,

119 2689 250 2770 quidem
270 2692 324 2766 dtr,
347 2692 452 2772 inspuit,
474 2694 650 2758 obtulerunt
669 2704 788 2776 portem
806 2699 899 2776 piscis
922 2699 1036 2756 orsiet
1056 2695 1162 2772 somno
1182 2691 1291 2786 mellis,
1316 2701 1345 2753 et

119 2811 194 2856 rum
218 2793 424 2856 manducasset
446 2813 548 2856 rorum
570 2800 631 2868 ris,
654 2807 789 2876 arreptos
812 2795 956 2876 rels'quios
981 2796 1059 2856 dedit
1081 2799 1134 2856 eis.
1177 2791 1221 2853 Eu
1244 2792 1344 2871 igitur,

118 2892 147 2954 si
172 2910 240 2954 uon
261 2899 295 2954 ut
316 2912 349 2955 se
371 2912 441 2972 erge
462 2894 605 2958 Tbouumr
627 2897 737 2976 gessit,
761 2904 840 2957 oerte
862 2895 917 2956 alie
938 2895 1053 2956 ratione
1075 2894 1144 2956 ierit
1165 2911 1217 2955 eos
1239 2892 1277 2954 de
1299 2891 1344 2954 sui

118 2992 346 3058 resurreetione
369 2993 521 3069 certiores,
544 3015 609 3062 eum
632 3016 665 3057 se
687 2997 745 3058 iilis
768 2995 1007 3058 contrectandum
1027 2993 1171 3075 praebuit.
1216 2993 1346 3068 Quodsi

121 3098 210 3176 ipses
233 3094 319 3156 etism
342 3094 491 3156 nientrioes
512 3098 595 3177 rupis
618 3115 755 3168 eernere,
778 3096 859 3158 disee
881 3115 897 3158 e
920 3095 1049 3166 Thomu,
1082 3094 1129 3156 cui
1150 3095 1284 3156 videlieet
1305 3093 1346 3156 eit

120 3193 289 3260 Dominus:
311 3195 402 3277 inse-r
420 3215 540 3258 monum
564 3208 647 3258 tuom
667 3207 695 3260 et
716 3200 798 3258 mitto
820 3201 853 3258 r'n
866 3196 956 3259 dotus
978 3207 1142 3268 monensi
1164 3198 1246 3275 sbfsr
1269 3197 1344 3276 ἀέρι·-

123 3308 312 3368 tumtunm,
346 3307 374 3359 et
401 3299 467 3359 vide
495 3317 601 3360 omnus
622 3317 712 3360 meos.
757 3297 848 3358 Suum
876 3297 953 3358 letus
981 3315 1109 3378 suesque
1137 3317 1242 3359 monus
1264 3295 1426 3364 pensem.

122 3399 255 3462 Verbum
277 3397 411 3478 appellet,
435 3417 526 3478 seque
548 3405 641 3460 totum
663 3397 812 3459 bominem
836 3397 922 3460 simui
945 3408 974 3460 et
990 3399 1081 3460 Deum
1105 3417 1172 3462 esse
1195 3399 1341 3472 ostendit;

121 3495 204 3582 quod
227 3499 347 3580 quidem
366 3500 433 3581 ipso
457 3499 543 3560 etiem
566 3518 668 3570 sensu,
692 3507 724 3561 ut
744 3499 905 3578 intelligere
929 3508 983 3574 est,
1005 3501 1098 3562 voluit
1119 3499 1246 3562 Verbum
1268 3517 1340 3561 sen·

121 3613 199 3669 etos„
212 3601 349 3680 esperiri,
372 3619 437 3663 eum
461 3619 546 3662 sunm
569 3619 678 3680 eorpus
700 3601 795 3662 innuis
818 3601 926 3663 eleusis
948 3603 1113 3680 ingressum
1136 3609 1183 3664 est
1204 3602 1234 3662 iu
1256 3600 1338 3662 eubi-

123 3704 239 3776 oulum,
263 3721 297 3763 eo
317 3711 440 3781 repente
460 3703 579 3763 adstans
602 3720 667 3763 oum
690 3721 814 3782 corpore
837 3721 889 3762 eos
913 3703 949 3763 de
971 3705 1013 3764 rei
1038 3703 1158 3764 veritate
1180 3717 1340 3782 persuasos

121 3804 263 3868 reddidit.
306 3801 501 3863 Haerentem
524 3801 658 3862 fidelibus
681 3801 797 3879 quidem
820 3802 856 3863 od
877 3803 1151 3876 confirmationem,
1174 3801 1340 3864 infidelibus

123 3924 194 3968 vero
218 3903 257 3965 ed
281 3901 514 3963 emendationem
536 3903 608 3962 setis
631 3901 798 3961 dictasint.
1119 3902 1123 3914 '

127 4050 152 4106 εἴ
167 4069 202 4104 τι.
238 4057 265 4106 ln
284 4054 337 4104 otiis
355 4062 378 4103 et
396 4054 465 4102 editis
483 4053 551 4101 deest
565 4043 708 4110 rn'retxol.
795 4051 810 4100 i.
829 4051 935 4112 stenes.
946 4051 1032 4120 sodex,
1043 4053 1141 4114 Segner.
1160 4061 1183 4103 et
1201 4053 1281 4118 dosii,
1299 4055 1343 4106 sed

160 4126 176 4174 t.
195 4127 253 4187 fleg.
273 4123 411 4183 etSegner.
430 4111 507 4167 doen.
760 4118 832 4168 basii.
858 4119 928 4167 bebet
945 4115 1022 4181 βλέπε
1039 4113 1077 4172 εἰς
1111 4113 1184 4188 εῑράς
1199 4136 1254 4188 μου
1297 4125 1341 4173 tui

37 4185 40 4192 ’
109 4231 114 4242 .
161 4209 182 4258 g.
202 4194 257 4254 [teg.
278 4199 301 4240 et
318 4191 416 4251 Segner.
428 4183 531 4253 κηρίον.
568 4186 641 4235 iidem
653 4186 708 4235 ibid.
761 4187 863 4250 editrque
881 4179 926 4232 καὶ
944 4180 992 4234 τὸν
1009 4135 1140 4236 drixtuidv
1157 4201 1206 4237 ooo
1223 4181 1342 4254 βάλεεὶς

128 4271 151 4311 et
168 4261 292 4310 [insitiens.
310 4257 399 4307 rddunt
414 4251 460 4304 καὶ
477 4247 578 4321 φαγών
593 4246 710 4302 ἐνώπιον
760 4247 808 4307 τὰς
818 4247 915 4332 χεῖράς
930 4269 994 4320 μου.
1031 4258 1081 4307 Μοι
1100 4258 1184 4320 Regius
1202 4267 1226 4309 et
1243 4259 1342 4322 Segoer.

130 4319 230 4384 αὐτῶν,
257 4319 348 4390 λαβὼν
370 4319 404 4372 τὰ
429 4317 553 4373 ἐπίλοιπα
572 4313 709 4372 ἀπέδωκεν
760 4315 856 4374 debeor
872 4315 959 4388 λόγος,
994 4325 1071 4375 cereri
1091 4339 1143 4376 cum
1158 4326 1226 4376 editis
1245 4319 1259 4374 d
1278 4319 1342 4379 θεὸς

131 4387 228 4452 αὐτοῖς,
249 4411 309 4460 quse
327 4394 367 4443 eiii
385 4401 409 4442 et
425 4393 482 4442 editi
499 4395 616 4442 omittunt.
759 4385 836 4456 Myer.
934 4415 937 4424 ι

163 4465 186 4512 b.
203 4465 258 4526 neg.
276 4463 374 4524 Segoer.
393 4456 605 4513 adniteretur.
630 4460 708 4510 Ceteri
792 4460 813 4508 t.
832 4460 872 4510 Sir
888 4460 944 4522 [teg.
956 4461 1085 4524 etSeguer.
1119 4461 1145 4510 tn
1164 4460 1217 4511 eliis
1234 4468 1257 4510 et
1270 4461 1339 4512 oditis

135 4537 157 4577 st
173 4532 225 4580 editi
241 4526 334 4583 θέλεις.
759 4529 826 4578 deest
843 4539 878 4577 τε.
