3176 5304
158 415 163 428 ,
216 359 254 419 14
731 375 904 418 rnxnrxrxo.

299 523 400 603 ltaque
422 525 557 585 recensui
575 543 688 597 omnes,
711 545 785 605 quae
801 526 873 587 mibi
889 526 1090 596 innotuerunt,
1113 525 1307 589 bibliothecas
1323 537 1460 608 patrum

214 625 394 703 dogmaticas
411 643 445 685 ac
457 625 619 703 polemicas
636 635 665 686 et
680 627 789 688 dlutius
806 645 892 704 quam
906 629 935 688 in
951 627 1049 688 animo
1062 627 1232 700 habueram,
1249 631 1370 708 negotio
1386 629 1460 692 hoc

214 726 287 786 satis
312 726 435 786 molesto
460 729 506 784 me
529 743 634 803 passus
659 745 724 787 sum
748 727 883 789 detineri.
929 729 986 788 Sed
1020 747 1079 789 non
1102 729 1185 808 potui
1208 731 1279 808 quin
1302 730 1455 809 pluribus

212 825 313 888 verbis
325 843 526 888 commorarer
538 825 567 886 in
583 827 718 888 consiliis
733 828 879 890 editorum
893 829 1073 912 explicandis
1094 839 1123 892 et
1134 831 1328 892 describenda
1340 829 1452 892 libro-

213 947 279 989 rum
294 927 426 996 materie,
443 945 529 1006 quam
549 929 578 987 in
593 927 742 1008 plerisque
762 949 796 990 ex
816 929 890 997 solis
907 929 1000 991 titulis
1021 949 1202 1011 cognoscere
1218 949 1306 992 nemo
1326 941 1451 1011 potest.

212 1031 274 1094 lam
297 1031 352 1091 bac
372 1029 476 1089 notitia
498 1028 659 1091 lectoribus
681 1029 812 1092 subiecta
834 1037 974 1092 testatum
997 1039 1051 1104 est,
1073 1032 1152 1111 quod
1175 1031 1253 1094 volui
1276 1033 1450 1106 testificari,

211 1128 369 1212 praecipua
392 1139 506 1209 patrum
520 1147 692 1210 graecorum
706 1149 784 1192 saec.
798 1131 844 1192 lv.
861 1139 891 1192 et
905 1133 938 1193 V.
958 1132 1099 1212 opuscula
1111 1132 1285 1211 dogmatica,
1308 1151 1449 1213 quorum

212 1229 388 1312 exemplaria
412 1249 502 1311 supra
524 1230 584 1292 dixi
606 1231 733 1293 maxime
754 1232 929 1306 desiderari,
952 1231 1067 1294 abillis
1090 1233 1313 1294 collectionibus
1330 1233 1449 1294 abesse

211 1352 309 1413 neque
330 1331 420 1410 igitur
442 1341 541 1394 extare
564 1333 650 1394 talem
674 1351 777 1394 eorum
800 1333 955 1407 delectum,
978 1329 1029 1413 qui
1052 1334 1231 1396 desiderium
1254 1334 1446 1413 integrorum

213 1453 338 1514 operum
360 1433 580 1512 quodammodo
604 1427 727 1514 expleat.
771 1433 949 1514 Excipieuda
978 1437 1080 1515 utique
1108 1444 1155 1497 est
1176 1435 1356 1497 Bibliotheca
1381 1454 1443 1514 pa-

211 1543 289 1598 trum
306 1533 506 1612 lloesleriana,
531 1535 608 1596 sicut
629 1549 665 1596 ex
687 1535 826 1597 universa
848 1536 981 1597 eiusdem
1005 1536 1192 1598 institutione
1212 1535 1300 1617 paulo
1326 1545 1396 1597 ante
1425 1555 1442 1596 a

212 1655 260 1698 me
282 1635 454 1696 adumbrata
476 1643 607 1715 apparel.
652 1635 789 1698 Continet
817 1637 896 1697 enim
924 1637 1072 1699 volumine
1102 1643 1206 1721 pulmo
1235 1639 1374 1722 excerpta
1402 1655 1442 1698 ex

211 1735 363 1798 nonnullis
384 1735 534 1797 Athanasii
557 1735 718 1816 opusculis,
741 1757 776 1798 ex
799 1735 919 1799 Eusebii
942 1738 1170 1817 Praeparatione
1193 1747 1222 1800 et
1239 1738 1420 1799 Demonstro

211 1839 293 1900 hone
315 1837 479 1916 evangelica
502 1847 588 1916 atque
611 1837 706 1900 tribus
728 1838 764 1899 de
786 1839 934 1918 theologia
958 1839 1157 1901 ecclesiastica
1178 1839 1273 1912 libris,
1290 1857 1323 1900 ex
1347 1837 1439 1899 Cate-

211 1925 351 2002 ¹chesibus
373 1937 476 2000 lllllll.
501 1937 596 2018 Cyrilll
619 1937 894 2018 Hierusolymitani:
919 1927 1014 2002 eetcto¹
1029 1959 1064 2001 ex
1087 1941 1233 2002 Ancorato
1257 1950 1287 2002 et
1308 1938 1437 2002 Panario

210 2039 377 2120 Epiphanii,
409 2047 562 2118 praeterea
593 2059 627 2100 ex
650 2039 709 2101 'liti
731 2040 902 2102 bostrensis
930 2049 1033 2102 eontra
1055 2041 1241 2103 Manichacus
1270 2050 1299 2101 et
1319 2039 1437 2118 Didymi
1494 2059 1497 2066 ·

179 2145 184 2158 '
210 2139 397 2204 Alexandrini
417 2141 467 2200 de
502 2141 609 2220 spiritu
643 2149 746 2202 sancto
778 2141 879 2202 libris:
916 2147 1040 2223 septimo
1075 2143 1220 2222 epitomas
1252 2142 1435 2220 scriptorum

211 2242 438 2323 praecipuorum
457 2241 556 2303 Rasilii
571 2241 666 2321 Magni
689 2249 719 2302 et
741 2243 895 2322 utriusque
912 2241 1057 2320 Gregorii,
1080 2243 1149 2303 item
1172 2242 1315 2304 historiae
1337 2241 1434 2302 eccle·

211 2344 347 2406 siasticae
379 2341 511 2421 Evagrii:
547 2353 652 2404 octavo
686 2343 845 2404 summaria
878 2343 975 2423 Cyrilli
1006 2343 1195 2405 Alexandrini
1223 2343 1368 2404 librorum
1399 2342 1433 2403 V.

210 2454 314 2508 contra
345 2443 516 2504 Nestorium
554 2451 584 2504 et
614 2443 703 2504 unius
736 2452 838 2505 contra
874 2445 1211 2525 Anthropomorphitas,
1250 2443 1433 2522 dialogorum

211 2543 404 2618 Theodorcti,
427 2543 553 2622 denique
568 2543 692 2605 loannis
709 2543 879 2606 llamasceni
904 2545 940 2607 de
956 2545 1119 2607 orthodoxa
1132 2547 1199 2619 fide.
1227 2544 1314 2624 Atqui
1334 2562 1432 2617 nemo,

210 2648 310 2720 credo,
334 2664 413 2707 nunc
435 2645 500 2715 erit,
524 2645 573 2724 qui
596 2645 765 2718 arbitretur,
788 2646 983 2708 llocsleriano
1006 2665 1096 2725 opere
1118 2646 1274 2707 desideriis
1298 2653 1327 2706 et
1349 2663 1431 2706 com-

210 2749 308 2811 modis
341 2747 564 2826 theologorum,
600 2747 705 2826 quibus
733 2747 782 2808 ille
818 2747 964 2814 inservire
999 2747 1107 2822 voluit,
1144 2747 1216 2818 salis
1255 2765 1321 2807 esse
1358 2763 1429 2825 pro-

167 2893 173 2904 ·
210 2859 344 2930 spectum
367 2848 455 2927 idque
477 2847 564 2908 etiem
588 2847 645 2908 boc
666 2857 770 2910 nostro
792 2857 927 2930 tempore
945 2851 1088 2912 historiae
1103 2849 1271 2929 dogmatum
1288 2845 1430 2908 studiosis
1454 2904 1461 2922 ‚

208 2951 476 3014 commendandum
498 2967 566 3034 esse
589 2957 727 3030 tanquam
750 2951 1001 3013 accommodatum
1024 2951 1160 3030 ipsorum
1183 2949 1287 3010 usibus
1310 2956 1340 3008 et
1367 2947 1428 3008 sul-

210 3051 323 3114 ficiens.
369 3049 473 3124 Quid?
505 3051 585 3130 quod
619 3049 778 3113 lloeslerus
811 3053 876 3131 ipse
906 3053 1016 3125 sensit,
1052 3051 1082 3112 in
1112 3050 1258 3110 eiusmodi
1288 3047 1429 3126 excerptis

210 3153 396 3230 acquiescere
423 3170 483 3212 non
511 3171 618 3232 posse,
651 3153 702 3232 qui
733 3153 764 3214 in
800 3152 1024 3214 familiaritatem
1058 3158 1175 3229 patrum
1207 3147 1317 3207 intrare
1345 3153 1429 3225 atquc

209 3251 328 3331 penitus
350 3251 380 3310 in
403 3250 579 3328 theologiam
604 3272 708 3314 eorum
730 3273 763 3314 se
784 3253 936 3313 insinuare
957 3251 1057 3322 velint,
1081 3257 1110 3309 ct
1131 3253 1288 3326 propterea
1308 3249 1429 3325 graviter

209 3351 240 3414 in
262 3349 445 3431 praelatione
467 3349 639 3410 exhortatus
662 3359 706 3410 est
729 3350 895 3428 theologos,
918 3359 961 3423 ut,
993 3350 1017 3410 si
1041 3349 1120 3409 vires
1143 3335 1254 3427 ingenii
1276 3357 1428 3428 suppetant

209 3461 241 3514 et
261 3452 354 3513 otium
376 3448 580 3528 librorumque
602 3449 702 3529 copia,
732 3449 845 3527 integra
873 3457 988 3530 patrum
1016 3449 1126 3529 scripta
1155 3467 1258 3529 graece
1286 3459 1316 3510 et
1343 3449 1427 3512 latine

209 3551 308 3630 legant
329 3569 424 3630 neque
446 3550 504 3611 hoc
525 3548 625 3611 labore
647 3549 836 3628 supersederi
858 3569 950 3631 posse
972 3551 1142 3631 opinentur.
1186 3550 1303 3611 Etenim
1331 3550 1379 3630 qui
1393 3549 1425 3612 ad

208 3661 325 3733 patrum
336 3651 492 3714 lectionem
506 3671 538 3712 se
554 3651 710 3713 conserunt
724 3649 780 3712 hac
791 3662 899 3744 mente,
913 3661 945 3713 ut
957 3653 1026 3714 inde
1040 3651 1250 3714 accuratiorem
1264 3651 1425 3730 dogmatum

209 3754 345 3815 notitiam
374 3753 525 3826 hauriant,
558 3770 618 3812 uon
648 3751 719 3813 satis
753 3751 862 3814 babent
889 3771 997 3826 nosse,
1027 3753 1096 3833 quid
1124 3753 1288 3832 argumenti
1317 3752 1424 3831 singula

210 3855 318 3934 scripta
340 3853 477 3927 habeant,
501 3853 530 3915 id
553 3852 631 3933 quod
655 3853 811 3915 commode
833 3873 869 3915 ex
891 3854 1059 3916 summariis
1082 3853 1156 3915 disci
1177 3862 1293 3932 potest:
1330 3853 1380 3915 sed
1400 3851 1423 3913 si

208 3965 287 4018 recte
310 3954 407 4016 officio
431 3975 487 4016 suo
529 3955 706 4033 iunguntur,
738 3954 825 4016 etiam
856 3957 886 4017 in
917 3955 1069 4036 propriam
1097 3963 1250 4016 auctorum
1272 3951 1421 4032 cogitandi,

208 4057 441 4137 argumentandi,
464 4055 705 4136 philosophandi,
734 4057 909 4137 scripturam
932 4076 1045 4118 sacram
1067 4053 1292 4136 interpretandi,
1315 4051 1421 4114 dicendi

208 4157 392 4220 scribendine
414 4157 557 4219 rationem
581 4164 669 4236 atque
692 4155 721 4218 in
745 4157 913 4220 universam
936 4157 1124 4229 methodum,
1148 4175 1205 4237 qua
1226 4155 1258 4216 in
1280 4153 1422 4234 explican-

209 4259 255 4321 dis
284 4258 469 4338 dogmatibus
497 4258 543 4320 usi
575 4266 659 4330 sunt,
688 4257 856 4337 diligentius
890 4259 1052 4339 inquirunt.
1095 4255 1175 4319 Haec
1206 4267 1302 4318 autem
1326 4263 1356 4317 et
1376 4255 1422 4317 alia

210 4379 275 4422 cum
293 4360 340 4422 his
364 4361 519 4423 coniuncta
541 4359 733 4422 animadverti
756 4369 785 4421 et
808 4360 935 4440 perspici
958 4379 1017 4422 non
1050 4365 1197 4438 possunt,
1229 4357 1286 4418 nisi
1319 4357 1422 4433 integra

209 4461 317 4543 scripta
338 4462 473 4540 legantur
495 4469 525 4524 ct
546 4461 723 4542 relegantur.
767 4461 885 4523 Accedit
906 4460 986 4541 quod
1009 4461 1058 4540 qui
1082 4457 1229 4538 excerptis
1251 4456 1295 4518 vel
1313 4454 1420 4517 selectis

209 4563 354 4644 capitibus
377 4563 413 4625 ab
436 4563 492 4625 alio
514 4564 679 4644 propositis
702 4563 804 4638 utitur,
825 4563 959 4624 rationes
982 4577 1145 4640 suspensas
1168 4557 1257 4619 babet
1277 4575 1313 4619 ex
1335 4555 1420 4618 alieno
