3094 5318
641 315 651 338 .

503 353 647 422 mrsroua'
661 378 681 421 ι.
696 377 734 420 ιιι
750 377 946 420 susurrones.
1147 393 1150 404 ·
1276 369 1336 429 747
1370 359 1374 366 ’

1 571 2 578 ι
94 551 158 614 que
181 531 216 594 io
241 531 295 592 illo
317 527 508 591 reconciliare
537 527 677 606 cupiens,
704 527 872 608 pacificans
901 529 963 589 rive
992 545 1067 607 qum
1094 530 1127 588 in
1156 529 1246 591 caelia
1276 536 1421 595 ciceron.

92 651 176 716 quae
200 637 239 695 ιἰι
261 635 356 694 terrio
378 640 461 692 aunt.

186 736 244 799 32.
291 732 392 811 ltaque
413 749 449 792 er
472 729 635 792 diuinarum
648 728 868 807 Scripturarum
891 745 1042 822 consensu
1063 729 1191 792 arideus
1206 741 1253 794 est
1268 732 1336 814 Spi-

90 837 190 898 ritum
223 843 363 896 muctam
390 850 454 893 rem
483 839 609 892 creatam
639 847 701 891 nou
729 847 813 902 esse,
848 828 900 888 aed
930 829 1084 908 proprium
1107 849 1176 893 esse
1198 833 1284 894 Verbi
1308 843 1338 896 et

88 937 200 998 Patris
226 933 403 996 divinitatis.
448 932 498 993 Sic
519 932 597 992 euim
614 931 789 992 Sanctorum
807 930 940 992 doctrina
963 930 999 992 ad
1021 939 1153 994 sanctam
1176 942 1206 994 et
1227 933 1335 997 iudici-

87 1040 186 1100 daem
213 1036 396 1096 Trinitatem
418 1033 626 1096 adstruendam
649 1031 811 1109 conspirat,
835 1049 927 1110 eaque
949 1049 1007 1092 uua
1028 1040 1075 1094 est
1096 1032 1262 1096 Catholicae
1277 1035 1334 1096 Ec-

87 1138 208 1202 clesiae
232 1135 323 1196 fides.
366 1137 401 1196 Αι
424 1135 570 1196 absurdae
593 1133 788 1212 Trapicorum
809 1131 924 1194 tabulae
947 1151 963 1194 a
985 1133 1147 1211 scripturis
1169 1135 1251 1196 valde
1271 1137 1335 1197 dia·

90 1239 240 1302 sentiunt
266 1237 514 1314 consentiuntque
538 1234 660 1296 omuino
683 1252 749 1296 curu
770 1234 947 1296 Asianorum
969 1233 1104 1308 haer'esi3
1126 1236 1206 1312 unde
1227 1237 1335 1298 verisi-

90 1340 169 1402 mile
194 1337 257 1412 sit,
274 1337 352 1399 'illos
381 1355 440 1398 nou
463 1337 519 1397 alia
541 1336 578 1398 de
600 1353 689 1398 causa
710 1334 748 1397 ita
771 1333 961 1398 dissimulare
982 1335 1041 1396 uiai
1069 1344 1103 1398 ut
1123 1335 1238 1398 lucilius
1260 1337 1334 1398 airn-
1389 1413 1401 1434 ⁸
1482 1411 1485 1422 ι

90 1441 194 1521 plices
226 1439 410 1517 deciperent.
462 1437 521 1498 Sed
543 1436 654 1516 gratiae
682 1435 804 1498 domino
831 1435 1000 1510 habendae,
1034 1437 1128 1516 quod,
1157 1446 1191 1500 ut
1217 1437 1334 1510 scribis,

91 1543 200 1620 fictam
226 1559 312 1602 suam
342 1557 409 1600 cum
430 1538 548 1599 Arianis
571 1538 793 1600 contentionem
822 1537 962 1616 obtegere
988 1555 1050 1598 non
1077 1539 1240 1619 potuerint.
1284 1540 1334 1603 Si·

64 1642 226 1722 ·quidem
257 1650 286 1702 et
314 1639 432 1702 illorum
461 1639 561 1700 odium
587 1639 618 1699 iu
647 1657 680 1700 se
702 1639 798 1718 ipsas
827 1639 1061 1711 concitaverunt,
1095 1647 1129 1701 ιιι
1156 1640 1212 1718 qui
1237 1641 1334 1702 solum

93 1743 251 1823 Spiritum
279 1759 339 1801 non
368 1747 466 1801 autem
488 1739 615 1802 Verbum
643 1757 706 1800 rem
736 1747 861 1802 mentam
894 1759 963 1802 esse
991 1740 1106 1813 dicant,
1140 1749 1170 1802 et
1201 1737 1237 1802 ali
1270 1741 1334 1804 aliis
1361 1747 1364 1758 '

94 1841 248 1905 omnihus
270 1840 484 1921 reprobantur,
514 1840 595 1920 quod
626 1840 737 1920 liqueat
761 1859 832 1902 rere
862 1859 916 1902 eos
943 1841 1052 1904 bellum
1075 1851 1177 1902 contra
1200 1851 1334 1905 sanctum

95 1943 252 2024 Spiritum
274 1960 377 2021 gerere
399 1960 433 2004 ac
453 1942 579 2021 proinde
600 1941 682 2003 hreni
704 1943 768 2004 lore
789 1950 943 2012 mortuos,
967 1949 1071 2021 utpote
1092 1941 1204 2021 Spiritu
1225 1961 1333 2006 vacuos

95 2055 129 2106 et
154 2043 330 2108 destitutos.
374 2041 487 2122 Nempe
508 2044 575 2122 quia
598 2053 668 2106 aunt
690 2044 830 2107 animales
853 2045 1001 2118 homiues,
1022 2032 1084 2106 non
1106 2051 1278 2124 potuerunt,
1303 2053 1336 2107 ιιι
1419 2067 1426 2084 ·

95 2147 195 2208 dccet
217 2144 323 2208 heatus
345 2143 522 2224 Apostolus,
551 2145 705 2224 percipere
726 2163 802 2224 quae
825 2154 895 2207 suut
916 2146 1045 2224 Spiritus
1068 2144 1136 2218 nei,
1159 2153 1262 2225 utpote
1284 2146 1333 2225 qui

95 2245 302 2327 spiritualiter
323 2245 563 2308 diiudicareutur.
607 2247 644 2306 nt
665 2247 714 2326 qui
742 2265 793 2318 ea,
825 2265 900 2328 quae
928 2255 999 2308 sunt
1026 2246 1175 2320 veritatis,
1206 2247 1334 2326 sapiunt,

95 2345 205 2409 omnia
229 2347 348 2426 quidem
370 2345 540 2418 diiudicant,
563 2345 622 2424 ipsi
644 2365 713 2408 vera
736 2364 754 2407 a
776 2345 894 2424 nemine
917 2345 1125 2430 diiudicentur,
1146 2331 1333 2426 quaudoqutl

91 2448 165 2509 dom
190 2447 355 2510 Dominum
377 2447 407 2508 in
430 2445 542 2526 seipsis
564 2446 690 2522 hahent,
709 2445 763 2526 'qui
786 2446 844 2508 illis
868 2454 898 2508 et
918 2448 1052 2527 seipsum
1075 2454 1105 2508 et
1125 2463 1180 2526 per
1202 2446 1333 2526 seipsum

91 2547 223 2608 Patrem
246 2549 277 2608 in
299 2548 410 2628 Spiritu
431 2548 579 2628 patefacit.

186 2648 243 2710 33.
287 2647 349 2727 Ego
371 2649 470 2728 itaque
491 2649 610 2712 tametsi
633 2648 664 2709 iu
687 2647 848 2710 solitudine
871 2647 992 2728 degens,
1017 2655 1117 2708 tamen
1138 2657 1262 2728 propter
1277 2663 1416 2710 eo-rnan.

94 2763 165 2806 rum
190 2744 416 2826 impudentiam,
438 2749 488 2828 qui
510 2769 527 2812 a
549 2749 671 2812 veritate
693 2749 885 2820 deflexerunt,
907 2747 982 2809 nihil
1004 2745 1126 2808 omniuo
1148 2748 1185 2809 de
1206 2748 1263 2810 illis
1279 2768 1332 2811 cu-

93 2863 181 2918 rans,
209 2847 315 2926 quihus
336 2850 413 2910 lorte
435 2869 518 2912 meae
540 2849 780 2912 ratiocinationes
795 2849 930 2910 infirmae
945 2855 975 2908 et
996 2845 1124 2909 humiles
1147 2855 1235 2928 atque
1258 2849 1331 2912 adeo

95 2944 274 3008 irridendae
295 2947 482 3023 videbuntur,
505 2951 577 3012 haec
598 2969 700 3030 pauca,
715 2937 797 3028 ‘quae
822 2947 939 3026 scripsi,
961 2947 997 3009 ad
1016 2945 1095 3008 tuam
1111 2949 1251 3028 pietatem
1266 2949 1332 3030 pla-

97 3047 162 3109 cuit
184 3045 321 3120 mittere,
350 3049 438 3128 t'eqno
459 3043 650 3112 vehementer
671 3068 763 3128 rogo,
795 3057 827 3110 ut
853 3048 884 3110 in
911 3049 958 3110 his
978 3048 1113 3128 legendis
1136 3049 1190 3112 ulia
1214 3050 1330 3128 quidem

98 3147 258 3222 emendes,
280 3148 337 3210 alia
357 3167 438 3223 vero,
461 3168 536 3229 quae
558 3150 672 3212 inlirma
689 3155 855 3222 occurrent,
878 3147 952 3210 mihi
972 3149 1140 3212 condones·
1180 3149 1333 3229 Siquidem

97 3248 176 3310 nihil
198 3249 264 3329 ipse
287 3249 395 3312 tradidi
417 3250 477 3312 uisi
500 3235 661 3312 seecundum
683 3249 883 3330 Apostolicam
905 3248 1009 3323 fidem,
1038 3257 1128 3329 prout
1150 3269 1184 3312 ea
1205 3250 1330 3314 nchis‘a
1441 3305 1443 3310 .

97 3349 240 3432 patrihus
262 3349 368 3412 tradite
391 3357 448 3425 eat,
470 3349 602 3430 nihilque
625 3329 778 3412 externum
801 3368 867 3443 sqm
890 3359 1089 3424 commentus,
1112 3352 1165 3413 aed
1181 3351 1261 3432 quod
1283 3352 1330 3415 di-

96 3447 176 3524 dici,
205 3451 285 3512 iuxta
313 3458 444 3512 ruentem
474 3459 642 3514 sanctarum
664 3437 882 3531 scripturarum
912 3451 960 3514 his
988 3451 1096 3514 litteris
1127 3453 1253 3516 exarari.
1297 3453 1330 3516 ld

97 3553 180 3613 euim
204 3552 316 3631 optime
344 3571 412 3613 cum
439 3551 487 3614 his
515 3553 669 3631 congruit,
698 3571 772 3632 qnae
802 3553 838 3616 ad
860 3552 994 3615 veritatis
1017 3553 1272 3619 confirmationem
1296 3574 1331 3615 er

97 3653 213 3714 sanclis
236 3651 400 3731 Scripturis
422 3653 608 3716 adduximus.
654 3653 720 3715 Non
743 3672 815 3732 ergo
837 3655 1023 3738 enutriusecua
1040 3656 1181 3718 accersita
1199 3663 1244 3717 est
1258 3655 1332 3719 haec

94 3761 203 3814 nostra
226 3751 371 3826 doctriua,
394 3754 447 3814 sed
469 3753 533 3833 ipse
554 3754 699 3816 Dominus
714 3755 799 3817 lasus
818 3754 956 3817 Christus
977 3773 1033 3834 per
1054 3757 1188 3835 seipsum
1210 3757 1329 3834 quidem

94 3852 316 3914 Samaritauam
339 3871 373 3914 ac
394 3869 451 3913 noa
473 3871 527 3931 per
549 3853 627 3914 iham
650 3855 757 3916 deinde
779 3853 896 3929 docuit,
926 3873 1014 3934 quam
1036 3856 1164 3934 perlecta
1188 3863 1218 3916 et
1239 3857 1329 3918 abso-

93 3951 155 4014 luta
185 3951 226 4013 sit
246 3959 347 4012 sancta
369 3951 523 4024 Trinitas,
546 3969 669 4031 eamque
691 3953 870 4016 individuam
894 3972 928 4014 ac
951 3972 1038 4015 unam
1061 3955 1241 4018 divinitatem
1265 3959 1328 4020 exi-

96 4061 193 4114 stere.
237 4049 270 4111 ld
299 4050 417 4130 inquam
450 4051 512 4130 ipsa
535 4060 661 4114 testatur
681 4053 807 4121 veritas.
839 4053 889 4114 ubi
917 4054 1117 4116 Samaritanae
1146 4057 1200 4118 ait:
1237 4057 1330 4120 Crede

95 4152 182 4222 ma'ha',
206 4149 326 4224 mulier,
349 4155 420 4230 quic
441 4155 523 4213 venit
545 4152 622 4214 lucro
642 4165 672 4215 et
694 4173 775 4218 nunc
798 4163 852 4225 eat,
876 4173 943 4216 cnm
965 4160 1031 4218 vert
1050 4156 1232 4220 adoratores
1254 4159 1330 4220 ado-

97 4303 155 4366 lleg.
179 4301 200 4350 l.
218 4301 358 4362 squeire.
376 4301 474 4359 Gahler.
499 4311 522 4352 et
539 4304 643 4354 Felclrm.
664 4305 688 4355 1.
740 4319 788 4356 non
807 4307 864 4369 lleg.
880 4305 918 4364 2.,
944 4309 983 4372 qui
1008 4317 1088 4358 tamen
1112 4308 1144 4376 τῇ
1169 4320 1220 4358 σου
1248 4310 1327 4359 hahet.

97 4369 124 4419 1ιι
143 4369 198 4430 aliia
216 4378 239 4418 el
257 4369 326 4446 qditia
343 4373 431 4420 desunt
448 4361 492 4418 ὅτι
506 4363 594 4437 μόνον
611 4387 687 4438 usque
737 4373 817 4424 Catari
837 4383 860 4424 et
878 4375 934 4426 editi
948 4373 980 4441 cpi
996 4373 1029 4442 σῇ
1043 4385 1067 4426 et
1083 4375 1116 4442 τῇ
1134 4388 1184 4425 σου
1202 4383 1225 4426 et
1241 4369 1327 4424 πολλά
1405 4419 1409 4426 .

98 4437 128 4486 ed
145 4435 385 4500 κατεγνωσθησαν.
739 4443 858 4493 omittunt.

133 4504 157 4552 d.
176 4505 276 4566 Sequer.
293 4503 365 4554 hasil.
384 4514 409 4556 et
426 4506 515 4568 huglic.
533 4502 686 4572 γινόμενοι.
773 4510 790 4557 l.
808 4509 862 4571 neg.
877 4511 898 4560 l.
914 4511 1014 4574 etSa'fla.
1024 4503 1143 4559 ἐπινοῶν
1151 4519 1175 4560 et
1189 4503 1326 4576 ιιιοιᾶπιρ.

39 4577 49 4589 “
134 4583 155 4617 c.
173 4571 213 4621 Sic
231 4573 285 4634 aeq.
306 4573 327 4622 l.
350 4573 463 4626 ottobon.
482 4582 506 4624 et
523 4577 622 4638 Sequar.
642 4590 687 4627 uec
772 4591 795 4638 ς.
813 4576 905 4640 ilem.
923 4576 957 4644 τῇ
973 4577 1026 4644 μιᾷ
1043 4575 1163 4636 θεόῐιῐι·
