3226 5280
244 367 289 432 46,
351 431 353 437 k
644 379 671 421 s.
687 377 839 424 ιτειιιιειι
854 376 1078 420 ιεουιτνιεοοει

157 519 350 613 αιάιωιοπὴν
372 520 473 594 αὐτοῦ
497 529 658 612 σημαίνει,
681 523 737 590 καί
759 517 796 590 οῦ
819 523 915 607 μεῖόν
938 522 1010 590 ἐστι
1030 525 1097 589 τῶν
1119 527 1290 608 προτέρων
1305 521 1473 588 καὶτοῦτο

242 628 281 694 τὸ
304 622 463 714 ἀσέβημα.
508 625 566 692 τὸν
587 624 650 712 γάρ
673 623 707 692 έν
728 627 775 710 τῷ
798 627 902 710 πατρὶ
925 621 1015 704 ῦντα,
1041 623 1075 691 ἐν
1096 612 1124 710 ᾧ
1145 623 1201 690 καὶ
1224 619 1241 688 ό
1263 622 1373 710 πατήρ
1391 623 1471 702 ἔστι,

241 728 299 795 τὸν
322 729 475 813 λέγοντα·
499 724 562 812 ἐγώ
583 728 638 792 καὶ
663 719 682 791 ό
705 723 814 812 πατὴρ
838 725 872 792 έν
895 725 1033 810 έσμεν’),
1059 723 1095 792 ῦν
1117 723 1173 791 καί
1196 720 1213 789 5
1237 723 1389 812 ἑωρακὼς
1411 723 1473 792 ἑώ-

241 854 319 916 ρακε
351 826 409 894 τὸν
442 829 617 913 πατέρα’),
651 821 841 909 ’ὀνομάζειν
873 822 942 892 ῦπό
969 850 1061 905 τινος
1089 825 1215 905 έξωθεν
1242 827 1471 912 βελτιοῦσθαι,

241 933 355 998 πᾶσαν
383 924 585 1015 ὑπερβάλλει
611 933 742 1011 μανίαν.
789 921 873 994 άλλόι
900 927 1026 994 τούτων
1058 926 1290 1007 ἐκπίπτοντες,
1313 929 1367 994 καλ
1390 927 1473 994 κατὰ

241 1029 319 1108 τοὺς
347 1027 427 1114 περὶ
447 1025 609 1114 Εῦαέβιον
638 1024 706 1094 ῦπό
728 1029 856 1114 πολλῆς
878 1028 1088 1112 συνεχόμενοι
1109 1031 1167 1114 τῆς
1189 1023 1344 1115 άπορίας,
1368 1027 1472 1096 ἐκεῖνο

242 1129 364 1198 λοιπὸν
386 1129 516 1212 ’έχουσιν
538 1125 814 1214 ὑπολειπόμενον,
839 1127 857 1194 ὃ
879 1128 935 1196 καὶ
957 1130 991 1196 ἐν
1012 1124 1190 1217 ᾀσματίοις
1206 1128 1340 1216 ’Ἀρειος
1360 1129 1418 1197 καὶ
1439 1129 1472 1196 έν

242 1235 281 1319 τῇ
305 1232 422 1298 ἑαυτοῦ
445 1231 577 1318 1’Θαλίρι
600 1226 645 1310 ὡς
667 1229 850 1316 έπαποριῦν
863 1231 1063 1316 μυθολογεῖ·
1087 1229 1232 1309 πολλοὺς
1247 1232 1341 1298 λαλεῖ
1355 1229 1472 1316 λόγους

244 1329 262 1398 5
283 1331 375 1410 θεός.
421 1342 521 1399 ποῖον
546 1327 654 1398 αὐτῶν
676 1331 741 1418 δρα
764 1333 898 1418 λέγομεν
920 1327 1015 1417 ἡμεῖς
1036 1331 1108 1398 νίὸν
1130 1330 1186 1398 καὶ
1201 1331 1298 1418 λόγον’
1312 1333 1471 1420 μονογενῆ

241 1437 300 1500 τοῦ
324 1433 470 1520 πατρός,·
503 1428 640 1521 άνόητοι
667 1433 723 1500 καί
750 1432 863 1525 πάντα
890 1433 1018 1516 μᾶλλον
1039 1426 1061 1519 ἢ
1082 1439 1290 1518 Χριστιανοί.
1335 1435 1470 1519 πριῦτον

241 1536 302 1620 μέν
323 1533 385 1620 γὰρ
407 1538 545 1600 τοιαῦτα
567 1535 742 1612 λαλοῦντες
763 1533 842 1620 περὶ
862 1537 957 1618 θεοῦ,
980 1537 1098 1619 μικροῦ
1122 1534 1190 1600 δεῖν
1214 1532 1398 1618 ἄνθρωπον
1413 1531 1470 1598 τὸν

242 1635 326 1724 θεὸν
347 1631 652 1722 ὑπολαμβάνουσιν,
678 1631 765 1702 οῦτω
780 1636 943 1701 λαλοῦντα
957 1633 1013 1700 καί
1027 1641 1278 1720 παραμείβοντα
1292 1632 1370 1712 τοὺς
1383 1656 1470 1718 προ-

157 1743 357 1824 αιικτέρους
373 1747 445 1816 τοῖς
464 1738 628 1823 δευτέροις
645 1736 764 1823 λόγοις,
789 1731 902 1822 ὥσπερ
925 1729 982 1802 οῦκ
1000 1731 1175 1822 ἀρκοῦντος
1187 1733 1259 1812 ἑνὸς
1271 1734 1374 1801 ἐκτοῦ
1385 1737 1470 1801 θεοῦ

242 1838 341 1925 λόγου
356 1841 470 1906 πᾶσαν
484 1836 543 1926 τὴν
559 1837 593 1904 έκ
607 1841 665 1904 τοῦ
682 1837 891 1925 βουλήματος
908 1839 967 1903 τοῦ
979 1835 1107 1923 πατρὸς
1119 1836 1331 1923 δημιουργίαν
1342 1835 1399 1903 καὶ
1411 1834 1471 1921 τὴν

241 1939 359 2007 τοῦτον
373 1939 536 2025 πρόνοιαν
550 1940 743 2026 πληρῶσαι·
756 1939 795 2004 τὸ
807 1943 868 2024 μὲν
880 1936 1095 2025 γὰρπολλοδς
1111 1932 1210 2004 αὐτὸν
1221 1939 1333 2003 λαλεῖν
1345 1935 1471 2021 λόγους,

243 2037 406 2110 άσθίνεια
434 2043 500 2107 τῶν
529 2039 664 2107 πάντων
687 2039 791 2118 ἐστίν,
816 2039 953 2105 ἑκάστου
977 2040 1176 2134 λειπομένου
1198 2042 1257 2127 τῆς
1278 2041 1336 2103 τοῦ
1360 2037 1471 2122 ἑτέρου

241 2147 368 2224 χρείας·
391 2139 429 2207 τὸ
452 2142 488 2207 δέ
511 2138 559 2206 ἑνὶ
580 2141 762 2222 κεχρῆσθαι
783 2136 869 2222 λόγῳ
892 2136 950 2204 τὸν
971 2137 1063 2218 θεόν,
1088 2135 1133 2216 τός
1147 2138 1204 2205 καὶ
1219 2139 1308 2206 ἔστιν
1324 2134 1470 2223 άληθῶς,

240 2243 340 2305 τοῦτο
362 2240 418 2306 καὶ
440 2243 498 2304 τοῦ
521 2239 604 2302 θεοῦ
627 2233 685 2321 τὴν
708 2233 846 2320 δύναμιν
862 2237 1016 2316 δείκνυσι,
1039 2237 1176 2304 καὶτοῦ
1199 2239 1235 2317 ἒξ
1255 2235 1356 2305 αὐτοῦ
1372 2237 1471 2325 λόγου

241 2339 298 2405 τῦν
319 2338 518 2424 τελειότητα,
542 2334 597 2402 καὶ
619 2339 702 2403 ’τιῦν
725 2332 812 2404 οῦτω
835 2335 1047 2424 φρονούντων
1068 2336 1127 2422 τὴν
1150 2334 1268 2425 εὐσεβῆ
1285 2339 1425 2406 σόνεσιν.

329 2447 376 2506 17.
421 2439 509 2505 Ε’ίθε
537 2438 573 2506 δὲ
602 2436 657 2504 καλ
680 2426 773 2504 οὗτοι
794 2431 852 2526 κᾷν
876 2437 911 2518 ἐξ
932 2427 977 2504 ὧν
1001 2439 1133 2523 λέγουσι
1154 2441 1227 2517 νῦν,
1251 2438 1471 2525 ἐθελήσουσιν

243 2535 415 2625 ὁμολογεῖν
442 2537 500 2627 τὴν
530 2537 708 2626 ἀλήθειαν·
738 2540 768 2606 εί
793 2538 854 2627 γὰρ
886 2536 979 2619 άπαξ
1000 2537 1133 2608 διδόασι
1155 2537 1213 2606 τὸν
1235 2539 1317 2606 θεὸν
1339 2543 1471 2626 προφέ-

242 2667 344 2728 ροντα
373 2639 491 2727 λόγους
497 2694 506 2724 ,
537 2643 651 2709 ἰ’σασιν
675 2637 761 2719 ὅλως
782 2637 882 2707 αῦτὸν
904 2646 1048 2727 πατέρα·
1076 2644 1175 2707 τοῦτο
1199 2641 1235 2707 δὲ
1256 2639 1471 2726 γινώσκοντες

243 2749 481 2823 σκοπείτωσαν,
507 2739 561 2810 ότι
581 2743 625 2830 μὴ
649 2745 805 2821 θέλοντες
828 2743 885 2810 ἕνα
907 2742 1037 2809 διδόναι
1049 2746 1108 2810 τοῦ
1124 2745 1207 2809 θεοῦ
1223 2740 1320 2827 λόγον
1335 2742 1470 2808 πολλῶν

243 2838 342 2912 αὐτόν
365 2839 451 2912 εἶναι
472 2851 602 2932 πατέρα
625 2843 856 2933 φαντάζονται,
879 2844 935 2910 καὶ
955 2843 995 2910 τὸ
1015 2846 1076 2928 μὲν
1099 2840 1185 2923 όλως
1207 2838 1292 2910 εἶναι
1311 2847 1369 2909 τοῦ
1386 2845 1470 2912 θεοῦ

242 2943 339 3031 λόγον
368 2941 405 3012 οῦ
435 2947 595 3014 θέλουσιν
618 2942 813 3031 ἀρνεῖσθαι,
842 2944 882 3012 τὸ
905 2947 941 3012 δέ
964 2939 1050 3012 εἶναι
1069 2949 1187 3012 τοῦτον
1209 2948 1268 3011 τοῦ
1290 2948 1374 3012 θεοῦ
1398 2943 1470 3011 ολόν

243 3041 300 3128 σι’-χ
330 3033 556 3135 ὁμολογοῦσιν.
603 3047 674 3115 ἔστι
706 3048 742 3114 δὲ
770 3051 868 3114 τοῦτο
898 3051 955 3132 τῆς
978 3041 1138 3132 άληθείας
1160 3041 1307 3133 άγνωσία
1327 3044 1470 3112 καὶτῶν

242 3153 348 3215 θείων
377 3156 514 3238 γραφῶν
543 3146 688 3242 ἀπειρία.
735 3149 764 3216 εἰ
792 3147 853 3235 γάρ
884 3144 969 3226 όλως
992 3142 1010 3212 5
1031 3145 1114 3225 θεὸς
1135 3147 1245 3235 πατήρ
1268 3145 1340 3213 έστι
1361 3145 1468 3232 λόγου,

244 3245 334 3316 διατί
359 3250 404 3335 μὴ
433 3251 489 3316 καὶ
511 3247 529 3318 5
554 3252 772 3337 ἆγεννώμενος
795 3249 865 3327 αῖός
888 3249 995 3329 ἐστιν,·
1028 3247 1099 3326 υίὸς
1122 3248 1158 3313 δὲ
1180 3247 1282 3314 πάλιν
1303 3251 1362 3313 τοῦ
1385 3250 1469 3314 θεοῦ

242 3357 294 3430 τίς
321 3345 360 3418 άν
392 3349 457 3436 εἰἠ,
488 3345 550 3436 ἢό
574 3351 669 3435 λόγος
691 3347 812 3431 αῦτοῦ,·
842 3348 979 3435 καὶγὰρ
1002 3343 1041 3414 οῦ
1063 3348 1187 3417 πολλοὶ
1208 3348 1315 3434 λόγοι,
1345 3348 1401 3414 ἵνα
1422 3347 1467 3434 μὴ

243 3453 380 3530 ἕκαστος
401 3449 511 3537 ἐνδεὴς
533 3441 579 3537 “ᾖ,
604 3447 689 3519 ἀλλὰ
712 3447 759 3530 εἷς
781 3446 799 3516 5
822 3450 928 3537 λόγος,
951 3451 1007 3516 ἵνα
1028 3452 1153 3529 τέλειος
1173 3450 1275 3535 μόνος
1291 3445 1397 3530 αῦτός,
1414 3449 1471 3516 καί

242 3547 295 3618 ὅτι
318 3552 390 3630 ἑνός
412 3548 507 3629 δντος
528 3555 587 3617 τοῦ
609 3557 693 3618 θεοῦ
715 3559 795 3637 μίαν
820 3552 886 3618 έδει
908 3551 963 3618 καὶ
984 3549 1042 3637 τὴν
1055 3551 1163 3618 είκόνα
1175 3546 1260 3618 εἶναι
1271 3547 1381 3632 αὐτοῦ,
1397 3547 1470 3637 ἥτις

242 3651 332 3720 ἐστὶν
356 3649 373 3721 ό
398 3652 476 3730 υἱός.
521 3651 660 3739 καὶγὰρ
684 3650 702 3718 5
724 3657 783 3720 τοῦ
806 3655 889 3720 θεοῦ
912 3653 992 3732 υἱός,
1017 3649 1062 3730 ὡς
1084 3653 1120 3732 i&
1140 3647 1247 3718 αὐτῶν
1269 3656 1335 3720 τιῦν
1351 3648 1470 3738 λογίων

244 3753 316 3821 ἐστὶ
341 3760 485 3838 μαθεῖν,
514 3748 613 3833 αότός
643 3754 732 3822 ἐστιν
761 3751 778 3820 ὁ
807 3756 867 3820 τοῦ
895 3757 979 3820 θεοῦ
1009 3752 1104 3836 λόγος
1126 3753 1182 3820 καὶ
1203 3750 1222 3842 ἡ
1246 3761 1351 3842 σοφία
1372 3747 1468 3837 καὶὴ

244 3854 338 3922 είκὼν
361 3855 415 3922 καὶ
436 3853 455 3943 ἡ
477 3856 547 3944 χείρ
569 3855 625 3923 καὶ
647 3851 665 3942 ἡ
689 3856 842 3940 δύναμις·
866 3858 900 3921 ἓν
922 3853 983 3939 γάρ
1006 3853 1077 3919 ἐστι
1091 3852 1130 3920 τὸ
1145 3857 1203 3920 τοῦ
1218 3859 1302 3922 θεοῦ
1317 3861 1467 3941 γέννημα,

252 4149 254 4154 ’
314 4129 338 4189 1)
357 4130 422 4178 loun.
445 4129 484 4188 10,
505 4127 545 4178 30.
616 4129 642 4190 λλ
661 4131 724 4180 Ιοεο.
747 4131 785 4190 14,
805 4129 827 4180 9.

278 4277 298 4310 ι.
320 4263 376 4323 Βος.
396 4253 548 4328 ὀνομάζων.
682 4297 689 4310 .
883 4255 989 4310 ἔστιδὲ
1008 4254 1033 4307 ὁ·
1058 4253 1177 4326 αρακτὴρ
1196 4251 1471 4369 τοῦβιβλίοοραῦνος

277 4331 303 4378 b.
321 4329 396 4379 Huius
414 4333 462 4380 Arii
486 4331 567 4394 operis
593 4331 701 4382 meminit
719 4331 832 4378 Socrates
883 4323 929 4376 καὶ
954 4323 1027 4376 διαλι
1045 4325 1154 4393 σμένος,
1181 4325 1238 4377 τοῖς
1255 4320 1422 4376 Σωταδεοις
1440 4315 1470 4386 ᾄ-

244 4397 430 4447 ΕοιΙεείεειίεεε
449 4399 564 4447 historiae
583 4397 624 4446 lib.
643 4397 661 4444 1.
681 4412 733 4458 ειη.
752 4397 776 4444 9.
796 4392 806 4460 [
826 4433 832 4444 .
885 4409 971 4462 σμασι
980 4389 1184 4463 παραπλήσιοε’
1196 4383 1313 4460 Ισ’ντεριιαὶ
1326 4383 1393 4437 αὐτὸ
1406 4385 1470 4438 τότε

246 4463 288 4514 29.
307 4465 336 4514 ed
366 4461 491 4528 Βαναίας]
512 4467 549 4513 his
567 4466 662 4513 verbis:
688 4455 779 4510 ἰστέον
802 4413 833 4511 δὲ
885 4457 1036 4522 ἧσῦνοδος
1061 4455 1228 4527 ἀπεκήρυξεν.
1268 4462 1362 4509 idest:
1388 4459 1469 4508 Scien-

246 4522 404 4600 ’ότιῖίρειος
420 4528 526 4596 βιβλίον
544 4528 701 4598 συνέγραψε
713 4543 744 4578 πε
765 4525 833 4589 ivis·
886 4534 940 4580 διοιι
969 4541 1001 4582 esi
1025 4532 1103 4581 Arium
1128 4531 1212 4579 ίίίιιιιιιι
1243 4529 1271 4576 δι
1295 4543 1337 4576 ιιιο
1360 4527 1469 4588 opinione

244 4591 342 4648 ἑαυτοῦ
366 4597 458 4660 δόξης,
493 4591 507 4648 5
536 4593 675 4664 ἐπέγραψε
704 4593 746 4646 6'
763 4611 829 4646 ειαν.
885 4602 1049 4662 composuisse,
1069 4612 1136 4664 quem
1155 4599 1257 4647 ῖίιοίίοιιι
1274 4595 1407 4658 inscripsit,
1427 4609 1471 4645 εν·
