3226 5280
257 389 297 454 80
656 405 681 447 ε.
697 404 850 482 ιτεκιιεειι
864 406 1087 451 mammeam

170 550 374 618 ε.κει.τοότου
395 551 449 616 καλ
471 548 528 616 τὸν
551 548 585 616 έν
606 551 654 636 τῷ
675 551 778 636 πατρί
800 549 905 636 λόγον.
937 551 967 618 ελ
989 552 1025 618 δὲ
1045 553 1099 619 καλ
1122 557 1251 640 πατέρα
1265 555 1361 624 θέλει
1375 558 1480 642 λέγειν

255 647 347 739 ήμιῦν
368 649 426 718 τὸν
447 651 535 719 ῖδιον
558 650 675 718 ἑαυτοῦ
696 655 833 735 πατέρα,
857 645 896 717 οῦ
915 651 975 740 χρή
991 651 1048 720 διὰ
1061 655 1159 719 τοῦτο
1174 662 1387 724 συνεκτείνειυ
1402 657 1480 724 ἑαυ-

254 751 332 832 τοῦς
361 755 408 839 τῷ
437 749 499 832 vm
526 751 610 820 κατὰ
635 750 693 840 τήν
723 751 832 840 φύσιν.
876 755 931 820 καὶ
952 755 1051 820 τοῦτο
1072 753 1134 841 γάρ
1157 748 1204 820 δι’
1229 747 1328 822 αῦτὸν
1350 756 1479 842 λέγεται

255 847 333 941 παρ’
363 849 472 942 ήμῶν·
502 851 617 941 έπειδή
644 851 706 938 γὰρ
734 851 773 918 τὸ
800 848 960 939 ἡμέτερον
982 849 1000 920 ό
1024 853 1120 939 λόγος
1143 853 1282 942 έφόρεσε
1304 858 1401 940 σῶμα
1421 854 1479 924 καῖ

254 961 384 1042 γέγονεν
412 953 446 1021 έν
473 949 567 1042 ήμῖν,
599 948 794 1031 ἀκολούθως
822 951 879 1020 διὰ
905 953 963 1020 τόν
992 953 1025 1022 έν
1047 951 1126 1041 ἡμῖν
1149 953 1245 1040 λόγον
1267 958 1323 1021 καὶ
1342 950 1477 1041 ήμῶνό

254 1055 338 1137 θεὸς
358 1057 486 1140 λέγεται
507 1051 628 1142 πατήρ.
671 1052 711 1119 τὸ
732 1053 794 1140 γὰρ
816 1052 850 1121 έν
872 1050 951 1142 ήμῖν
972 1057 1104 1139 πνεῦμα
1124 1058 1183 1122 τοῦ
1205 1053 1303 1141 λόγου
1319 1051 1366 1123 δι’
1383 1051 1477 1142 ήμῶν

254 1156 312 1227 τόν
341 1157 458 1224 ἑαυτοῦ
480 1159 610 1241 πατέρα
632 1150 677 1233 ιός
698 1150 791 1242 ήμὶῦν
814 1147 981 1239 όνομάζει·
1011 1145 1108 1234 οὗτος
1127 1156 1183 1223 ’δὲ
1204 1159 1263 1223 τοῦ
1285 1152 1476 1226 ἀποστόλου

254 1262 330 1338 νοῦς
352 1256 424 1324 ἐστι
445 1257 611 1342 λέγοντος·
634 1255 863 1336 ἐξαπέστειλεν
886 1250 904 1321 ό
925 1252 1008 1334 θεὸς
1028 1254 1068 1322 τό
1089 1259 1219 1342 πνεῦμα
1239 1259 1299 1324 τοῦ
1322 1257 1394 1325 υἱοῦ
1416 1255 1477 1326 αό-

254 1363 313 1427 τοῦ
336 1358 383 1436 εἰς
404 1355 464 1436 τὰς
484 1357 620 1445 καρδίας
641 1349 742 1444 ήμῶν,
766 1355 900 1442 κρᾶζον·
924 1349 1011 1442 ἀββά
1032 1351 1051 1422 ό
1073 1355 1184 1445 πατήρ
1193 1355 1223 1437 s).

340 1463 389 1526 32.
431 1453 518 1523 Ἀλλ’
543 1458 626 1537 ἰ’σιυς
654 1459 707 1524 καί
742 1455 799 1523 διὰ
825 1454 865 1522 τὸ
895 1453 1000 1542 όνομα
1020 1455 1060 1523 τὸ
1082 1451 1236 1545 ἀγένητον
1258 1458 1474 1546 ἐλεγχθέντες,

254 1557 396 1646 πονηροὶ
425 1557 483 1625 τὸν
509 1556 635 1645 τρόπον
664 1554 756 1637 ὄντες
777 1556 975 1645 έθελήλουσι
995 1560 1049 1625 καὶ
1072 1552 1167 1634 αὐτοὶ
1188 1559 1309 1645 λέγειν·
1333 1560 1400 1628 έόει
1420 1559 1477 1628 καῖ

254 1662 331 1746 περὶ
353 1661 412 1726 τοῦ
435 1666 546 1746 κυρίου
568 1655 624 1724 καῖ
646 1660 793 1744 σωτῆρος
814 1651 1020 1745 ήμῶνῖησοῦ
1034 1661 1185 1747 Χριστοῦ
1207 1659 1242 1727 ἐκ
1257 1663 1324 1727 τῶν
1338 1665 1475 1750 γραφῶν

253 1759 296 1828 τὰ
317 1759 396 1846 περὶ
418 1754 518 1827 αὐτοῦ
539 1763 744 1846 γεγραμμένα
764 1759 932 1844 λέγεσθαι,
957 1762 1029 1826 ι’καὶ
1051 1759 1096 1846 μή
1118 1754 1287 1848 ἀγράφους
1308 1760 1475 1848 έπειςάγε-

255 1867 342 1930 σθαι
363 1862 475 1941 λέξεις.
520 1862 572 1927 ναί
603 1859 686 1940 έδει,
716 1866 818 1948 φαίην
841 1855 881 1928 ἀν
902 1862 957 1927 καὶ
980 1861 1093 1948 έγωγε,
1124 1856 1338 1947 ἀκριβέστερα
1358 1861 1419 1948 γὰρ
1441 1863 1477 1930 έκ

253 1967 320 2031 τιῦν
341 1964 477 2050 γραφῶν
498 1962 624 2046 μᾶλλον
646 1955 667 2047 ἢ
688 1960 724 2040 ἐξ
745 1960 864 2049 ἑτέρων
876 1961 945 2028 ἐστὶ
957 1960 999 2028 τὰ
1009 1964 1067 2050 τῆς
1077 1957 1239 2049 ἀληθείας
1248 1968 1476 2051 γνωρίσματα·
1608 2003 1609 2010 1

254 2058 323 2132 ἀλλ’
347 2059 367 2151 ή
395 2061 577 2151 κακοήθεια
603 2065 656 2129 καὶ
683 2060 768 2146 μετά
794 2068 997 2148 πανουργίας
1023 2064 1232 2150 παλίμβολος
1254 2058 1388 2149 ἀσέβεια
1409 2066 1475 2132 τῶν

253 2161 333 2251 περὶ
354 2161 515 2250 Εῦσέβιον
537 2158 706 2252 ήνάγκασε,
729 2159 821 2229 καθά
836 2171 1011 2247 προεῖπον,
1034 2161 1111 2242 τοῦς
1126 2161 1340 2244 ἐπισκόπους,
1364 2163 1476 2232 λευκό-
1608 2159 1609 2202 ί

252 2290 348 2354 τερον
370 2265 536 2333 ἐκθέσθαι
556 2262 598 2330 τὰ
618 2263 677 2351 τήν
698 2258 852 2348 ἀσέβειαν
873 2257 981 2330 αῦτῶν
1004 2257 1231 2351 ἀνατρέποντα
1245 2263 1382 2351 ῥήματα.
1420 2267 1475 2332 καλ

253 2365 296 2434 τὰ
315 2369 376 2452 μὲν
398 2363 491 2454 παρὰ
512 2367 569 2450 τῆς
592 2362 731 2431 συνόδου
753 2361 924 2451 γραφέντα
941 2363 1089 2430 διάνοιου
1113 2357 1218 2451 ὀρθήν
1241 2364 1356 2447 ἔχοντα
1371 2365 1475 2433 δέδει-
1533 2440 1539 2452 ,
1608 2353 1609 2368 ’

253 2493 343 2548 κται,
366 2469 433 2534 τιῦν
456 2461 487 2532 δ’
508 2460 689 2551 Ἀρειανεῦν
709 2467 764 2530 καὶ
786 2463 828 2530 τὰ
850 2462 988 2549 λογάρια
1010 2462 1125 2551 σαθρὰ
1145 2467 1200 2531 καῖ
1223 2459 1242 2530 ό
1262 2465 1388 2552 τρόπος
1409 2488 1474 2532 πο-

253 2567 350 2656 νηρὸς
372 2566 485 2656 ἐφάνη.
530 2564 665 2651 καὶγὰρ
687 2563 801 2632 καῖ-τό
824 2560 978 2651 ἀγένητον
1000 2562 1105 2650 όνομα
1127 2565 1214 2633 ἰδίαν
1237 2565 1309 2649 έχον
1324 2565 1474 2633 διάνοιαν

253 2672 307 2736 καὶ
336 2667 514 2752 δυνάμενον
537 2661 679 2752 εῦσεβιῦς
702 2671 937 2754 προφέρεσθαι
959 2660 1054 2732 αῦτοὶ
1076 2666 1179 2734 πάλιν
1200 2665 1284 2734 κατὰ
1305 2665 1362 2752 τήν
1386 2667 1473 2734 ἰδίαν

254 2769 450 2857 ἐνθύμησιν,
481 2763 525 2847 ὥς
553 2762 738 2856 ἠθέλησαν,
769 2762 986 2852 ὀνομάζουσιν
1015 2760 1066 2834 ἀπ’
1091 2761 1208 2854 ἀτιμίᾳ
1234 2770 1293 2832 τοῦ
1316 2771 1472 2866 σωτῆρος,

253 2871 309 2937 ῖνα
329 2869 431 2956 μόνον
454 2865 498 2948 ὡς
519 2865 667 2954 γίγαντες
687 2867 866 2953 θεομάχειν
889 2869 1130 2956 φιλονεικοῦσιν.
1176 2861 1244 2933 ἀλλ’
1270 2864 1346 2935 οῦτε
1367 2867 1475 2936 ἐκεῖνα

253 2971 295 3038 τὰ
316 2971 454 3058 λογάρια
476 2975 701 3058 προφέροντες
723 2969 853 3054 ἔμειναν
876 2963 1136 3055 ἀκατάγνιυστοι,
1161 2965 1237 3036 οότε
1257 2966 1297 3035 τὸ
1319 2965 1474 3056 ἀγένητον

252 3074 360 3152 καλῶς
391 3077 445 3140 καί
475 3066 617 3157 εὗσεβῶς
645 3069 824 3154 δυνάμενον
854 3064 1094 3155 ὀνομάζεσθαι,
1128 3065 1218 3153 ὅμως
1244 3072 1351 3148 κακοῖς
1379 3064 1472 3138 αὐτοὶ

254 3177 460 3261 φρονοῦντες,
484 3174 602 3240 λαθεῖν
625 3165 683 3238 οῦκ
703 3167 931 3259 ἠδυνήθησαν·
952 3166 1223 3257 κατησχόνθησαν
1244 3168 1305 3256 γάρ
1328 3170 1362 3238 ἐν
1377 3173 1473 3252 πᾶσι,

252 3271 309 3338 καὶ
330 3269 348 3360 ή
372 3273 499 3357 αἵρεσις
521 3268 628 3339 αὐτῶν
651 3271 866 3358 έστηλιτεόθη
889 3272 1067 3352 πανταχοῦ.
1111 3272 1216 3336 ταῦτα
1235 3277 1305 3355 μέν,
1330 3267 1375 3350 τός
1396 3267 1474 3359 ήδυ-

254 3372 375 3458 τήθην,
406 3368 701 3457 ἀπομνημονεύσας
726 3371 768 3437 τὰ
794 3371 828 3437 έν
856 3395 894 3456 τη
918 3368 1046 3456 συνόδῳ
1067 3369 1143 3438 τότε
1164 3376 1358 3457 πραχθέντα
1380 3370 1474 3458 δεδή-

169 3474 359 3538 εκεελιυκα·
395 3467 471 3536 οῖδα
500 3469 535 3535 δέ
564 3465 616 3535 ότι
642 3473 709 3536 τῶν
733 3468 960 3555 χριοτομάχων
990 3471 1023 3537 οἱ
1050 3471 1218 3559 φιλέριδες
1244 3465 1321 3538 οῦδὲ
1349 3471 1473 3539 τοότιυν

254 3566 452 3649 ἀκούσαντες
471 3569 741 3653 μεταβάλλεσθαι
763 3568 973 3654 θελήσουσιν,
998 3565 1082 3638 ἀλλὰ
1101 3572 1384 3660 περιδραμοῦνται
1405 3573 1473 3640 πά-

253 3674 305 3740 λιν
334 3671 447 3757 έτέρας
477 3670 646 3756 ζητοῦντες
673 3669 876 3756 προφάσεις,
905 3675 958 3738 καῖ
987 3671 1071 3756 μετὰ
1092 3673 1213 3750 ταύτας
1235 3672 1337 3740 πάλιν
1360 3674 1473 3759 ἑτέρας

253 3773 478 3861 έπινοήσουσι.
522 3769 605 3836 κατὰ
626 3767 687 3856 γάρ
709 3769 747 3836 τὸ
770 3770 992 3858 προφητικόν’
1022 3772 1051 3839 εἰ
1073 3766 1248 3852 ἀλλάξεται
1268 3774 1412 3858 Αἰθίοψ
1432 3773 1471 3840 τὸ

254 3877 357 3960 δέρμα
379 3869 567 3953 αὐτοῦκαὶ
588 3869 754 3958 πάρδαλις
775 3870 817 3937 τὰ
838 3875 1042 3957 ποικίλματα
1064 3871 1202 3962 αῦτήςῖ),
1225 3873 1281 3942 καὶ
1303 3870 1396 3942 αὐτοὶ
1411 3881 1473 3942 θε-

253 3975 409 4064 λήσουσιν
432 3970 574 4059 εὐσεβῶς
595 3981 731 4062 φρονεῖν
752 3973 981 4061 μεμαθηκότες
1002 3969 1143 4060 ἀσεβεῖν.
1176 3975 1216 4042 σὺ
1230 3981 1290 4059 μέν
1305 3999 1367 4056 τοι,
1392 3971 1473 4062 ἀγα·
1608 4045 1609 4050 ,

253 4083 353 4163 πητέ,
385 4075 559 4159 δεξάμενος
588 4075 697 4157 ἐ’ντυχε
725 4073 808 4141 κατὰ
836 4075 971 4156 σαυτόν,
1000 4075 1057 4142 καὶ
1080 4077 1109 4144 εί
1131 4076 1344 4160 δοκιμάσειας
1365 4078 1473 4153 καλῶς
1608 4079 1609 4110 ¹

254 4173 521 4262 έχειν,ἀνάγνωθι
547 4176 603 4242 καὶ
630 4185 702 4253 τοῖς
728 4175 804 4242 τότε
831 4179 996 4260 παροῦσιν
1019 4171 1191 4263 ἀδελφοῖς,
1222 4177 1277 4242 ἵνα
1298 4179 1352 4242 καὶ
1376 4173 1472 4244 αῦτοῖ

252 4280 356 4344 ταῦτα
376 4276 544 4361 μαθόντες
565 4270 793 4354 ἀποδέξωνται
814 4279 874 4360 μὲν
895 4279 954 4363 τῆς
976 4275 1114 4342 συνόδου
1136 4275 1193 4342 τὸν
1209 4276 1304 4362 ζῆλον
1318 4279 1377 4362 τῆς
1392 4272 1472 4361 ἀλη-
1608 4335 1609 4338 ,

252 4385 350 4455 θείας
364 4377 418 4444 καὶ
439 4375 497 4465 τήν
518 4379 576 4463 τῆς
599 4376 748 4454 διανοίας
770 4371 946 4462 ἀκρίβειαν,
969 4379 1154 4463 καταγνοῦσι
1177 4377 1212 4443 δὲ
1234 4378 1291 4464 τῆς
1312 4379 1379 4442 τῶν
1399 4399 1472 4461 χρι-
1607 4351 1609 4436 λ

322 4600 346 4661 1)
364 4597 439 4650 θελοι.
458 4599 483 4662 4,
501 4599 524 4651 6.
595 4598 620 4662 2)
639 4600 725 4650 lerem.
746 4599 785 4662 13,
804 4597 844 4648 2³.
