3226 5280
446 357 591 400 semrom
606 357 644 399 nr
659 355 803 400 omnis
818 357 961 398 nimam
976 356 1094 398 srnnnr.
1345 341 1387 402 tr

151 531 208 576 nan
232 521 284 572 est
306 509 427 578 minor:
449 508 597 586 siquidem
618 509 655 580 ie,
678 507 729 586 qui
750 505 841 576 ilium,
864 509 914 586 qni
936 509 968 568 in
988 507 1075 568 Patre
1098 517 1154 578 est,
1177 507 1208 567 in
1230 526 1291 586 quo
1314 507 1471 568 itemrtn.

155 624 196 676 est
218 615 331 684 Pater,
352 609 403 689 qui
426 617 456 671 et
478 609 555 670 idem
578 608 663 670 dicit:
687 608 747 690 qu
771 621 798 672 et
821 609 1031 670 Paterninum
1054 627 1174 678 sunus,
1201 627 1289 687 quem
1311 609 1382 670 item

155 717 201 795 qui
223 715 321 784 videt,
344 712 424 772 ridet
446 717 476 770 et
496 710 629 782 Patrem,
652 710 718 789 qui,
741 712 876 789 inquam,
900 710 982 769 ilium
1005 727 1038 768 re
1060 708 1155 784 aliqua
1177 719 1297 770 ertema
1317 731 1384 772 me-

152 818 259 878 dorem
281 813 379 886 reddi,
402 813 485 872 hisee
506 812 676 873 nominihus
698 812 858 890 significari
881 817 980 887 putat,
1002 827 1057 868 nae
1080 809 1129 868 ille
1151 809 1281 868 omnium
1303 811 1384 872 insa-

151 920 302 980 nissimus
331 914 440 976 merito
467 913 620 974 habendus
649 913 698 972 sit.
743 912 852 971 Verum
881 910 922 970 illi
944 909 1013 970 hinc
1035 927 1154 988 quoque
1175 908 1280 969 deiecti
1302 919 1387 988 atque

152 1023 181 1082 in
202 1035 361 1088 summas,
385 1023 418 1077 ut
438 1015 615 1086 Eusebiani,
638 1013 755 1074 adducti
778 1012 945 1090 angustias,
969 1011 1005 1072 ad
1029 1011 1099 1072 illud
1121 1021 1276 1089 pestremo
1298 1029 1388 1087 argu-

23 1150 53 1208 Ιι,
152 1129 291 1182 mentum
324 1118 512 1195 confugiunt,
545 1115 626 1194 quod
660 1115 724 1192 ipse
746 1113 834 1174 Arios
862 1114 925 1173 suis
955 1113 986 1172 in
1015 1111 1211 1172 eantionrulis
1235 1121 1265 1172 et
1287 1111 1389 1172 Thalia

152 1221 234 1283 reiut
268 1219 431 1297 desperans
464 1218 599 1279 effutivit.
652 1215 785 1288 „nutu
818 1215 970 1292 inquiunt,
1003 1214 1093 1274 verba
1133 1214 1264 1291 loquitur
1296 1212 1387 1274 fleus.

157 1321 283 1396 „Quale
307 1337 377 1398 ergo
399 1321 507 1380 horum
529 1318 635 1379 Piliam
657 1317 711 1378 Dei
728 1327 757 1377 et
773 1315 901 1376 i'erbum
923 1316 1106 1393 unigenitum
1129 1315 1225 1376 Patris
1248 1334 1317 1374 esse
1339 1313 1387 1373 di-

156 1419 334 1496 „eimus?“
379 1419 484 1480 Stolidi
507 1427 588 1480 eerte
610 1418 651 1478 illi
674 1427 704 1479 et
726 1417 841 1497 quidvis
864 1417 962 1496 potius
979 1435 1066 1496 quam
1082 1413 1257 1477 Christiani!
1287 1415 1388 1476 Primo

155 1525 235 1586 enirn
258 1523 330 1584 dum
351 1523 424 1582 haec
445 1522 483 1582 de
504 1521 566 1582 Deo
589 1520 766 1600 loquuntur,
795 1537 899 1599 parum
922 1519 1006 1579 abest
1026 1518 1098 1597 quin
1118 1519 1272 1579 hominem
1293 1515 1385 1576 Deum

157 1643 225 1686 esre
248 1622 429 1696 existiment,
451 1623 559 1702 quippe
581 1621 632 1701 qui
654 1623 698 1683 sic
720 1622 858 1700 loquatur
879 1629 908 1681 et
928 1621 1029 1700 priora
1054 1619 1141 1681 rerba
1163 1618 1251 1680 noris
1273 1618 1383 1678 immu-

160 1735 214 1796 tet,
248 1724 334 1804 quasi
366 1743 457 1784 unum
488 1723 615 1790 Verbum
644 1743 661 1784 a
689 1723 751 1784 Deo
783 1721 929 1800 prolatum
963 1741 1024 1783 non
1052 1721 1124 1783 satis
1153 1721 1194 1780 sit
1221 1720 1257 1780 ad
1284 1721 1471 1780 omninum

158 1827 298 1898 aeanda,
326 1845 402 1904 quae
424 1825 512 1886 Pater
533 1824 714 1896 decreverit,
737 1833 767 1884 et
789 1823 826 1882 ad
848 1823 911 1884 eius
932 1823 1148 1902 providentiam
1171 1822 1383 1900 exequendam.

156 1926 247 1986 diuite
266 1927 344 1988 enim
367 1926 449 1987 ilium
471 1926 552 2005 loqui
574 1925 671 1998 verba,
695 1925 812 2002 signum
834 1934 879 1985 est
900 1924 1057 1984 verbonrm
1080 1925 1211 1986 omnium
1227 1920 1385 1984 imbecilli·

157 2027 241 2100 tatis,
274 2047 343 2089 oiim
377 2027 492 2105 singula
518 2019 639 2088 alterius
668 2025 777 2088 auxiiio
807 2025 966 2103 indigeant.
1010 2024 1104 2084 [ieum
1132 2035 1227 2086 autem
1255 2043 1316 2086 uno
1340 2023 1383 2083 uti

159 2127 263 2200 Verbo,
287 2139 320 2189 ut
341 2145 442 2189 revera
465 2137 527 2203 est,
552 2129 604 2191 Dei
627 2129 743 2190 virtutis
767 2137 797 2188 et
820 2126 906 2186 Verbi
928 2125 965 2185 ab
989 2145 1023 2186 eo
1045 2126 1169 2204 proiecti
1191 2125 1381 2204 perfectionis

156 2229 296 2292 indicium
319 2237 405 2308 atque
426 2241 631 2310 argumentum
653 2240 709 2304 est,
733 2249 787 2292 nec
810 2247 870 2288 non
893 2227 1010 2288 illorum
1032 2227 1160 2305 pietatis,
1184 2227 1233 2307 qui
1256 2228 1295 2287 ita
1309 2245 1380 2287 sen-

156 2332 241 2392 tiunt.
726 2395 731 2411 ‚

242 2435 293 2496 17.
315 2509 319 2516 ¹
338 2431 454 2493 Utinam
475 2452 547 2493 vero
569 2435 671 2494 saltem
693 2453 729 2494 ex
750 2433 813 2503 his,
837 2449 912 2509 quae
934 2448 1013 2490 nunc
1033 2431 1205 2508 proferunt,
1228 2429 1395 2488 veritatem·

156 2533 243 2593 interi
265 2530 364 2591 velint.
408 2533 481 2592 Nam
508 2533 534 2592 si
557 2534 647 2593 semel
669 2534 847 2605 concedant,
878 2531 973 2592 Deum
1002 2531 1090 2591 verba
1118 2532 1270 2609 proferre,
1300 2528 1381 2588 iilum

154 2633 277 2692 Patrem
305 2647 372 2688 esse
401 2631 523 2689 omnino
552 2631 685 2706 ignorare
706 2651 767 2692 non
788 2640 926 2711 possunt.
971 2633 1039 2703 Quo
1060 2631 1129 2692 dato
1151 2629 1316 2696 attendant,
1339 2644 1382 2694 se,

162 2731 236 2788 dum
258 2744 350 2785 unum
371 2745 438 2785 esse
461 2727 513 2785 Dei
534 2727 661 2788 Verbum
682 2732 785 2791 nolunt
808 2734 902 2799 fateri,
924 2733 1087 2793 multorum
1108 2741 1224 2810 patrem
1246 2747 1315 2788 eum
1338 2727 1384 2784 sa·

166 2843 245 2886 eere.
291 2823 397 2884 Verum
421 2823 473 2884 ssei
494 2825 611 2902 quidem
626 2828 752 2890 Verbum
775 2849 843 2890 esse
865 2831 969 2890 nolunt
990 2833 1130 2904 inficiari3
1153 2831 1208 2891 sed
1231 2827 1303 2887 iliud
1318 2844 1385 2887 esse

160 2924 217 2987 Dei
248 2923 341 2984 filium
371 2941 434 2984 non
459 2926 661 3000 consentiunt,
688 2929 766 3005 quod
795 2931 926 3006 protecto
956 2950 991 2990 ex
1012 2931 1146 2991 veritatis
1169 2925 1336 3006 ignorantis
1357 2935 1387 2987 et

159 3027 329 3088 divinarum
352 3025 574 3104 scripturarum
607 3028 723 3088 inscitia
754 3030 900 3106 provenit.
943 3031 1015 3090 Nam
1047 3031 1074 3089 si
1102 3047 1172 3087 vere
1200 3028 1280 3087 neos
1302 3026 1386 3088 Pater

159 3137 205 3190 est
228 3126 334 3199 Verbi,
364 3145 418 3188 cur
446 3127 495 3206 qui
518 3127 662 3206 gignitur,
684 3129 862 3194 Filiusnon
883 3129 944 3190 siti
989 3129 1064 3200 Quis
1087 3137 1185 3190 autem
1206 3146 1310 3190 rursus
1331 3129 1383 3192 ssei

157 3229 236 3290 iilius
258 3228 358 3308 possit
379 3248 450 3289 esse
472 3238 591 3308 praeter
612 3231 676 3292 eius
691 3229 842 3292 Verbum?
884 3229 1000 3291 Etenim
1023 3247 1083 3290 non
1105 3230 1380 3304 minitasuntverbo,

158 3351 195 3392 ne
217 3331 332 3410 singula
356 3331 528 3410 imperfecta
551 3341 580 3392 et
601 3352 694 3412 egena
716 3333 794 3406 sint,
825 3333 877 3394 sed
907 3351 997 3394 unum
1024 3342 1070 3395 est
1093 3333 1235 3407 Verbum,
1265 3345 1325 3395 tum
1348 3345 1381 3398 ut

158 3433 255 3512 ipsum
278 3432 377 3492 solum
400 3431 440 3491 sit
461 3435 631 3512 perfectum,
655 3443 716 3496 tum
739 3435 807 3512 quia
829 3453 896 3496 curn
910 3434 988 3496 fleus
1012 3455 1088 3496 unus
1110 3437 1159 3506 sit,
1184 3455 1240 3496 una
1263 3455 1380 3514 quoque

160 3533 223 3594 eins
247 3534 354 3612 imago,
379 3552 455 3612 quae
478 3534 542 3612 ipsa
563 3535 654 3597 Filius
678 3545 733 3608 est,
756 3535 843 3597 debet
865 3557 942 3598 esse.
986 3537 1117 3617 Namque
1140 3537 1192 3598 nei
1214 3537 1325 3610 Filius,
1348 3549 1380 3599 ot

160 3651 193 3693 ex
215 3635 294 3714 ipsis·
310 3633 470 3712 Scriptun‘s
492 3635 559 3696 iicet
581 3637 705 3710 discere,
727 3637 805 3698 idem
820 3647 866 3700 est
876 3639 926 3699 Dei
939 3639 1070 3712 verbum,
1093 3640 1247 3717 sapientia,
1271 3639 1378 3717 imago,

158 3753 264 3795 manus
287 3745 316 3796 et
336 3735 437 3796 virtus.
484 3737 564 3797 Unus
587 3737 665 3799 enim
688 3746 733 3800 est
747 3739 798 3800 Dei
822 3741 911 3812 setus,
934 3740 1064 3818 haecque
1087 3749 1158 3799 sunt
1178 3741 1295 3814 indicia,
1311 3759 1380 3801 eum

159 3854 193 3896 er
214 3836 302 3896 Patre
330 3855 397 3897 esse
423 3837 563 3914 genitum.
608 3840 674 3900 Sive
703 3839 782 3900 enim
804 3841 909 3901 Filium
938 3841 1065 3909 dixeris,
1095 3839 1125 3899 id
1153 3841 1232 3918 quod
1254 3862 1289 3902 ex
1313 3843 1378 3920 ipso

160 4023 196 4068 ios
222 4022 275 4067 iibri
293 4024 365 4082 stolus
382 4019 461 4070 moitis
480 4029 513 4068 est
532 4028 552 4068 et
572 4024 699 4071 dissolutus
718 4039 744 4072 ne
798 4022 927 4071 Cuntiienas
952 4027 1071 4084 nauticas,
1099 4028 1210 4075 molarios
1229 4036 1249 4077 et
1267 4033 1378 4077 sintarine

161 4088 266 4136 Sotadeis
293 4091 413 4137 cantilenis
435 4089 576 4152 persimilis,
603 4105 668 4152 quem
692 4097 745 4138 tunc
797 4093 958 4152 composuisse,
978 4094 1083 4155 aliasque
1101 4110 1180 4142 rursus
1199 4098 1271 4143 editas
1291 4101 1315 4143 io
1333 4113 1377 4143 nn-

160 4153 268 4214 Synvdm
286 4156 407 4214 (nicaena)
427 4157 593 4206 condemnarit.
628 4157 692 4205 itaer
705 4157 744 4204 ibt.
794 4171 869 4205 meros
888 4160 1010 4220 redeqisre,
1031 4165 1180 4225 quoscunque
1192 4166 1311 4212 contradite
1326 4167 1377 4212 esi-

162 4221 251 4268 bcnbit
269 4236 364 4286 qnoque
381 4225 557 4284 Philostorgius
577 4225 617 4272 tib.
630 4224 658 4273 ΙΙ.
678 4241 699 4273 e.
711 4222 744 4284 2,
795 4228 910 4274 stimaan.

160 4288 251 4364 qriiim,
265 4303 316 4364 'quo
335 4305 441 4340 errorem
461 4291 744 4348 faritiusdisseniinaret.
830 4308 848 4340 e.
870 4296 924 4352 neg,
944 4293 999 4342 rna
1017 4298 1103 4345 omittit
1129 4311 1230 4360 moxque
1249 4299 1320 4346 habet
1338 4289 1378 4344 εὐ-

162 4367 274 4432 ςσματα
292 4371 318 4404 τε
340 4353 453 4406 ναυτικὰ
476 4355 523 4406 καὶ
546 4353 674 4424 inaudite
697 4355 744 4407 καὶ
796 4356 995 4422 dedidissent.
1032 4367 1075 4412 Atii
1095 4373 1173 4413 autern
1192 4375 1215 4414 et
1228 4357 1377 4426 editidosssri

161 4418 323 4488 οδοιπορικὰ
339 4421 456 4506 γράψαι,
476 4423 566 4475 καίτοι
575 4429 655 4481 andis·
663 4420 742 4492 ἕτερα
795 4423 913 4484 σύνεσιν.
933 4441 958 4480 nt
976 4441 998 4480 et
1017 4433 1123 4479 Nannios
1143 4433 1207 4492 tagii,

163 4488 328 4539 συντεθέντα
350 4507 387 4546 εις
408 4490 543 4559 μελῳδίας
560 4489 689 4552 ἐκτεῖναι,
711 4491 743 4550 ἃς
828 4499 850 4546 d.
871 4499 926 4558 iteg.
944 4497 1049 4560 γεννῶν
1065 4492 1138 4560 indm
1157 4501 1281 4548 mendose.

162 4549 284 4621 ἰνόμιζεν
311 4553 434 4614 ἑκάστοις
464 4555 600 4629 ἁρμόζειν.
639 4565 665 4614 id
690 4573 739 4615 est:
827 4551 1074 4630 e.1}abestaiteg.
1095 4569 1270 4616 etBesdiensi.
