3162 5308
519 399 625 443 omrro
642 400 679 442 rr.
696 400 811 442 course
825 399 961 444 annuos.
1265 385 1326 448 657

99 553 217 634 ficium
234 570 296 634 pro
315 561 438 632 peccato
461 561 523 622 tuo,
547 561 576 612 et
598 551 677 632 offer
699 551 907 614 holocaustum
929 561 1022 620 mum,
1045 560 1075 612 et
1095 549 1256 630 deprecare
1267 565 1411 631 prorsas

102 667 134 718 te
160 665 194 720 et
211 675 271 737 pro
294 656 379 718 domo
402 662 463 724 tuo,
486 663 516 714 et
535 651 586 730 soc
610 653 687 713 douc
704 653 821 731 populi,
845 661 874 713 ot
895 653 1057 731 deprecere
1075 669 1135 732 pro
1158 653 1230 724 illis,
1253 657 1331 714 sicut

98 761 268 838 proecepit
288 756 435 818 Dominus
458 753 565 834 Moysi.
609 752 683 814 Ecce
705 753 754 832 bic
775 753 906 831 quamvis
928 770 1003 814 unus
1027 753 1065 814 sit
1085 753 1209 831 Moyses,
1232 761 1329 814 tamen

101 859 178 938 ipse
200 859 316 938 Moyses
338 857 416 919 velut
437 855 474 916 de
496 855 552 916 alio
567 855 667 933 Moyse
687 854 773 916 dicit:
796 858 874 916 sicut
892 859 1046 935 proecepit
1061 853 1206 916 Dominus
1222 854 1329 934 Moysi.
1415 833 1423 856 ⁸

104 961 162 1022 Sic
192 979 261 1039 ergo
291 957 406 1021 etiamsi
433 956 536 1019 beatus
558 956 664 1016 Petrus
692 955 822 1016 divinum
850 954 978 1040 Verbum
1005 954 1073 1018 liliis
1094 956 1186 1016 lsrael
1207 973 1261 1034 per
1281 955 1329 1016 le-

105 1081 182 1124 sum
205 1061 354 1124 Christum
375 1059 502 1122 niissum
524 1077 591 1120 esse
612 1057 698 1130 dicat,
721 1075 782 1117 non
800 1056 909 1118 idcirco
926 1057 1153 1119 existimandum
1175 1065 1231 1130 est,
1254 1047 1330 1120 aliud

106 1183 182 1228 esse
203 1163 330 1226 Verbum
352 1171 380 1222 et
401 1160 491 1222 alium
513 1178 580 1222 esse
595 1159 754 1232 Christum,
776 1159 828 1220 sed
851 1177 941 1220 unum
957 1159 1140 1239 eundemque
1156 1177 1233 1234 esse,
1255 1177 1328 1238 pro-

106 1273 183 1346 pter
205 1283 290 1326 suam
310 1281 415 1344 nempe
437 1281 503 1324 cum
525 1262 651 1323 humana
673 1269 793 1333 natura,
816 1278 901 1339 quam
925 1260 1021 1322 diviua
1042 1261 1128 1341 plane
1150 1261 1329 1340 benignitate

108 1374 143 1428 et
168 1349 319 1430 clementia
341 1365 498 1438 assumsit,
527 1363 781 1436 coniunctionem
814 1361 912 1441 quisi
935 1363 1022 1424 ctiam
1044 1362 1198 1442 dupliciter
1219 1361 1329 1424 intelli-

106 1476 216 1546 gatur,
238 1486 298 1528 non
321 1467 360 1528 ita
382 1474 496 1538 tamen,
525 1473 557 1528 ut
577 1464 704 1526 Verbum
728 1472 894 1544 separatum
916 1464 1114 1543 concipiatur,
1137 1463 1222 1525 sicuti
1245 1463 1331 1526 docet

106 1569 231 1632 divinus
253 1569 380 1630 loannes
403 1583 469 1628 cunr
492 1565 546 1626 ait:
575 1565 614 1627 Et
638 1565 761 1628 Verbum
785 1584 855 1627 coro
878 1567 994 1645 sactum
1015 1571 1061 1648 tet
1082 1576 1112 1628 et
1133 1567 1278 1630 dubitavit
1299 1571 1332 1628 io

105 1672 212 1734 uobis.
256 1670 357 1750 ltaque
379 1667 616 1748 quandoquidem
637 1667 678 1740 id,
700 1667 778 1746 qnod
800 1667 950 1746 praeclare
971 1687 1005 1729 ac
1026 1675 1105 1729 recte
1128 1686 1144 1728 a
1165 1667 1250 1729 beato
1272 1666 1330 1728 Pe-

107 1781 162 1834 tro
186 1773 295 1834 dictum
325 1777 386 1842 est,
416 1768 492 1831 male
520 1787 554 1830 ac
580 1787 718 1848 perverse
747 1769 912 1848 intelligunt
939 1769 1158 1832 samosatensis
1186 1769 1330 1848 discipuli,

105 1880 198 1954 patet
220 1872 286 1932 illos
309 1871 338 1932 in
360 1871 481 1932 veritate
502 1889 562 1932 non
586 1879 674 1932 stare.
718 1871 848 1950 Namque
871 1870 1007 1932 Christus
1030 1871 1060 1931 in
1082 1871 1231 1950 Scriptura
1248 1888 1331 1940 sacra

105 1983 272 2052 utrumque
294 1991 360 2034 esse
381 1973 570 2052 significatur,
592 1981 625 2034 nt
645 1989 711 2034 cum
733 1973 852 2034 dicitur:
878 1974 1015 2036 Christus
1033 1973 1092 2036 Dei
1112 1977 1211 2036 uirtus
1233 1972 1334 2035 etDer'

108 2079 273 2156 supientia.
318 2075 460 2148 Quocirca
482 2075 675 2136 cumrl'etrus
698 2075 739 2136 ait
758 2075 887 2138 Verbum
908 2094 963 2154 per
975 2075 1074 2138 lesum
1090 2075 1239 2136 Christum
1254 2073 1330 2136 mis·

112 2193 185 2238 sum
214 2195 280 2238 esse
307 2177 343 2238 ad
372 2175 449 2236 lilios
470 2175 577 2249 lsrael,
605 2175 664 2237 hoc
690 2175 820 2238 indicare
846 2176 1039 2256 intelligatur,
1070 2195 1176 2257 nempe
1204 2177 1330 2238 Verbum

54 2279 57 2292 '
113 2296 234 2340 carnem
257 2279 363 2340 lactum
392 2278 459 2340 liliis
480 2277 571 2340 lsrael
588 2277 776 2357 apparuisse,
799 2286 831 2339 ut
851 2279 955 2340 loanni
978 2288 1122 2341 consonet
1144 2279 1266 2358 dicenti:
1294 2278 1333 2340 lit

119 2379 247 2442 Verbum
269 2397 340 2443 coro
361 2381 477 2458 suctum
499 2386 552 2442 est:
598 2379 630 2440 Si
657 2397 726 2440 vero
749 2379 857 2442 dictum
878 2380 949 2442 illud
972 2381 1055 2444 aliter
1077 2387 1233 2461 exponunt,
1255 2379 1330 2440 Ver-

113 2480 244 2560 bumque
266 2482 395 2542 diuinum
418 2481 551 2543 essenti
573 2499 674 2542 revera
697 2489 743 2542 est
763 2483 937 2546 confitentes
960 2491 1123 2546 assumtum
1140 2481 1175 2542 ab
1191 2483 1257 2560 ipso
1272 2478 1330 2542 ho·

117 2581 245 2654 minem,
279 2583 325 2644 cui
347 2582 534 2644 coniunctum
564 2601 629 2644 esse
652 2582 795 2658 creditur,
824 2583 860 2645 ab
883 2603 919 2646 eo
941 2584 1030 2646 veiint
1051 2601 1204 2664 separare,
1233 2581 1329 2662 ipsum
1339 2606 1414 2650 eun.

119 2679 230 2740 aientes
251 2697 305 2757 per
325 2680 423 2746 lesum
439 2682 585 2746 Christum
600 2685 724 2746 missum
746 2703 824 2760 esse,
847 2705 918 2748 saue
941 2705 974 2748 ee
995 2684 1152 2766 pugnantia
1175 2683 1256 2763 loqui
1271 2701 1331 2746 non

118 2781 280 2842 attendunt.
326 2780 383 2854 uui
406 2783 485 2844 enim
510 2785 568 2848 boc
593 2785 623 2848 in
650 2785 717 2846 ioco
739 2787 868 2849 divinum
891 2787 1018 2849 Verbum
1041 2805 1056 2846 a
1079 2785 1176 2848 divina
1198 2786 1332 2847 incarna-

118 2881 200 2942 tione
222 2883 389 2961 seiungunt,
412 2883 489 2946 idem
512 2886 609 2966 ipsum
631 2888 816 2950 imminutum
837 2896 960 2968 putant,
983 2907 1049 2952 curn
1072 2887 1195 2950 audiunt
1215 2905 1332 2950 caruem

117 2983 226 3044 lactum
247 3002 330 3058 esse,
351 2985 535 3066 proindeque
558 2989 634 3050 idem
663 2990 783 3051 omnino
813 2990 944 3051 sentiunt
965 3009 998 3056 ac
1020 2989 1165 3063 Gentiles,
1195 2989 1239 3051 uti
1261 3007 1332 3052 sano

117 3083 265 3159 sentiunt,
297 3104 362 3148 cum
390 3087 516 3152 divinam
543 3089 775 3152 incarnationem
803 3091 996 3154 mutationem
1018 3091 1104 3152 Verbi
1132 3107 1200 3152 csse
1228 3091 1330 3172 suspi-

117 3191 229 3248 cantur.

201 3390 250 3452 32.
294 3388 401 3450 Verum
423 3407 483 3452 non
506 3377 546 3452 ita
568 3399 629 3465 est;
658 3391 744 3453 absit
789 3392 1042 3465 Quemadmodum
1070 3391 1148 3456 enim
1171 3393 1330 3474 inexplica-

114 3487 204 3552 bilem
226 3490 365 3558 unionem
387 3492 437 3554 blo
452 3492 607 3572 praedicat
628 3491 764 3568 loannes,
787 3493 927 3574 absorpto
950 3495 1085 3558 uidelicet
1105 3496 1220 3558 mortali
1242 3497 1331 3558 avita

117 3597 147 3652 et
166 3591 202 3654 ab
224 3611 270 3665 eo,
293 3593 343 3672 qui
364 3593 428 3673 ipsa
451 3612 505 3673 per
526 3613 559 3656 se
582 3601 627 3656 est
648 3595 715 3670 rita,
740 3604 772 3657 ul
792 3595 857 3676 ipse
878 3596 914 3658 ad
937 3597 1078 3660 hiartham
1102 3598 1158 3658 ait:
1180 3598 1241 3678 Epo
1263 3613 1331 3660 aum

117 3695 197 3767 cito3
219 3693 257 3754 ita
280 3713 345 3756 cum
366 3694 471 3756 beatus
492 3697 599 3758 Petrus
622 3697 749 3760 Verbum
770 3717 824 3777 per
841 3699 937 3760 lesum
954 3699 1100 3762 Christum
1122 3697 1246 3760 missum
1262 3716 1330 3760 esse

118 3793 204 3869 dixit,
234 3794 361 3856 diuinam
384 3795 448 3857 eius
472 3797 642 3875 significavit
664 3800 815 3860 unionem.
859 3801 931 3861 Nam
954 3808 986 3860 ut
1006 3800 1043 3872 is,
1066 3797 1115 3878 qui
1137 3799 1232 3860 audit:
1259 3798 1330 3860 Ver-

119 3894 186 3956 bum
214 3913 285 3958 coro
315 3899 428 3975 suctum
457 3909 516 3972 est,
549 3916 609 3958 non
641 3898 748 3960 idcirco
777 3901 935 3962 arbitratur
962 3899 1088 3960 Verbum
1117 3899 1241 3979 amplius
1268 3918 1330 3962 non

118 4013 200 4067 esse,
224 3995 302 4074 quod
325 4003 401 4058 certe
422 3997 637 4076 perabsurdum
659 4008 720 4074 est,
742 4001 784 4061 uti
807 3999 950 4076 diximum
981 4001 1021 4062 ita
1042 3999 1092 4079 qui
1114 3999 1241 4062 Verbum
1263 4020 1329 4064 curn
1404 4047 1410 4058 .

117 4205 698 4278 mmfflffmmmfflwm
782 4217 1329 4282 mfflmmmeffimM

28 4273 1414 4362 'pwmmffmmmmmrfflmmmfflmmfflffl-'

117 4352 695 4404 Mhmeffliwommmsmumwm
747 4345 836 4414 άήῃ

118 4419 695 4472 ὼΜωοωωοιῆΜωΛ.Μωωώῆ
781 4417 1329 4492 h.fflpmsmmunffcfflvafflw

119 4479 1209 4558 mmmmwfflbmmdssfflwffifflw.

119 4553 194 4604 Ceteri
213 4563 236 4604 et
254 4557 308 4606 editi
327 4547 358 4603 ori
374 4549 429 4622 γάρ
448 4566 492 4609 etc.
779 4559 795 4608 i.
820 4561 889 4611 Gobl.
909 4555 1016 4628 νομίσῃ.
1054 4563 1106 4612 idox
1124 4563 1222 4624 sepner.
1242 4553 1327 4628 ὥςπερ

151 4621 170 4670 l.
188 4621 257 4671 Forte
275 4614 304 4670 nl
317 4616 378 4691 γάρ.
746 4615 856 4678 ἄτοπον.

150 4706 275 4752 Ατιιιιιιιιι
286 4721 336 4754 cnr.
346 4722 414 4756 noer.
427 4723 475 4756 ren.
1091 4709 1125 4762 4²
