3234 5282
555 451 662 502 ουτω
678 452 710 498 ιι.
726 453 841 499 course
855 453 992 499 tensos.
1305 440 1374 504 ,tlt

146 603 174 668 si
196 609 309 666 oreatus
341 609 403 676 est,
431 618 541 682 resque
571 602 730 666 universae
752 611 867 665 creatae
888 621 942 684 per
964 603 1062 684 ipsum
1084 607 1177 670 saetae
1199 615 1271 671 sunt
1292 606 1462 670 minnist.

145 704 213 785 ipso
235 702 413 778 eonsistnnt,
435 703 586 784 quomodo
609 711 645 765 et·
660 722 710 766 res
733 712 847 766 orestae
870 721 973 766 ereare
995 714 1026 766 et
1047 725 1104 768 una
1118 727 1155 770 ex
1174 710 1276 785 rebus,
1300 728 1377 790 quae

145 805 267 888 inipso
289 805 467 880 consistunt,
489 813 593 885 potest
615 803 709 868 esse?
738 805 822 878 Quee
842 803 961 866 illorum
984 815 1149 869 cominente
1164 827 1232 875 eum
1246 810 1377 876 absurda

147 925 217 969 esse
237 905 401 980 luculenter
422 911 530 987 pateat,
554 914 633 969 eerte
655 925 672 968 a
694 905 819 968 veritate
833 905 898 986 ipsa
921 904 1144 982 convineuntur,
1167 927 1243 990 quae
1257 913 1377 989 quidem

146 1026 206 1071 nos
228 1007 325 1083 donet,
346 1008 430 1072 illum
451 1007 682 1088 primogenitum
704 1008 735 1070 in
756 1007 856 1070 multis
877 1005 1018 1080 iratribus
1041 1007 1081 1070 ob
1103 1009 1200 1071 earnis
1223 1011 1377 1090 oognatio·

146 1128 216 1173 nem
237 1119 374 1173 voeatnm
395 1109 504 1185 luisse,
533 1108 765 1192 primogenitum
787 1127 857 1172 vero
879 1127 916 1172 ex
937 1108 1081 1184 mortuis,
1110 1109 1181 1192 quia
1201 1128 1239 1174 er
1259 1111 1327 1193 ipso
1349 1119 1380 1176 et

147 1218 219 1294 post
238 1211 338 1292 ipsum
359 1219 546 1274 mortuorum
569 1219 618 1274 est
638 1210 836 1285 resurreetio,
867 1209 995 1291 denique
1021 1211 1256 1292 primogenitum
1278 1214 1378 1276 omnis

148 1321 302 1376 creaturae
321 1320 448 1393 propter
461 1311 559 1374 Petris
574 1313 605 1374 in
627 1312 766 1375 homines
785 1311 1008 1392 benignitatem,
1030 1331 1085 1392 per
1099 1331 1188 1393 quam
1203 1333 1265 1378 non
1279 1315 1380 1380 solnm

149 1413 249 1476 emnia
270 1412 301 1476 in
327 1414 425 1494 ipsius
452 1413 549 1476 Verbo
578 1413 740 1476 constitute
768 1420 855 1487 sunt,
887 1431 990 1476 remur
1020 1413 1087 1494 ipsa
1116 1414 1205 1478 etiem
1232 1423 1377 1492 mmtura,

149 1531 233 1596 quae,
256 1523 289 1576 ut
310 1515 352 1577 ait
370 1515 542 1596 Apostolus,
565 1516 781 1578 revelationem
799 1513 938 1606 tiliorum
960 1513 1018 1576 Dei
1038 1527 1210 1596 eepeetuee,
1235 1517 1379 1582 liberabi-

150 1626 205 1680 tur
225 1635 245 1679 o
268 1621 414 1680 emitote
438 1621 646 1696 corruptionis
667 1621 701 1679 in
717 1615 888 1680 intercutem
901 1613 1019 1694 gloriae
1032 1613 1170 1696 filiorum
1184 1618 1251 1682 liei.
1286 1619 1377 1684 Cuius

149 1715 210 1780 beo
230 1725 315 1794 paeto
336 1716 477 1782 liberatae
499 1735 556 1780 nee
575 1736 638 1779 non
659 1717 808 1791 omnium,
836 1717 886 1796 qui
916 1715 967 1779 lilii
990 1719 1058 1779 laeti
1079 1718 1205 1793 inerint,
1233 1719 1377 1786 [lominus

150 1814 369 1896 primogenitus
392 1820 509 1881 iuturus
537 1826 600 1893 est,
628 1827 661 1880 ut
687 1836 754 1880 eum
781 1819 847 1897 ipse
868 1818 983 1899 primus
1005 1819 1127 1892 dicittsr,
1157 1837 1192 1881 ea
1213 1839 1288 1899 qnae
1309 1827 1380 1900 post

152 1915 252 1996 ipsum
275 1925 360 1992 sunt,
393 1925 604 1998 perseverent,
632 1927 665 1981 ut
692 1926 762 1998 pote
785 1937 860 2000 quae
881 1937 917 1981 ex
939 1918 1036 1980 Verbo
1061 1927 1200 2002 unquam
1222 1939 1259 1996 ex
1279 1921 1378 2001 aliquo

151 2017 300 2099 principio
321 2019 480 2100 pendeant.

238 2123 291 2186 64.
335 2121 413 2184 Sane
434 2141 491 2185 nee
512 2139 567 2204 ego
590 2121 730 2195 dubitem,
754 2121 826 2203 quin
847 2121 933 2202 ipsos
956 2120 1044 2184 etiam
1058 2122 1168 2202 impios
1181 2123 1292 2203 pudeat
1306 2141 1379 2186 snae
1387 2131 1469 2177 1²³³!-

149 2221 322 2286 huiusmodi
337 2223 517 2286 sententiae.
562 2221 627 2284 Nisi
649 2223 729 2284 enim
752 2223 792 2284 ite
815 2241 849 2285 se
869 2240 919 2284 res
936 2222 1052 2298 babent,
1075 2223 1118 2286 uti
1134 2224 1378 2305 supradiximus,

153 2324 207 2386 sed
223 2313 298 2386 'enm
320 2329 425 2387 neturi
447 2334 578 2388 creatum
601 2325 679 2386 inter
702 2343 751 2386 res
773 2331 887 2386 creatos
909 2323 999 2386 velint
1025 2343 1093 2388 esse
1121 2343 1223 2388 rerum
1245 2327 1380 2389 omniunt

150 2435 316 2490 creatarum
336 2427 586 2507 primogenitum,
609 2425 844 2487 animadvertant
865 2443 898 2488 se
920 2445 956 2488 eo
977 2445 1212 2508 progressione,
1244 2435 1278 2489 ut
1298 2425 1382 2487 illum

149 2526 304 2590 brutarum
328 2527 522 2592 animantium
544 2543 706 2603 rerumque
727 2524 951 2589 inanimatorum
974 2529 1095 2590 tratrem
1117 2539 1148 2589 et
1162 2525 1289 2588 similem
1312 2543 1383 2587 esse

153 2628 323 2704 opinentur.
368 2627 523 2706 Siquidem
552 2625 607 2686 hae
635 2643 752 2706 quoqne
772 2635 872 2707 partes
896 2637 966 2692 snut
987 2647 1089 2690 rerum
1110 2625 1245 2690 omnium
1267 2633 1382 2687 ereata·

155 2743 232 2787 rum.
275 2726 406 2788 Necesse
434 2734 483 2787 est
512 2734 609 2788 autem
640 2727 867 2808 primogenitum
897 2730 963 2791 solo
993 2739 1129 2809 tempore
1148 2726 1281 2807 primum
1302 2743 1382 2800 esse,

154 2843 266 2906 genere
287 2829 358 2887 reri
381 2835 410 2888 et
431 2825 624 2889 similitudine
646 2829 771 2890 eundem
794 2848 861 2892 esse
882 2848 917 2892 ao
939 2846 1063 2902 omnes,
1095 2843 1224 2906 qnorum
1252 2834 1299 2888 est
1318 2824 1383 2905 pri-

153 2927 337 3008 mogenitus.
379 2929 423 2990 An
445 2945 506 2989 non
525 2947 628 3009 porro,
651 2949 717 2994 oum
732 2930 806 2992 baeu
820 2931 931 3004 dieunt,
956 2945 1075 2990 omnem
1090 2925 1386 3007 praetergrediuntur

154 3026 362 3108 impietatem?
399 3027 473 3102 Quis
494 3047 565 3094 vero
587 3030 660 3092 haee
681 3030 749 3092 illos
771 3030 905 3092 dieentes
927 3026 1026 3090 ierat?
1056 3034 1107 3088 ant
1127 3026 1229 3107 potius
1252 3025 1319 3106 quis
1340 3025 1387 3087 rel

151 3128 225 3192 talia
258 3128 421 3208 cogitantes
451 3130 521 3192 odio
551 3148 613 3192 non
644 3127 868 3210 prosequetur?
913 3127 1011 3189 l’alam
1044 3129 1122 3190 enim
1155 3126 1295 3192 omnibus
1327 3135 1385 3200 est,

153 3247 254 3309 neque
276 3247 343 3291 enm
364 3237 489 3310 propter
511 3249 554 3303 se,
579 3240 718 3310 tanquam
742 3231 769 3292 si
792 3238 907 3292 oreatus
936 3239 1031 3304 esset,
1065 3248 1162 3310 neque
1190 3229 1230 3292 ob
1256 3229 1385 3310 olquam

155 3330 379 3410 cognationem,
414 3349 501 3410 quam
536 3333 701 3393 seeundum
732 3339 866 3394 naturam
896 3349 961 3393 eum
997 3331 1135 3396 omnibus
1162 3329 1254 3394 rebus
1277 3327 1384 3393 creatis

154 3431 279 3505 babeat,
303 3449 404 3496 eurum
427 3451 494 3496 esse
515 3432 749 3514 primogenitum
771 3432 967 3514 appellatum
1000 3434 1053 3496 sed
1076 3439 1221 3513 quatenus
1243 3430 1386 3505 Verbum,

156 3549 224 3594 euro
246 3551 296 3594 ree
325 3541 439 3598 creatas
467 3533 552 3596 initio
582 3533 695 3608 etieeit,
726 3551 761 3596 se
784 3533 820 3596 ad
843 3551 893 3596 eas
920 3533 1049 3613 benigne
1077 3531 1324 3603 accommodarit,
1353 3535 1388 3592 ut

96 3669 101 3676 -
157 3631 222 3695 lieri
242 3641 379 3712 possent.
423 3633 484 3696 Neo
506 3635 585 3697 onim
615 3635 679 3696 eius
708 3645 859 3711 naturam,
890 3651 965 3716 quae
993 3653 1086 3716 purus
1117 3643 1147 3697 et
1174 3641 1317 3715 paternus
1339 3637 1389 3692 est

157 3721 310 3812 splendor,
331 3733 410 3796 lerre
424 3735 605 3814 potuissent,
627 3735 686 3798 nisi
703 3755 736 3798 se
751 3736 789 3799 ad
802 3737 869 3800 illas
882 3745 1005 3816 paterna
1019 3733 1200 3814 benignitate
1215 3748 1386 3794 aooomnre·

157 3912 237 3984 pluo.
263 3909 522 3982 Ricimerem?
543 3909 630 3968 odnie
647 3927 770 3983 συνημ·
833 3931 856 3979 g.
873 3917 1018 3966 l’elelm.2.
1039 3923 1063 3966 et
1079 3915 1136 3965 editi
1154 3905 1271 3982 ἄψόχων
1288 3905 1387 3966 «denir.

157 3981 229 4099 μένα
252 3977 340 4050 ὥςπερ
358 3977 387 4033 ἔκ
404 3997 478 4037 τινος
496 3976 581 4049 ἀρχῆς
598 3973 683 4032 αὐτοῦ
700 3981 749 4032 τοῦ
801 3983 880 4034 Ceteri
894 3997 951 4031 mss.
964 3973 1081 4047 ἀψύχων
1094 3971 1186 4030 odro'v.
1216 3983 1276 4034 ibid.
1287 3983 1387 4046 Segner.

183 4047 190 4064 Ι

176 4065 242 4116 oyoo
267 4047 401 4119 διαμείνῃ.
438 4051 494 4114 Reg.
518 4049 642 4128 upoifov·
654 4041 747 4130 er’rfdr,
799 4049 858 4112 lleg.
877 4049 948 4098 liasil.
959 4047 1026 4128 logi.
1037 4049 1142 4130 Felelng.
1155 4050 1180 4100 l.
1197 4051 1261 4129 ⁰²9·
1273 4041 1391 4110 ainorop'·

159 4115 320 4252 ttttt‘tt
338 4109 751 4266 iiiiirfj.”iii“ssll‘aii'ii
802 4126 918 4235 ‘tf‘s't
934 4115 1315 4247 siliiffdi's'rd'ii‘dif'i.
1329 4184 1390 4236 os.

159 4247 231 4319 μετὰ
254 4253 340 4306 ταῦτα
363 4247 498 4332 diapson,
525 4243 611 4318 deneg
629 4243 658 4302 tx
675 4264 751 4306 τινος
792 4251 828 4304 lt
846 4251 887 4304 alii
905 4259 929 4301 et
946 4253 1003 4304 editi
1020 4249 1143 4302 τοιαῦτα.

162 4313 248 4387 ἀρχῆς
266 4313 351 4370 αὐτοῦ
369 4335 418 4370 του
435 4314 518 4387 λόγου
536 4315 704 4388 συνημμένα.
835 4321 850 4372 i.
875 4320 1015 4402 Segnerien.
1042 4321 1140 4373 Gobler.
1158 4319 1263 4370 ielelrnr.
1282 4319 1305 4369 l.
1324 4325 1347 4368 et
1364 4317 1391 4368 i.

195 4391 212 4438 l.
236 4392 337 4452 Segner.
356 4390 453 4441 Gobler.
472 4390 577 4440 Feltini.
599 4389 620 4439 l.
633 4397 657 4438 et
674 4389 700 4439 b.
713 4380 750 4441 eis
792 4380 864 4438 ὀὔτε
880 4382 909 4437 ds
933 4381 1039 4438 tomes.
1075 4389 1131 4451 [teg.
1150 4393 1175 4437 et
1192 4385 1347 4436 Felclmsnni
1365 4383 1390 4436 b.

158 4451 336 4522 προείπομεν.
360 4457 439 4507 Ceteri
456 4465 480 4506 et
497 4457 554 4508 editi
573 4447 641 4510 dms
676 4448 749 4505 εἴπο-
800 4447 833 4505 od
852 4447 885 4504 δι’
905 4449 1012 4505 ἑαυτόν.
1048 4454 1120 4504 liseil.
1145 4461 1168 4502 et
1185 4453 1253 4514 ingl.
1272 4443 1336 4499 οὐδὲ
1353 4439 1389 4522 ds’

157 4536 221 4587 μεν.
260 4525 334 4574 l’aolo
358 4531 415 4588 poet
443 4523 549 4574 Felolm.
573 4525 597 4574 l.
655 4519 750 4572 leuues
801 4513 895 4574 odeo'v.
931 4523 1010 4574 Ceteri
1029 4527 1054 4570 et
1071 4521 1131 4570 editi
1147 4509 1211 4566 otri
1228 4509 1261 4565 δι’
1281 4511 1389 4564 laetor·

158 4589 275 4654 idemque
293 4599 317 4640 et
333 4593 433 4653 Seguer.
452 4605 480 4640 ao
497 4591 601 4640 Felolrn.
621 4591 644 4639 5.
662 4583 750 4648 πάσης
834 4577 1133 4665 lesegoetllggmdrrie.
1150 4572 1389 4638 dliieteditioee'trdg.

159 4653 211 4716 tis
226 4652 346 4711 atteror.
369 4657 432 4710 Editi
443 4666 467 4708 et
476 4658 517 4707 alii
530 4655 619 4716 πάσης
628 4651 747 4711 solusne.
836 4655 852 4705 l
871 4655 1112 4718 seposueram.
1215 4661 1221 4671 ’
