3258 5276
207 345 270 412 286
611 363 638 406 ε.
653 361 807 406 mmmm
820 359 1047 406 ιεεειεειευονι

122 509 246 576 καδδὲ
267 507 350 588 υίοό,
374 511 449 587 πῶς
470 506 536 595 ἄρα
556 507 614 574 τὸν
635 507 719 575 θεὸν
741 514 873 596 κτίστην
896 501 982 575 εἶναι
1003 509 1128 593 λέγετε,
1151 507 1204 574 ἐί
1215 530 1252 592 γε
1267 506 1325 574 διὰ
1338 505 1438 594 λόγου

207 609 262 676 καὶ
285 608 319 676 ἐν
342 611 448 698 Ισοφίᾳ
469 607 582 676 πάντα
602 609 645 676 τό
665 609 821 695 γινόμενα
842 614 977 694 γίνεται,
999 615 1100 694 χωρίς
1121 633 1158 676 τε
1177 607 1297 674 τούτου
1320 603 1379 675 οόκ
1397 606 1438 676 όν

207 735 242 778 τι
262 715 401 796 γένοιτο,
425 705 483 776 οὐκ
498 710 565 794 έχει
580 710 616 776 δὲ
636 704 719 777 καθ’
743 705 830 794 ὑμᾶς
852 710 886 778 έν
901 699 997 798 ιιόκκαί
1015 704 1061 776 δι’
1087 697 1127 776 οὗ
1143 708 1185 775 τὰ
1199 709 1311 778 πάντα
1325 720 1420 776 ποιεῖ
1426 739 1438 792 ,·

209 811 239 878 εί
261 809 363 898 δὲμὴ
385 809 591 897 καρπογόνος
612 809 701 879 ἐστίν
724 805 826 898 1ἀὐτή
848 806 867 899 ή
890 817 972 879 θεία
994 806 1110 891 οόσία,
1134 805 1203 877 ἀλλ’
1229 810 1348 898 ἕρημος
1367 805 1435 878 κατ’

209 906 329 991 αὐτοὺς
345 906 390 990 ιός
413 915 486 1000 φῶς
506 913 551 1000 μή
567 913 713 1001 φωτίζον
727 911 783 979 καὶ
797 911 885 1000 πηγὴ
901 911 991 999 ξηρά,
1015 915 1090 992 πῶς
1105 912 1335 1000 δημιουργικὴν
1351 912 1440 1000 ένέρ-

209 1037 301 1099 γειαν
324 1011 408 1096 ἔχειν
432 1008 532 1081 αὐτόν
554 1015 702 1100 λέγοντες
724 1007 782 1079 οόκ
804 1012 1032 1096 αἰσχύνονταις
1054 1015 1109 1082 καί
1125 1010 1336 1102 ἀναιροῦντες
1351 1013 1440 1082 δὲτὸ

210 1113 294 1182 κατὰ
316 1113 428 1202 φόσιν,
452 1117 527 1192 πῶς
540 1113 580 1181 τό
594 1113 679 1181 κατὰ
691 1114 848 1202 βούλησιν
865 1121 1110 1202 οπροηγεῖσθαι
1123 1117 1281 1196 θέλοντες
1296 1111 1354 1184 οόκ
1368 1116 1441 1202 έρε-

209 1218 374 1302 θριῶσινς
404 1215 435 1283 εί
457 1215 493 1282 δέ
514 1214 557 1282 τὰ
578 1213 670 1294 ἐκτός
696 1217 751 1282 καί
779 1209 837 1282 οόκ
865 1212 946 1282 όντα
971 1214 1150 1304 πρότερον,
1182 1217 1383 1304 βουλόμενος
1405 1218 1441 1284 δὲ

210 1311 295 1384 αὐτὰ
317 1311 411 1397 εἶναι,
435 1317 628 1403 δημιουργεῖ
649 1319 703 1383 καὶ
725 1323 851 1402 γίνεται
864 1317 992 1384 τούτων
1006 1315 1156 1404 ποιητής,
1181 1320 1297 1406 πολλῷ
1319 1317 1441 1404 πρότε-

210 1441 269 1502 ρον
292 1418 342 1505 είη
366 1411 406 1484 όν
428 1402 538 1504 πατήρ
559 1417 759 1504 γεννήματος
774 1417 809 1485 ἐκ
823 1421 881 1505 τῆς
896 1417 985 1498 ἰδίας
1006 1415 1129 1498 οόσίας.
1159 1419 1189 1486 εί
1202 1419 1264 1506 γὰρ
1286 1419 1325 1484 τὸ
1340 1419 1440 1505 ίβοό·

211 1519 335 1584 λεσθαι
356 1515 523 1604 περὶτῶν
543 1517 589 1607 μή
612 1515 717 1586 όντων
740 1515 874 1586 διδόασι
894 1523 942 1605 τῷ
964 1521 1046 1606 θεῷ,
1070 1516 1162 1586 διατί
1173 1520 1218 1606 μή
1233 1523 1272 1586 τό
1287 1516 1439 1607 ὑπερκεί-

210 1640 310 1702 μενον
331 1621 389 1706 τής
410 1619 598 1708 βουλήσεως
620 1613 679 1686 οόκ
694 1618 951 1705 έπιγινεόσκουσι
971 1623 1031 1686 τοῦ
1047 1623 1149 1702 θεοός
1171 1616 1440 1709 όπεραναβίβηκε

213 1718 249 1786 δέ
270 1722 328 1806 τῆς
348 1719 536 1806 βουλήσεως
557 1719 596 1786 τό
618 1727 804 1809 πεφυκέναι
824 1719 880 1788 καὶ
895 1715 980 1790 εἶναι
995 1715 1095 1788 αότὸν
1116 1728 1263 1807 ’πατέρα
1277 1726 1337 1789 τοῦ
1354 1722 1440 1790 ίδίου

212 1818 321 1906 λόγου.
367 1821 396 1888 εί
417 1828 527 1889 τοίνυν
549 1821 588 1888 τό
609 1821 783 1909 πρότερον,
807 1818 892 1908 ὅπερ
916 1822 986 1890 έστλ
1008 1822 1218 1911 κατὰφύσιν,
1242 1817 1300 1908 οόχ
1317 1821 1443 1913 ὑπῆρξε

212 1921 297 1990 κατὰ
317 1921 376 2011 τήν
399 1921 530 1991 ἐκείνων
552 1921 683 2004 όίνοιαν,
707 1927 781 2003 πῶς
802 1923 842 1990 τό
865 1923 1016 2011 δεύτερον
1022 1976 1032 2006 ,
1063 1920 1147 2012 ὅπερ
1169 1925 1239 1992 έστί
1261 1926 1345 1994 κατὰ
1365 1926 1444 2014 βοό-

215 2024 320 2110 λησιν,
342 2021 464 2108 γένοιτ’
489 2022 546 2108 όνς
568 2023 731 2112 πρότερον
752 2026 790 2094 δέ
805 2025 895 2092 ἐστιν
911 2020 930 2090 ό
946 2025 1042 2111 λόγος
1056 2029 1111 2093 καί
1128 2025 1278 2114 δεότερον
1292 2023 1312 2114 ή
1327 2035 1442 2107 κτίσις.

216 2117 290 2190 ἀλλ’
315 2124 404 2192 ἔστιν
426 2119 444 2192 ό
466 2125 578 2212 λόγος,
606 2120 665 2212 κᾷν
688 2127 828 2194 πλείονα
848 2127 1017 2210 τολμῶσιν
1040 2127 1073 2192 σί
1095 2121 1243 2224 ἀσεβεῖς·
1277 2123 1318 2195 δι’
1343 2124 1443 2196 αὐτοῦ

215 2223 277 2311 γὰρ
299 2231 428 2312 γέγονεν
449 2221 469 2312 ή
491 2233 606 2307 κτίσις,
629 2229 684 2294 καὶ
707 2228 805 2312 δῆλον
827 2222 868 2293 ἂν
890 2227 940 2314 ε’ίη
957 2223 1010 2292 ὅτι
1028 2227 1171 2316 ποιητής
1186 2223 1232 2296 ὢν
1248 2225 1266 2296 ό
1282 2229 1365 2309 θεὸς
1379 2231 1446 2313 ἔχει
1546 2263 1553 2268 ·

216 2324 351 2394 καὶτὸν
374 2327 611 2415 δημιουργικόν.
625 2327 722 2415 λόγον
744 2322 802 2395 οόκ
823 2327 948 2408 ἔξωθεν
971 2323 1039 2394 ἀλλ’
1063 2327 1151 2394 ίδιον
1175 2329 1309 2397 ἑαυτοῦ·
1341 2331 1445 2398 πάλιν

214 2425 276 2514 γὰρ
299 2425 337 2494 τό
360 2423 441 2496 οότό
463 2430 587 2518 ῥητέον.
633 2429 663 2498 εί
684 2429 724 2496 τό
744 2429 932 2517 βούλεσθαι
953 2429 1027 2513 ἔχει,
1049 2433 1104 2496 καί
1124 2429 1163 2496 τό
1176 2431 1328 2518 βοόλημα
1343 2427 1444 2498 αὐτοῦ

214 2529 389 2615 ποιητικόν
412 2529 499 2610 ἐστι,
532 2529 589 2598 καὶ
615 2525 708 2618 όρκεῖ
733 2531 771 2597 τὸ
793 2531 944 2618 βούλημα
966 2525 1066 2598 αότοό
1088 2528 1174 2618 πρὸς
1192 2530 1355 2598 ’σύστασιν
1376 2535 1444 2598 τῶν

213 2636 403 2715 γινομένων,
428 2627 445 2697 ὁ
470 2633 506 2699 δὲ
528 2631 624 2717 λόγος
647 2630 737 2698 ἐστὶν
755 2626 856 2698 αὐτοῦ
877 2631 1066 2717 ίποιητικδς
1079 2629 1136 2698 καί
1150 2631 1362 2720 δημιουργός·
1386 2627 1446 2699 οὖν

215 2725 413 2820 ἀμφίβολον,
437 2727 492 2798 ότι
513 2727 613 2811 αὐτός
636 2731 725 2799 ἐστιν
746 2727 766 2820 ή
789 2735 848 2798 τοῦ
864 2732 992 2819 πατρὸς
1008 2733 1097 2814 ζῶσα
1110 2731 1212 2818 βουλή
1227 2736 1281 2800 καὶ
1298 2732 1447 2814 ἐνοόσιος

216 2830 360 2919 ἐνέργεια
382 2835 435 2900 καὶ
459 2832 555 2919 λόγος
579 2827 750 2920 ἀληθινός,
775 2832 809 2900 έν
831 2821 859 2919 ᾧ
880 2837 934 2899 καί
957 2839 1133 2919 συνέστηκε
1146 2836 1200 2901 καὶ
1217 2835 1393 2902 διοικεῖται
1406 2833 1449 2902 τὰ

215 2933 327 3001 πάντα
348 2934 464 3014 καλῶς.
488 2927 618 3013 Εοὐδεὶς
638 2934 674 3000 δέ
697 2927 774 3002 οὐδὲ
790 2932 983 3014 διατάξειεν,
1008 2930 1053 3013 ιός
1072 2930 1089 3002 ό
1106 2930 1256 3021 ἁρμόζων
1271 2938 1330 3023 τῆς
1345 2931 1449 3022 ἆρμο-

216 3041 289 3114 νίας
303 3033 359 3103 καί
373 3039 439 3104 τῶν
462 3030 693 3122 ἁρμοζομένων
715 3033 872 3122 πρόεστι,
895 3037 950 3102 καὶ
973 3033 1124 3122 δεύτερόν
1146 3035 1227 3117 έστι,
1250 3034 1343 3103 καθὰ
1364 3059 1449 3122 προ-

218 3145 326 3216 εῖπον,
348 3136 388 3203 τὸ
411 3138 621 3225 δημιουργεῖν
643 3140 701 3204 τοῦ
723 3139 838 3223 γεννᾶν
860 3134 918 3203 τὸν
940 3135 1033 3203 θεόν.
1056 3135 1095 3202 τὸ
1116 3139 1177 3220 μὲν
1197 3135 1259 3223 γὰρ
1275 3137 1347 3216 υίὸς
1361 3137 1448 3204 ἰ’διον

217 3236 291 3299 ΙΙιιιιί
314 3232 451 3322 ἀληθῶς
473 3237 508 3306 ἐκ
528 3242 587 3324 τῆς
606 3245 772 3324 μακαρίας
794 3236 916 3325 ἐκείνης
943 3239 997 3304 καί
1020 3231 1072 3304 ἀεὶ
1100 3234 1201 3325 σόσης
1229 3233 1345 3317 οὐσίας
1367 3239 1448 3318 έστί,

217 3331 260 3400 τὰ
288 3333 324 3400 δὲ
348 3333 383 3402 ἐκ
409 3337 598 3424 βουλήσεως
625 3333 726 3424 αότής
755 3338 881 3417 ἔξωθεν
910 3337 1131 3421 συνιστάμενα
1158 3344 1284 3423 γίνεται
1309 3341 1363 3406 καὶ
1392 3339 1451 3426 δή·

217 3445 426 3520 μιουργεῖται
446 3437 518 3504 ἰδιό
539 3441 598 3506 τοῦ
621 3438 708 3504 ίδίου
730 3441 784 3503 καὶ
808 3437 843 3515 έξ
863 3431 964 3525 αότής
983 3438 1192 3527 γεννήματος.

305 3540 334 3604 3.
384 3529 511 3603 Οὐκοῦν
532 3542 591 3604 τοῦ
621 3537 718 3624 λόγου
735 3535 926 3617 δεικνύντος
948 3539 1075 3625 πολλὴν
1098 3534 1243 3608 ἀτοπίαν
1274 3539 1358 3608 κατὰ
1383 3541 1451 3607 τῶν

219 3635 380 3724 λεγόντων
402 3636 447 3724 μή
471 3631 557 3706 εἶναι
578 3638 649 3705 υίόν
671 3641 755 3706 θεοῦ
779 3631 864 3706 ἀλλὰ
891 3646 1036 3727 ποίημα,
1067 3634 1188 3729 ἀνάγκη
1216 3641 1338 3709 λοιπὸν
1366 3637 1453 3730 ήμᾶς

220 3742 455 3827 συνομολογεῖν
477 3739 549 3808 υἱὸν
573 3733 659 3808 εἶναι
679 3740 737 3807 τὸν
759 3740 880 3825 κόριον.
926 3741 956 3808 εί
978 3742 1015 3808 δὲ
1037 3741 1109 3820 υἱός
1132 3740 1238 3825 ἐστιν,
1262 3740 1371 3828 ὥςπερ
1393 3731 1452 3808 σόν

219 3843 274 3908 καί
298 3841 403 3924 ἔστιν,
428 3841 638 3932 ὡμολόγηται
660 3843 696 3910 δὲ
720 3838 738 3909 ό
760 3839 832 3921 υίὸς
853 3834 912 3908 οόκ
934 3840 1060 3921 ἔξωθεν
1083 3837 1152 3909 ἀλλ’
1178 3844 1213 3912 ἐκ
1234 3847 1293 3911 τοῦ
1315 3843 1454 3930 γεννῶν·
1498 3885 1510 3902 ·

220 3967 278 4022 τος
299 3937 424 4024 1“εἲναι,
454 3945 499 4032 μή
524 3947 804 4034 διαφερίσθωσαν
825 3951 900 4023 ταῖς
922 3944 1040 4026 λέξεσι,
1063 3943 1156 4011 καθὰ
1177 3953 1363 4033 προεῖπον,
1397 3941 1453 4010 ἐὰν

256 4180 278 4216 ε.
303 4165 343 4216 Sic
369 4167 470 4229 Seguer.
495 4167 593 4219 Gobler.
620 4176 644 4218 ει
668 4169 773 4220 Felekm.
790 4169 813 4218 1.
899 4185 920 4218 ε.
939 4169 1038 4231 Εεςσετ.
1057 4168 1154 4220 Gobler.
1172 4177 1197 4218 et
1208 4169 1316 4219 Felckm.
1331 4169 1354 4218 1.
1372 4179 1456 4232 προη-

221 4233 266 4282 Alii
284 4248 340 4283 vero
360 4242 384 4285 εί
402 4233 458 4284 editi
476 4226 501 4282 εί
516 4228 571 4298 γὰρ
589 4227 644 4282 διό.
674 4236 815 4299 Ριυίοροει
863 4235 978 4300 γεῖσθιιι
995 4231 1127 4290 θέλοντες,
1162 4235 1225 4288 adiu
1243 4244 1267 4286 ει
1285 4227 1458 4300 ιίίίπρσβόί-

222 4301 322 4362 Seguor.
337 4295 427 4366 χωρίς
445 4313 480 4352 τε.
516 4301 577 4350 Editi
597 4309 621 4351 ει
639 4305 712 4352 ceteri
725 4297 815 4370 χωρὶς
864 4300 964 4356 lome-
1356 4359 1364 4378 ,

222 4362 260 4418 δέ.
296 4369 348 4420 Μαι
366 4369 464 4430 Βεςσετ.
483 4368 582 4420 Gobler.
600 4375 624 4418 εί
636 4369 741 4420 ῖεΙείιω.
754 4369 814 4420 1.4.
900 4371 923 4420 d.
942 4371 1043 4432 Βεςιιετ.
1068 4380 1091 4420 ει
1108 4369 1252 4420 λείψετέ.
1269 4363 1457 4432 βευλευτσθσι.
1605 4375 1623 4428 q

222 4435 247 4486 ό.
266 4426 314 4483 οόκ
330 4427 386 4502 ἔχει
404 4429 434 4486 δὲ
450 4425 519 4484 καθ’
539 4427 618 4500 όμᾶε.
651 4436 696 4486 Ani
716 4445 740 4486 et
758 4437 815 4488 adiu
900 4453 921 4488 ε.
940 4437 1041 4500 δεςαετ.
1059 4429 1145 4486 αότδν
1187 4430 1246 4486 όσει
1262 4431 1376 4500 πατέρα.
1403 4435 1457 4484 Mox

223 4493 272 4551 οόιι
288 4497 344 4570 ἔχει
360 4495 429 4552 καθ’
449 4497 528 4570 ὑμᾶς.
759 4561 772 4584 ν
866 4506 930 4556 idem
955 4514 979 4556 ει
1003 4507 1059 4568 λος.
1085 4499 1111 4556 εἰ
1131 4519 1225 4554 τοινυν
1251 4497 1282 4554 τό
1308 4495 1455 4582 πρότερον.

257 4570 281 4620 b.
299 4574 398 4634 Seguer.
419 4573 518 4624 Gobler.
537 4578 561 4621 ει
578 4571 683 4624 Felckm.
697 4571 720 4624 1.
738 4585 814 4633 αντη.
866 4574 957 4636 Αεςίίε.
972 4574 1186 4626 Gobler.Felckm.
1197 4574 1219 4626 1.
1238 4581 1263 4626 ει
1279 4573 1304 4624 4.
1322 4585 1346 4623 ει
1364 4571 1461 4620 τοίνυν
