3176 5304
634 394 805 438 entsrarro.
1283 381 1323 446 33

96 548 178 608 locos
204 545 386 627 plerosque,
419 546 520 626 quiin
543 545 785 625 disceptationem
805 545 998 616 uocabantur,
1032 546 1116 608 aliter
1136 548 1323 627 exponebant

94 662 182 728 atque
208 649 332 719 Ariani,
363 648 410 709 rel
442 656 520 709 certe
541 647 594 709 alia
628 667 662 710 ex
695 647 731 708 iis
763 657 935 725 argumenta
968 648 1117 710 eruebant.
1159 650 1249 710 Cuius
1276 651 1320 710 rei

93 753 182 813 testis
210 761 260 812 est
277 749 407 812 Hilarius
428 750 470 811 lle
483 749 611 812 trinitate
632 748 682 812 lib.
698 749 812 828 ll.,cap.
830 752 860 812 3.
884 749 1102 820 ..nestrorum
1118 755 1192 812 enirn
1206 751 1319 832 plures.

90 859 144 934 pur·
180 853 363 915 coelestium
394 853 554 916 verberant
585 851 805 931 simplicitatem
832 869 894 929 pro
930 850 1098 913 voluntatis
1130 871 1203 913 auae
1224 871 1320 924 sensu,

25 982 33 1037 η
90 976 157 1018 run
178 974 247 1036 pro
272 957 410 1016 veritatis
433 957 527 1033 ipsias
549 953 739 1014 absolutione
759 957 959 1032 susciperent,
982 952 1073 1014 aliter
1089 957 1324 1032 interpretantes

91 1077 187 1138 parone
214 1059 368 1118 dictorum
387 1060 487 1116 uirtus
505 1054 689 1135 postularet.
732 1053 775 1114 tte
789 1053 984 1134 iintellipentt'o
1005 1059 1084 1116 enim
1100 1056 1244 1126 haeresis,
1267 1073 1326 1116 uon

93 1162 125 1219 de
148 1161 324 1238 scripturn
345 1167 406 1218 est:
430 1165 601 1228 rtemann,
630 1173 813 1218 nauseante
835 1156 872 1236 fit
893 1159 1037 1218 crimen.“
1081 1157 1133 1218 llis
1156 1155 1235 1217 enim
1259 1175 1327 1216 ver-

91 1261 137 1320 bis
163 1257 402 1322 obscurioribus
422 1257 547 1318 Arianos
568 1257 760 1337 reprehendit
787 1275 847 1318 non
867 1257 946 1336 quod
968 1258 1140 1320 auctoritate
1162 1257 1328 1337 scripturae

92 1363 284 1430 niterentur,
308 1377 394 1439 quam
416 1359 480 1438 ipse
502 1358 596 1421 ubivis
618 1360 752 1438 agrioscit
773 1366 803 1420 et
824 1360 972 1438 sequitur,
996 1359 1047 1421 sed
1071 1361 1148 1439 quod
1178 1379 1242 1422 eam
1265 1377 1325 1420 non

94 1463 288 1554 simpliciter
306 1471 334 1522 et
354 1469 435 1522 recte
465 1461 662 1539 intelhgerent
682 1468 786 1540 atque,
818 1469 851 1522 ul
873 1460 948 1522 inira
981 1460 1037 1530 ait.
1063 1474 1157 1524 arente
1185 1465 1331 1543 perversi

97 1571 210 1628 ornnr'n
241 1565 463 1643 confunderent
491 1573 519 1624 et
548 1562 749 1643 implicarent.
794 1561 859 1636 Qua
880 1562 995 1624 ratione
1017 1564 1103 1625 simul
1124 1565 1246 1636 latetur.
1275 1583 1325 1626 oa·

98 1669 237 1729 tholiaos
270 1684 336 1726 curn
357 1664 473 1726 Arianis
496 1672 525 1724 et
546 1664 583 1725 da
615 1663 776 1743 scriptura,
806 1663 969 1743 theologiae
996 1665 1202 1738 fundamento,
1232 1674 1261 1727 et
1289 1665 1327 1728 tle

97 1771 170 1848 lege
204 1766 456 1846 interpretationis
486 1765 629 1846 simplicis
658 1783 693 1826 ex
721 1765 826 1828 virtute
848 1765 1008 1838 dictorum,
1036 1785 1124 1845 quam
1153 1767 1189 1827 ab
1219 1767 1327 1830 illisio

99 1871 171 1950 ipsa
193 1867 438 1948 interpretatione
466 1866 616 1928 obsonari
643 1875 745 1945 negat,
774 1867 951 1930 consentire.
994 1867 1074 1930 idem
1104 1867 1329 1930 existimandum

13 1990 15 2026 l
107 1983 157 2032 ast
179 1972 212 2032 de
234 1969 407 2032 athanasio.
450 1968 575 2047 Saepius
597 1968 623 2030 is
638 1969 801 2048 scripturae
816 1967 1032 2040 sufficientiam,
1054 1987 1139 2048 qnam
1163 1969 1193 2030 in
1216 1968 1328 2030 scholis

12 2127 13 2138 ,
110 2073 250 2144 dicimus.
279 2070 387 2144 laudat,
409 2070 538 2132 velutin
562 2069 643 2130 Orat.
666 2079 768 2132 conha
790 2069 898 2132 Gentes
926 2089 989 2149 cap.
1014 2075 1058 2134 l.:
1081 2051 1249 2151 αὐτύρκεις
1268 2069 1330 2152 μὲν

104 2170 173 2255 γάρ
195 2171 281 2238 εἰσιν
303 2169 339 2236 αἱ
361 2165 453 2255 ἅγιαι
474 2170 527 2236 καί
542 2167 767 2236 θεόπνευστοι
779 2173 906 2256 γραφαὶ
922 2167 1009 2252 πρὸς
1023 2167 1082 2255 τὴν
1097 2170 1155 2256 τῆς
1170 2165 1328 2257 ἀληθείας

13 2266 14 2272 '
103 2267 331 2359 ἀπαγγελίαν,
361 2284 390 2336 et
411 2276 442 2337 in
466 2276 628 2353 fragmento
649 2273 801 2353 Epistulae
827 2273 942 2336 festalis
964 2273 1107 2336 librorum
1132 2275 1162 2335 V.
1187 2284 1216 2335 et
1236 2274 1270 2335 ll.
1291 2275 1326 2338 Τ.

103 2396 255 2438 ααοοαεοι
285 2377 463 2438 continentis
491 2377 566 2456 Opp.
597 2375 685 2438 Tem.
711 2375 736 2438 l.
763 2395 792 2456 p.
817 2379 888 2440 tut.
917 2384 990 2438 extr.
1019 2376 1066 2437 ed.
1088 2375 1204 2438 Palen:
1225 2376 1327 2440 ταῦτα

102 2479 214 2561 πηγαί
236 2477 295 2540 τοῦ
317 2481 489 2563 σωτηρίου,
512 2471 596 2542 ὥστε
617 2473 676 2541 τὸν
698 2476 851 2560 διψῶντα
869 2477 937 2540 τῶν
960 2473 995 2541 ἐν
1015 2473 1146 2553 τούτοις
1172 2473 1327 2562 ἐμφορεῖ-

106 2585 202 2644 σθαι
228 2577 359 2661 λογίων·
390 2576 424 2642 ἐν
452 2575 581 2654 τούτοις
610 2575 726 2660 μόνοις
753 2575 791 2642 τὸ
818 2579 877 2662 τῆς
905 2571 1072 2660 εὐσεβείας
1100 2577 1327 2643 διδασκαλεῖον

111 2673 363 2760 εὐαγγελίζεται,
408 2679 502 2738 Etiam
530 2678 638 2758 Expos.
667 2680 698 2740 in
726 2679 775 2742 Pa.
803 2682 904 2744 XClll.
932 2699 959 2742 r.
982 2683 1011 2744 6.
1042 2679 1172 2742 Tomi.
1201 2699 1230 2759 p.
1253 2681 1326 2742 930.

116 2779 175 2839 ubi
196 2778 320 2856 graviter
339 2787 456 2838 accusat
476 2794 563 2854 prato
585 2779 758 2858 scripturam
777 2781 1004 2861 interpretantes
1026 2781 1075 2842 his
1096 2781 1209 2841 verbis:
1231 2779 1331 2863 χῆρον

118 2871 233 2962 ψυχὴν
254 2877 306 2940 καί
327 2872 534 2962 προσήλυτον
555 2877 631 2940 νοῦν
652 2870 835 2944 ἀποκτείνει
857 2873 875 2941 ὅ
896 2883 999 2957 κακῶς
1020 2879 1081 2956 τὰς
1093 2873 1194 2954 θείας
1206 2873 1335 2962 γραφὰς

116 2973 344 3063 ἐξηγούμενος.
390 2968 534 3061 ὀρφανὸς
555 2975 592 3040 δέ
614 2967 771 3054 ἐστινούς
791 2977 1000 3063 ἐστερημένος
1022 2975 1177 3064 οὐρανίου
1199 2976 1332 3062 πατρός.

112 3081 236 3144 Arianis
260 3097 330 3141 vero
352 3079 477 3159 aliisque
497 3079 655 3142 haereticis
676 3097 692 3140 a
714 3080 832 3144 tentate
853 3082 950 3145 divina
977 3083 1084 3143 animc-
1107 3081 1239 3143 alienatis
1259 3085 1334 3143 arri-

113 3195 233 3264 ptnram
263 3181 335 3244 nihil
351 3233 354 3244 .
362 3181 511 3262 prodesse
537 3183 710 3262 pronuntiat
737 3183 769 3244 in
791 3183 886 3262 Epist.
915 3182 950 3244 ad
980 3183 1138 3263 episcopos
1164 3185 1280 3264 Aegypti
1303 3193 1331 3246 et

113 3287 225 3366 Libyae
247 3303 309 3364 cap.
333 3289 363 3348 4.
386 3283 471 3345 Τοαι.
495 3284 517 3346 ί.
540 3303 571 3364 p.
588 3286 661 3348 216.
684 3283 782 3364 ibinus
803 3285 872 3348 illos
895 3283 1013 3348 damnat
1033 3283 1199 3348 simulantes
1221 3305 1254 3348 se
1274 3305 1327 3348 ro-

115 3389 200 3450 cibns
222 3387 387 3465 scripturae
409 3385 558 3459 insistere,
581 3394 615 3448 ut
636 3386 747 3450 subuel
769 3405 803 3448 ex
826 3385 981 3448 verboram
1010 3404 1086 3448 sono
1113 3395 1191 3449 reete
1218 3388 1326 3450 sentire

113 3490 285 3550 viderentur
312 3506 347 3549 aa
375 3485 480 3548 deinde
506 3489 636 3551 miseros
658 3489 794 3570 homines
816 3489 846 3551 in
868 3488 1068 3551 sententiosa
1090 3489 1232 3568 scriptura
1253 3489 1326 3552 alie-

115 3609 171 3652 nas
207 3607 383 3668 erroresque
416 3589 597 3652 inducerent.
652 3590 760 3654 Graeca
793 3601 878 3652 sunt:
910 3581 1040 3675 ὐπάτης
1074 3588 1109 3654 dt
1138 3588 1231 3671 χάριν
1261 3591 1327 3654 τῶν
1402 3597 1413 3620 ’

117 3685 361 3773 ἁπλουστέρων,
385 3682 452 3756 olor
473 3687 538 3756 είσι
552 3689 629 3776 περὶ
642 3677 687 3756 οὐν
698 3688 731 3757 ίν
745 3695 949 3775 Παροιμίαις
962 3695 1160 3776 γέγραπται·
1183 3687 1327 3768 ἄκακος
1426 3767 1430 3780 1

116 3788 311 3858 πιστεύει
337 3792 460 3857 παντὶ
488 3789 608 3876 λόγῳ·
638 3792 889 3878 σχηματίζονται
910 3793 1049 3876 μελετᾶν
1069 3792 1123 3856 καὶ
1145 3791 1248 3876 λέγειν
1268 3789 1327 3869 τὰς

118 3893 233 3972 λέξεις,
258 3886 302 3969 ὡς
324 3885 342 3956 ὁ
364 3890 472 3977 πατὴρ
495 3886 601 3956 αὐτῶν
623 3889 791 3978 διάβολος,
814 3891 870 3958 ἵνα
891 3891 925 3958 ἐκ
951 3895 1018 3958 τῶν
1046 3892 1162 3970 λέξεων
1190 3891 1327 3971 δόξωσιν

118 3990 224 4079 ὀρθὸν
253 3991 416 4075 ἔχεινκαὶ
445 3989 483 4056 τὸ
506 3990 670 4076 φρόνημα,
697 3995 752 4058 καὶ
778 3991 817 4057 τὸ
847 3991 966 4058 λοιπὸν
994 3999 1135 4059 πείσωσι
1157 3992 1250 4080 παρὰ
1269 3993 1328 4072 τὰς

117 4093 249 4183 γραφὰς
278 4104 413 4181 φρονεῖν
440 4091 517 4170 τούς
543 4089 774 4176 ταλαιπώροις
802 4087 1010 4178 ἀνθρώπους.
1060 4099 1202 4162 Nimirum
1231 4097 1326 4158 hriani
1383 4089 1387 4116 ¹

117 4199 271 4262 catholicis
292 4199 450 4260 tenuitatem
473 4215 575 4258 vocum
599 4205 628 4256 et
648 4197 837 4258 formularum
852 4199 881 4258 in
904 4199 1048 4279 scriptura
1070 4217 1129 4260 non
1152 4197 1324 4262 erstant'nuu

117 4300 304 4382 imputabant
336 4299 479 4380 sequela
511 4305 643 4360 accurata
676 4299 711 4360 ad
745 4298 867 4361 litteram
900 4301 1140 4381 interpretatione
1172 4299 1324 4362 iactabant.

118 4405 227 4466 Contra
254 4401 427 4464 Athanasius
455 4401 530 4462 hanc
556 4401 772 4462 simulationem
800 4420 867 4463 esse
892 4402 1011 4481 putabat
1039 4412 1068 4464 et
1095 4402 1248 4476 luteciam,
1270 4421 1325 4482 qua

118 4505 256 4568 homines
278 4503 426 4584 simplices
448 4503 483 4564 ad
505 4503 591 4564 verba
613 4503 754 4566 dunnxat
779 4502 962 4564 attendentes
990 4523 1044 4565 neo
1066 4522 1186 4566 sensum
1207 4503 1325 4585 perspi-

122 4607 231 4670 cientes
254 4597 285 4678 (ὁ
299 4605 449 4682 τοιοῦτος
463 4599 505 4669 τὰ
526 4598 681 4689 λεγόμενα
701 4599 803 4689 μόνον
825 4603 958 4670 σκοπῶν
979 4601 1090 4690 καὶμὴ
1105 4602 1163 4671 τίν
1179 4601 1326 4672 διάνοιαν
1358 4613 1363 4620 “

1105 4707 1122 4758 C
