3250 5292
574 419 682 464 omrro
697 419 741 462 nr.
757 419 873 464 conrnr
888 419 1022 465 munos.
1157 423 1166 438 ·
1336 407 1399 474 185

171 569 203 632 iu
225 567 365 640 omnibus
388 567 452 632 cuir
473 567 618 650 Epistolis
641 569 803 650 signifieat,
826 569 896 633 dum
919 571 959 634 ite
981 571 1098 636 scribit:
1133 573 1241 638 Gratia
1263 577 1347 640 oobtr
1369 587 1486 642 utnon
1588 570 1609 652 ¹,

171 671 239 734 Pon
260 691 280 733 o
301 669 365 733 Deo
384 681 476 752 putre
496 683 608 736 neutro
630 681 659 733 et
681 669 810 734 Dorum
832 671 904 734 reno
927 672 1059 735 Cbriote.
1095 673 1160 736 tine
1182 675 1260 737 euim
1276 677 1398 738 eadem-

171 791 232 852 que
252 781 300 835 eet
327 772 435 852 gratia,
470 791 545 851 quoe
574 772 699 834 oPatre
722 771 751 833 in
774 771 849 834 Filio
872 771 973 846 datur,
1003 773 1250 852 quemadmodum
1271 794 1331 838 uua
1353 785 1402 840 est

73 900 75 908 ·
170 873 222 936 lux
244 871 318 936 coiis
340 883 370 936 et
391 872 572 954 splendoris,
597 881 627 934 et
648 871 694 935 roi
717 871 839 936 nonnisi
860 892 914 954 per
937 891 1021 935 suam
1043 874 1139 936 iucem
1160 873 1313 939 illuminat
1350 877 1402 940 Sic

171 974 244 1036 item
266 971 587 1038 Tbeeraionicenaiboa
614 981 768 1055 precatur:
806 974 877 1056 ipra
903 985 1003 1038 eutem
1024 974 1108 1038 Daue
1130 987 1161 1040 ct
1181 973 1274 1040 Peter
1294 989 1402 1042 noster

172 1085 203 1138 et
228 1075 377 1139 Douriauo
411 1075 497 1142 ieeur
531 1073 671 1139 Uiriatus
703 1075 816 1155 diripui
846 1079 926 1139 mom
958 1087 1098 1139 noctram
1125 1077 1165 1140 ud
1192 1096 1261 1150 oea,
1293 1078 1401 1158 quium

171 1174 273 1238 verbis
295 1169 393 1240 Putria
417 1185 447 1238 et
467 1175 533 1238 Filii
555 1176 699 1240 unitatem
721 1174 858 1238 serravit
890 1175 964 1238 Nam
985 1195 1048 1238 non
1063 1163 1137 1239 dixit
1151 1178 1297 1260 diriperet,
1316 1180 1402 1260 quari

171 1276 281 1357 duplex
303 1277 395 1357 gratio
416 1296 434 1340 a
456 1276 575 1340 duobus
596 1295 705 1359 nempe
727 1277 764 1340 ab
786 1277 837 1340 illo
859 1286 890 1340 et
910 1277 960 1340 iilo
983 1279 1120 1354 daretur,
1143 1278 1196 1342 sed
1219 1281 1345 1361 dirique,
1368 1290 1402 1344 ut

172 1377 252 1440 iiiam
274 1397 291 1439 a
312 1377 400 1442 Putre
420 1397 475 1460 per
497 1377 602 1442 Filium
626 1377 691 1441 dari
713 1379 909 1460 significarem
938 1397 1013 1460 quae
1036 1379 1156 1461 quidem
1177 1381 1287 1462 impios
1308 1399 1401 1463 coge-

172 1489 240 1542 rent
260 1479 364 1542 saitem
387 1479 574 1555 erubescere,
596 1480 655 1542 nisi
679 1480 857 1544 erubescere
879 1480 1002 1545 nollent.

261 1886 312 1948 12.
357 1882 490 1964 Namque
518 1883 544 1946 ai
572 1901 634 1946 non
665 1893 747 1947 esset
773 1885 888 1960 unius,
921 1903 977 1948 nec
1004 1885 1131 1947 Verbum
1160 1893 1284 1946 naturae
1305 1883 1402 1948 Patrio

173 1983 315 2066 proprius
339 1993 419 2048 eseet
439 1987 526 2058 tetus,
550 1993 584 2047 ut
604 1985 679 2048 lucie
702 1985 854 2066 splendor,
877 1987 931 2050 aed
952 1987 1045 2086 Fidius
1067 2005 1084 2048 a
1105 1987 1194 2050 Patre
1215 1987 1320 2048 natura
1342 1985 1403 2048 dii-

175 2083 261 2160 ioret,
284 2085 359 2148 catis
380 2095 461 2148 certe
484 2096 566 2149 eeaet
588 2087 615 2150 si
638 2087 722 2150 coloe
744 2087 832 2150 Pater
848 2087 946 2162 deret,
970 2105 1035 2150 cum
1058 2087 1167 2150 n'ullem
1190 2102 1253 2148 rem
1275 2094 1404 2174 creatam

173 2183 206 2248 in
228 2187 332 2250 oanan
354 2187 457 2268 pretiis
481 2187 594 2250 sociem
616 2187 724 2250 babeat
738 2188 871 2251 Creator.
905 2189 1092 2270 Quapropter
1114 2187 1163 2250 bic
1183 2185 1272 2250 dandi
1294 2187 1403 2250 modus

172 2287 292 2367 signum
326 2296 373 2352 eet
402 2289 526 2352 unitatis
554 2288 652 2352 Patris
682 2300 712 2352 et
739 2289 816 2353 Filii.
859 2289 954 2352 Nono
982 2289 1071 2370 igitur
1098 2289 1169 2370 quid
1191 2308 1206 2350 a
1229 2289 1292 2352 Deo
1315 2297 1346 2350 et
1366 2285 1404 2350 ab

172 2389 292 2470 Angelis
314 2397 367 2453 aut
387 2389 483 2471 eliqua
512 2390 567 2453 odie
594 2410 629 2452 re
657 2402 755 2453 creata
783 2399 918 2472 precatus
950 2392 1054 2466 tuerit,
1087 2407 1236 2469 nemoque
1267 2389 1403 2468 miqrram
1436 2409 1440 2418 ¹

157 2491 294 2582 dixerit:
317 2491 375 2553 Det
394 2492 448 2554 tibi
463 2492 543 2555 Deus
567 2501 596 2554 et
611 2491 757 2573 Angelum
779 2493 832 2554 sed
856 2511 930 2573 quoe
951 2510 1116 2572 precamur,
1140 2491 1260 2552 aPatre
1282 2498 1312 2556 et
1326 2486 1402 2549 Filio

173 2607 331 2670 precamm
362 2592 402 2653 ob
436 2611 540 2656 eorum
570 2593 714 2656 unitatem
748 2593 923 2673 unicamque
955 2593 1158 2656 donationem.
1209 2589 1292 2663 Quae
1325 2587 1405 2649 enim
1462 2633 1469 2642 .

175 2687 292 2764 dentur,
315 2709 371 2771 per
392 2689 498 2754 Filium
520 2694 644 2769 dantur,
667 2695 800 2775 nihilque
823 2696 946 2756 omnino
970 2705 1016 2756 est
1037 2693 1117 2773 qnod
1138 2708 1200 2754 non
1222 2707 1277 2770 per
1297 2687 1404 2752 Filium

175 2789 283 2851 efficiat
310 2791 414 2864 Pater3
447 2792 574 2872 hincque
600 2805 677 2857 certe
706 2806 736 2858 et
763 2813 869 2859 secoro
897 2804 946 2857 est
973 2794 1080 2874 gratia,
1115 2810 1203 2872 qoam
1232 2788 1404 2870 accipimus.

176 2889 265 2963 Quod
288 2889 315 2953 ci
337 2891 506 2956 Patriarcba
528 2893 615 2956 iacob
638 2897 701 2959 ouis
721 2895 882 2978 nepotibus
904 2895 1045 2975 Ephraim
1068 2903 1099 2956 et
1120 2893 1256 2954 Maneese
1277 2889 1404 2952 bened·

173 3007 246 3053 cena
269 2989 357 3053 dixit:
388 2993 488 3070 Dece,
518 2999 571 3080 quo·
593 3001 694 3077 percit
715 3015 761 3060 ene
782 3016 801 3059 u
823 3003 978 3060 circonnue
999 3015 1065 3058 mec
1084 3013 1179 3077 eaque
1201 2999 1235 3056 r'n
1252 3007 1406 3073 proeocc-

175 3103 233 3155 rom
255 3091 346 3166 diem,
376 3093 522 3174 turpetur,
552 3100 708 3177 quierunt
728 3115 774 3159 nro
796 3098 831 3158 de
855 3099 969 3159 cunctis
992 3095 1097 3172 motio,
1126 3095 1284 3158 benedicet·
1295 3095 1406 3174 puerit

76 3221 78 3224 ·
173 3195 259 3271 a'rtr'a,
292 3211 478 3274 nequaquam
507 3213 543 3257 ex
576 3195 659 3259 bisce
686 3193 786 3257 vertis
819 3194 947 3276 aliquem
978 3213 1012 3258 ex
1042 3195 1148 3258 creetis
1178 3178 1279 3274 etqui
1301 3193 1407 3254 neunt

175 3292 364 3375 contingeti
387 3313 454 3358 cum
469 3295 542 3369 Deo,
566 3315 582 3358 a
605 3313 665 3377 quo
688 3295 779 3359 creati
802 3305 882 3369 eunt,
905 3297 1098 3359 coniunxisse
1120 3291 1332 3358 miscerentur
1349 3300 1405 3365 eut,

174 3411 272 3476 neque
293 3395 356 3457 Deo
379 3395 472 3458 nitore
495 3417 551 3460 suo
574 3397 701 3460 dimieeo
722 3397 961 3460 benedictionem
983 3415 1038 3478 pro
1061 3394 1219 3477 nepotibus
1241 3393 1278 3458 ab
1292 3392 1405 3474 Anqelo

173 3497 371 3578 poposcisse,
401 3497 455 3560 ced
483 3497 531 3560 bis
561 3499 646 3561 dictio
680 3497 744 3573 Qui
769 3501 852 3561 eruit
878 3515 925 3560 me
954 3497 989 3560 de
1011 3501 1126 3560 cunctis
1149 3495 1239 3558 mulir
1262 3493 1406 3568 ostendit,

174 3617 236 3660 nou
257 3599 383 3680 aliquem
412 3617 447 3662 ex
476 3602 583 3664 creetis
612 3599 749 3681 negetis,
784 3597 837 3662 ead
867 3599 920 3662 Dei
948 3617 1017 3662 eaeo
1044 3597 1191 3672 Verbum,
1225 3594 1305 3678 quod
1339 3613 1408 3657 eum

173 3699 262 3762 Patre
283 3701 314 3764 in
337 3698 471 3763 oratione
494 3701 778 3782 consociavitquia
799 3719 855 3781 per
877 3701 975 3782 iprum
990 3700 1071 3763 Deus
1094 3717 1171 3779 quos
1186 3697 1314 3760 uoluerit
1327 3695 1405 3758 libe-

172 3879 323 3950 Σαρωιον
345 3879 390 3932 not
409 3876 520 3952 Ἄρειον.
556 3883 648 3936 ibideia
667 3885 723 3947 Req.
743 3885 766 3935 1.
818 3887 962 3936 obtenturos
981 3897 1118 3948 speremus,

176 3944 362 4032 1111311111
382 3947 494 4019 γὰρμὴ
513 3939 554 4014 ἦν.
590 3953 651 4002 Editi
670 3943 695 4001 ri
711 3945 766 4016 γὰρ
853 3952 988 4030 t·Ji‘8·‚¹·
1008 3957 1031 4000 et
1048 3953 1147 4030 nguer.
1166 3947 1216 3998 τοῦ
1232 3945 1307 4000 troo.
1343 3945 1408 3998 tutu

171 4031 353 4150 mignavi.
372 4095 395 4137 et
413 4087 485 4150 Sego.
510 4076 637 4165 {cudred
654 4076 766 4149 πατρός.
817 4020 1124 4162 “12¹¹iiii'ui‘iiif'q
1140 4083 1239 4162 Sequqr.
1262 4077 1310 4132 noi
1326 4075 1341 4130 d
1359 4073 1408 4148 ἔγ·

173 4155 202 4206 in
221 4155 275 4205 otiis
293 4163 317 4204 et
335 4154 406 4204 editis
424 4153 493 4204 decet
510 4167 573 4203 orno.
816 4149 902 4218 ytioc.
931 4152 1009 4203 Ceteri
1027 4160 1051 4202 et
1069 4151 1125 4202 edin
1142 4164 1188 4200 aar
1206 4167 1223 4199 o
1261 4147 1326 4204 rior.
1354 4151 1408 4200 idox

211 4237 232 4272 e.
252 4223 309 4286 iteg.
330 4222 350 4271 1.
370 4229 393 4271 et
411 4219 510 4284 Sepuer.
529 4213 544 4282 ei
563 4211 640 4281 oded.
670 4219 767 4271 utino
817 4221 873 4285 iieg.
895 4217 917 4270 1.
936 4228 960 4270 et
977 4219 1008 4270 Se
1025 4235 1076 4271 uer.
1093 4213 1140 4268 arri
1156 4213 1215 4269 ivos
1244 4217 1270 4280 ri.
1303 4219 1366 4270 Editi
1384 4223 1410 4269 et

175 4291 218 4342 aiii
237 4281 252 4350 ἦ
270 4282 391 4350 τοιαύτη.
819 4289 859 4340 etii
876 4282 923 4338 καὶ
939 4281 990 4348 τὴν
1006 4235 1120 4348 irorcdri.

212 4360 228 4408 1.
252 4358 328 4409 Nemo
353 4357 412 4408 boec
429 4357 454 4408 S.
472 4355 594 4409 ttbucoeii
610 4357 683 4407 rerbr
700 4363 768 4422 putet
852 4358 868 4408 i.
888 4359 944 4416 tter.
964 4357 986 4406 1.
1004 4356 1076 4420 Sego.
1095 4363 1119 4408 et
1144 4357 1250 4408 Graecus
1268 4353 1408 4419 Scriptura·

174 4427 277 4476 ottieert
300 4425 443 4476 Sanctorum
471 4425 623 4477 tercenteni.
657 4425 767 4489 Namque
817 4433 896 4476 tertre
920 4417 934 4472 d
958 4417 1090 4490 deiprrdr
1111 4437 1154 4490 με.
1193 4421 1257 4474 trin
1280 4427 1304 4472 et
1327 4410 1408 4472 attii

175 4507 233 4544 com
252 4493 354 4556 tegetes
373 4501 412 4544 oet
430 4493 533 4544 Sanctus
551 4495 699 4554 invocamus,
718 4507 766 4544 uon
818 4484 971 4560 ρυσάμενός
985 4505 1028 4559 με.
1045 4531 1052 4548 .
1394 4555 1398 4564 .

178 4561 209 4609 ab
227 4560 275 4611 tttn
292 4561 336 4611 aed
352 4573 365 4610 a
384 4561 434 4611 lieo
457 4561 578 4611 bonorum
596 4563 703 4611 omnium
721 4574 765 4610 co·
852 4562 875 4612 1.
894 4563 934 4612 Sic
950 4569 1051 4624 uterque
1069 4559 1126 4620 iioss.
1145 4565 1169 4608 et
1186 4557 1287 4620 Seguer.
1323 4557 1351 4605 tt
1367 4553 1410 4604 uiti

179 4633 246 4676 etore
270 4643 330 4692 quoe
354 4630 457 4693 petimur
481 4629 542 4694 iptio
559 4628 764 4681 intercedentibus
818 4636 842 4680 et
860 4629 917 4680 editi
936 4625 1081 4688 συνῆπται,
1102 4625 1226 4674 mundone.
