3094 5318
470 347 616 394 urrerem
630 349 722 394 rrae
738 347 934 410 ssmrrunsu.
1252 341 1312 406 785

14 545 16 554 2
73 511 139 564 tus
163 521 223 564 unu
245 509 365 565 recatus
387 510 434 564 est
454 499 532 563 tilius
555 509 585 562 et
605 499 697 564 Filius
719 519 779 562 nou
808 507 854 563 est
875 499 1018 582 Spiritus,
1047 501 1115 566 iden
1138 504 1276 570 dissentit
1297 519 1398 572 enen.

73 604 214 667 veritato
241 603 340 668 tides?
374 602 467 666 Absit.
513 602 591 676 Quin
612 603 712 683 petius
734 603 967 682 unumquodque
989 621 1109 682 eurum,
1138 625 1214 687 quse
1234 607 1315 671 iudi·

14 737 16 746 v
74 715 211 788 cuntur,
239 706 328 769 hebet
348 704 499 785 proprium
521 703 775 784 significationem.
818 704 936 767 Etenim
958 704 1049 770 Filius
1078 707 1261 772 substantiae
1282 729 1317 774 nc

14 865 16 874 ,
72 782 216 872 naturae
234 807 330 870 Petris
352 807 473 888 propriu
496 813 542 868 est
562 805 675 886 proles,
696 813 728 868 et
746 805 806 868 buc
825 823 928 868 revera
951 808 1110 888 significem
1132 810 1203 872 item
1218 811 1315 891 Spiri-

14 943 26 976 r
72 921 147 984 tus,
173 911 222 990 qui
243 909 297 972 Dei
319 908 426 988 dicitnr
447 915 477 972 et
498 907 529 970 in
550 908 616 988 ipsu
640 917 695 982 est,
718 925 779 968 nnn
802 906 917 971 alienus
940 918 987 973 est
1008 930 1024 971 a
1045 911 1113 974 Filii
1134 920 1239 975 nature
1260 933 1316 977 nec

16 1025 19 1032 ·
72 1033 94 1075 a
124 1011 225 1076 Putris
247 1011 409 1110 divinitate
452 1010 523 1072 ideo
546 1009 678 1071 enimin
700 1009 855 1085 Trinium,
878 1009 1150 1076 scilicetinPntre
1172 1015 1315 1078 etinFi·
1402 1021 1404 1028 ’

14 1181 15 1186 ,
70 1115 126 1177 lio
152 1115 234 1177 etin
256 1115 322 1195 ipsc
345 1113 458 1194 Spiritu
479 1119 599 1186 sanctu,
627 1129 685 1174 una
715 1119 761 1173 est
789 1111 941 1187 divinitus,
975 1119 1005 1175 et
1033 1114 1065 1176 in
1086 1115 1149 1195 ipsu
1172 1115 1316 1181 Trinitnte

14 1278 28 1288 „
71 1235 183 1280 unum
205 1225 251 1280 est
271 1215 416 1296 baptisma
444 1222 475 1277 et
500 1211 671 1276 uuabdes.
720 1212 866 1274 Nimirum
890 1211 980 1276 Putre
1007 1215 1142 1278 mittente
1170 1217 1313 1297 Spiritum

14 1365 22 1394 ,
72 1319 183 1382 Filius
204 1318 358 1381 insufflans
381 1317 431 1378 dnt
451 1315 533 1392 iilum
555 1313 728 1395 Discipuiis,
750 1315 888 1394 quoniam
913 1319 1021 1388 emnia,
1044 1337 1242 1400 quaecumque
1259 1321 1314 1384 bu-

14 1458 17 1470 ·
76 1423 137 1484 bet
159 1419 267 1493 Peter,
296 1418 369 1482 Filii
395 1430 478 1482 sunt.
522 1416 560 1478 Et
587 1435 653 1480 cum
675 1415 803 1478 Verbum
818 1417 863 1478 vin
890 1415 1049 1498 Prophetis
1071 1419 1169 1508 tieret,
1198 1401 1255 1502 ipsi
1281 1421 1313 1484 iu
1352 1483 1353 1486 ,

15 1543 18 1572 r
76 1521 204 1602 Spiritu
231 1518 463 1602 prophetabunt,
491 1527 525 1580 nt
552 1519 694 1599 scriptum
723 1537 758 1581 sc
779 1518 1015 1582 demonstratum
1036 1527 1097 1582 est:
1134 1521 1225 1585 Verbo
1249 1522 1313 1588 Dc-

14 1671 16 1702 ,
75 1628 166 1687 mini
186 1623 266 1686 eceli
283 1623 402 1720 firmati
422 1632 504 1693 sunt,
526 1631 556 1683 et
577 1619 697 1703 Spiritu
719 1625 783 1685 urit
805 1624 871 1684 einr
895 1625 990 1685 omnis
1014 1627 1114 1688 uirtus
1137 1641 1251 1688 sunum.

14 2106 22 2114 ,
175 2039 206 2100 d.
249 2033 351 2113 linque
372 2051 434 2094 ncn
455 2039 552 2094 create
573 2049 624 2094 res
646 2037 694 2093 est
708 2029 849 2112 Spiritus,
872 2029 925 2094 sed
939 2029 1028 2094 Verbi
1042 2029 1225 2094 substantiae
1238 2049 1312 2113 pru·

14 2187 18 2220 ,
82 2138 183 2220 prius,
207 2137 261 2200 Dei
281 2137 352 2198 item
374 2135 526 2216 proprius,
549 2141 578 2196 et
599 2135 630 2196 iu
652 2133 718 2214 ipsu
740 2151 810 2196 esse
830 2133 946 2196 dicitur.
983 2133 1112 2196 Rursum
1127 2134 1229 2196 endem
1245 2135 1395 2216 ipsunerr.

85 2241 187 2302 dicere
208 2258 269 2301 nou
291 2239 400 2320 pigeat.
444 2235 573 2298 Tametsi
600 2235 728 2316 Spiritus
756 2243 876 2298 sanctus
901 2254 962 2298 unu
989 2245 1110 2299 vocatus
1137 2245 1183 2298 est
1209 2236 1311 2313 Filius,

85 2341 270 2405 nuntumen
293 2349 339 2404 est
361 2349 442 2402 extra
462 2338 580 2414 Filium,
603 2337 731 2418 Spiritus
752 2357 880 2418 nemque
900 2338 1069 2418 adoptionis
1084 2338 1182 2400 dictus
1204 2345 1260 2412 est,
1283 2347 1313 2402 et

14 2497 21 2528 i
86 2445 154 2524 quie
178 2445 318 2508 cbristus
340 2441 397 2505 Dei
416 2445 518 2506 cirins
541 2451 570 2504 et
591 2439 650 2503 Dei
668 2445 818 2522 supientia
841 2453 895 2514 est,
922 2447 1118 2520 congruenter
1139 2439 1176 2501 de
1198 2439 1311 2522 Spiritu

14 2597 20 2632 r
89 2553 192 2606 sanctu
214 2545 324 2607 dictum
346 2553 393 2606 est
414 2543 550 2624 Spiritus
574 2545 754 2623 sapientire,
778 2531 815 2604 'et
836 2543 966 2624 Spiritus
992 2541 1109 2616 virtutis
1137 2549 1192 2604 est
1237 2541 1310 2606 Cum

14 2701 16 2728 ζ
89 2645 167 2706 enim
189 2645 347 2725 participes
369 2665 475 2708 sumus
497 2644 643 2725 Spiritus,
670 2644 777 2706 Filium
798 2643 959 2718 hebemus,
989 2655 1020 2706 et
1039 2643 1145 2706 Filium
1167 2641 1310 2706 babentes

14 2781 16 2836 3
87 2747 234 2809 hebemus
262 2755 292 2808 et
312 2746 454 2826 Spiritum
484 2746 656 2809 clementem
684 2746 715 2808 in
737 2747 878 2810 cordibus
901 2745 1014 2806 uestris
1039 2745 1119 2810 Atta
1140 2743 1249 2817 Pater,
1278 2751 1311 2808 ut

87 2848 220 2930 loquitur
240 2847 360 2909 Pnuius.
405 2849 493 2922 Quod
514 2848 541 2916 si
562 2847 629 2928 quia
651 2847 780 2929 Spiritus
802 2855 849 2910 est
862 2845 927 2920 Dei,
950 2846 1031 2908 etin
1053 2846 1121 2927 ipsc
1143 2863 1211 2910 esse
1233 2847 1310 2910 scri-

87 2959 170 3031 ptum
192 2957 248 3024 est,
272 2967 339 3010 uem
362 2969 436 3032 qnae
458 2950 516 3014 Dei
535 2959 607 3014 runt
628 2969 715 3012 nnnc
739 2951 878 3028 rcpncur't
898 2951 961 3010 nebi
973 2947 1110 3030 Spiritus
1124 2948 1190 3027 Dei,
1213 2953 1266 3031 pen·
1278 2953 1310 3012 in

88 3058 153 3133 ipsc
177 3061 236 3123 ert,
258 3049 350 3112 Filius
372 3050 443 3112 item
465 3051 550 3114 dixit:
581 3051 644 3132 Epo
666 3054 699 3113 in
720 3048 813 3134 Putre
835 3061 864 3112 et
885 3047 1032 3112 Pater-in
1051 3068 1114 3126 rne;
1136 3068 1227 3135 quere
1248 3069 1309 3114 non
1399 3127 1402 3132 Ι

87 3153 157 3216 huic
178 3163 265 3233 utque
286 3151 328 3214 illi
350 3152 428 3214 idem
448 3171 558 3214 nomen
581 3139 638 3226 est',
661 3151 714 3213 sed
735 3150 785 3212 bic
806 3149 924 3230 quidem
944 3149 1032 3226 fitius,
1053 3151 1103 3214 ille
1123 3151 1245 3232 spiritus
1260 3151 1308 3214 di·

88 3253 187 3318 citur?
216 3256 242 3316 si
265 3254 331 3335 quis
353 3253 412 3316 hcc
432 3253 522 3315 modo
546 3251 729 3328 sciscitetur,
759 3251 784 3314 is
806 3254 941 3332 protecto
969 3251 1139 3327 insanierit,
1168 3271 1236 3316 cum
1257 3253 1307 3314 iu-

88 3356 255 3420 scrntubilir
277 3363 426 3418 scrutetur
447 3364 477 3418 et
497 3353 639 3435 Apostoln
660 3371 721 3416 nnn
744 3353 957 3434 obtemperet,
972 3354 1022 3434 qui
1044 3355 1100 3418 nit:
1132 3355 1209 3428 Quis
1230 3357 1309 3416 eninr

88 3463 172 3522 nccit
192 3477 313 3521 sensnm
334 3456 481 3521 Domini?
505 3462 646 3540 anitquis
669 3455 865 3520 consiliarius
887 3461 951 3520 εἰπε
972 3455 1059 3537 fuit?
1100 3454 1216 3537 Alioqui
1239 3456 1306 3536 qui-

88 3560 143 3622 bus
162 3558 242 3622 Deus
265 3577 374 3622 nomen
401 3558 522 3634 indidit,
551 3557 617 3638 quis
645 3577 756 3622 numen
785 3565 899 3620 mutare
927 3557 1069 3622 audebit?
1108 3557 1190 3622 -blins
1216 3557 1306 3624 rebus

90 3661 135 3722 ille
156 3679 274 3741 quoque
295 3661 401 3723 creetis
419 3660 560 3724 rncnbuin
586 3659 743 3723 adtribuet
787 3659 902 3735 Dicent,
923 3659 1160 3740 quandoquidem
1176 3666 1308 3722 creatum

91 3761 192 3823 ecdem
213 3769 286 3824 nutu
308 3763 382 3823 iactu
404 3772 542 3837 est,·cur
563 3762 612 3823 bic
632 3761 694 3834 sci,
715 3760 788 3822 illud
810 3760 937 3833 caetum,
961 3761 1031 3822 illud
1054 3767 1152 3833 terra,
1173 3777 1255 3822 marc
1276 3767 1308 3822 et

91 3860 161 3924 edri
204 3859 256 3923 Sin
278 3859 390 3924 insanis
413 3863 470 3924 iilis
491 3863 550 3923 hoc
570 3860 756 3940 impossibiie
777 3861 926 3934 videatur,
949 3860 1063 3939 singula
1086 3862 1165 3922 euim
1187 3870 1308 3924 manent

93 3971 124 4024 ut
143 3952 216 4023 tecte
238 3970 316 4036 suut,
338 3962 431 4024 multu
453 3963 547 4040 magis
570 3970 736 4040 quaesunt
758 3979 847 4042 suprn
870 3969 982 4024 crertm
1003 3979 1053 4024 res
1075 3971 1224 4026 aeternam
1249 3963 1305 4026 bs·

14 2289 18 2324 i

126 4175 671 4232 dmssmssmffldmmmmwm
721 4179 836 4230 mmm
877 4173 1306 4251 ffifflmmmzfflwmwc

94 4249 669 4301 mmmmmmmmmmmfflm
721 4243 814 4317 Qm

94 4320 151 4370 intra
169 4311 216 4366 erni
232 4325 286 4368 unte
303 4315 342 4384 epi
360 4309 432 4383 λόγῳ
450 4319 518 4368 deest
534 4318 559 4368 iu
573 4318 670 4370 anter.
754 4329 776 4380 ς.
794 4308 848 4384 γάρ
866 4318 935 4370 deest
951 4320 975 4370 in
993 4319 1090 4372 andrr.
1108 4329 1131 4372 et
1148 4319 1289 4372 Sulcitani.

95 4397 116 4438 et
132 4387 231 4438 detetur.
243 4387 265 4435 1.
753 4386 776 4434 b.
795 4387 893 4436 Gobter.
912 4396 935 4437 et
953 4389 1057 4440 Fetcim.
1069 4391 1090 4439 1.
1109 4382 1123 4438 d
1142 4383 1172 4438 δὲ
1190 4379 1306 4458 οὐρανὸς

125 4469 143 4504 c.
162 4455 224 4505 tinec
247 4446 283 4507 tic
306 4447 446 4507 discitur
461 4445 566 4521 εἴρηκεν
583 4455 670 4506 desunt
719 4450 765 4518 γῆ,
784 4447 927 4511 θάλασσα,
949 4447 1009 4523 ἆῆρ,
1046 4458 1096 4508 ttcr
1116 4459 1171 4520 tien.
1190 4468 1213 4509 ct
1230 4462 1303 4520 δεμ.

96 4523 117 4572 iu
134 4521 226 4573 dubier.
245 4531 268 4572 et
287 4523 390 4574 seucum.
411 4523 432 4572 i.
640 4542 644 4553 ·
719 4521 777 4575 teir
791 4512 922 4590 ἄροσιν.
959 4527 1020 4576 Editi
1042 4518 1189 4594 ἔμφροσιν.
1229 4526 1303 4575 Pente

126 4590 140 4639 t.
157 4589 195 4640 Sic
213 4591 269 4653 tien.
284 4591 382 4654 Srpuer.
396 4591 470 4641 berit.
488 4597 512 4642 et
528 4591 560 4642 itt
577 4591 670 4654 legeret
718 4598 775 4655 post
792 4581 882 4642 tatur
900 4593 967 4644 deest
984 4595 1008 4644 iu
1020 4595 1118 4646 Gruter.
1131 4593 1266 4644 etFetctm.
1279 4595 1306 4644 l.'

125 4677 245 4722 urrunnun
257 4689 309 4723 err.
320 4689 390 4723 ruer.
404 4689 453 4722 nrt.
1068 4677 1102 4729 bd
