3226 5280
457 469 596 514 sarsrom
612 469 808 512 censeamus
823 469 966 512 mesenas
982 471 1099 513 smum.
1351 453 1392 518 ta

163 621 314 692 dillenmt,
336 639 394 682 nec
416 621 495 682 idem
518 637 584 682 esse
605 627 705 700 potest
726 620 804 682 tilios
827 631 856 682 et
878 629 1007 695 creatos,
1029 639 1068 682 no
1091 619 1224 682 videlicet
1246 623 1311 685 eius
1334 638 1476 684 oa-r.un.

163 735 224 784 tura
249 731 280 784 et
304 741 341 783 ex
363 721 427 784 Deo
450 728 480 782 et
502 729 582 783 extra
604 721 696 784 lleum
720 711 789 784 esse
812 721 1007 784 existimetur.

249 1132 300 1191 14.
345 1128 421 1188 Num
454 1147 524 1207 ergo
558 1129 667 1188 nuso-a
699 1126 789 1190 rerba
824 1127 871 1190 illa
899 1127 1008 1206 scripta
1037 1123 1131 1187 snut?
1175 1124 1218 1184 lta
1249 1125 1328 1185 enirn
1350 1127 1391 1189 illi

158 1229 250 1290 veluti
272 1227 397 1290 ecdicum
421 1247 543 1290 examen
565 1237 762 1290 murmurant.
805 1229 924 1290 Minime
946 1247 1035 1301 veroa
1056 1245 1118 1288 non
1133 1227 1245 1288 frustra
1261 1225 1309 1286 illa
1325 1237 1393 1290 suut

158 1330 289 1409 scripta,
319 1329 371 1392 sed
394 1347 536 1409 perquam
558 1328 739 1390 necessarie.
783 1327 834 1390 ille
857 1329 934 1390 enim
958 1329 1046 1390 etiarn
1068 1327 1160 1388 creari
1184 1327 1309 1401 dicitur,
1338 1329 1389 1411 sed

157 1450 224 1493 eum
255 1432 347 1492 homo
379 1431 472 1492 lactus
501 1440 563 1504 est,
595 1431 625 1490 id
654 1431 732 1491 enim
756 1438 804 1491 est
824 1430 953 1491 hominis
975 1430 1139 1510 proprium.
1184 1429 1269 1490 Hunc
1291 1437 1474 1494 autemnon.

159 1552 227 1594 esse
251 1531 422 1611 Scripturas
445 1550 568 1594 sensum
590 1531 639 1600 ille
661 1532 800 1610 reperiet,
824 1530 875 1609 qui
898 1549 947 1592 eas
971 1549 1031 1592 non
1055 1549 1123 1592 esse
1139 1529 1234 1592 obiter
1249 1531 1387 1611 legendas

159 1635 303 1704 edoctum,
328 1642 462 1712 tempus,
491 1651 639 1712 personas
668 1651 702 1692 ac
729 1650 829 1694 rerum
853 1631 1027 1711 scriptarum
1049 1650 1167 1694 causam
1190 1633 1387 1711 investigabit,

158 1755 190 1796 ac
212 1733 340 1814 proinde
362 1753 436 1813 quae
457 1735 571 1812 legerit,
594 1733 731 1813 dispiciet
751 1734 970 1813 perpendetque
991 1751 1104 1796 secum.
1150 1733 1250 1811 ltaque
1271 1734 1387 1797 illorum

158 1835 318 1898 verborum
345 1842 464 1914 tempus
488 1853 557 1896 csse
579 1834 726 1906 inveniet,
755 1853 820 1895 cum
844 1835 982 1896 nimirum
1004 1833 1167 1904 Dominus,
1198 1833 1248 1911 qui
1273 1853 1389 1916 semper

158 1947 215 2012 est,
237 1946 343 2016 postea
367 1937 396 1997 in
420 1937 478 1998 fine
500 1934 686 1996 saeculorum
709 1936 800 1996 homo
823 1938 994 2008 estractus,
1018 1944 1047 1996 et
1068 1937 1118 2014 qui
1133 1935 1186 1996 Dei
1202 1933 1296 1996 Filius
1319 1945 1389 2010 erat,

158 2023 252 2101 lactus
277 2037 363 2098 etiarn
388 2047 435 2098 est
457 2036 548 2098 Filius
570 2036 711 2098 hominis.
757 2037 882 2098 Causam
898 2055 1018 2117 quoque
1032 2037 1183 2116 percipiet,
1199 2037 1266 2116 quia
1282 2055 1389 2118 nempe

159 2159 225 2202 curn
247 2140 296 2202 ille
318 2148 454 2202 nostram
477 2149 603 2201 mortem
625 2137 712 2200 vellet
734 2139 900 2208 destruere,
926 2137 983 2198 sibi
1005 2137 1063 2218 ipsi
1087 2155 1194 2216 corpus
1217 2157 1252 2200 ex
1274 2140 1385 2220 virgine

156 2243 247 2304 diaria
278 2243 406 2321 accepit,
438 2249 472 2302 ut
502 2241 573 2303 illud
606 2260 661 2320 pro
692 2239 832 2302 omnihus
861 2239 1010 2301 victimam
1039 2240 1118 2301 Patri
1153 2240 1297 2316 offerens,
1329 2261 1386 2304 nos

158 2361 260 2406 amnes
284 2344 444 2416 liberaret,
474 2348 527 2426 poi
545 2353 625 2406 metu
647 2347 758 2405 mortis
776 2359 837 2423 per
860 2351 956 2404 totam
978 2347 1072 2404 uitam
1094 2346 1237 2404 seruituti
1264 2343 1389 2406 odnoud

156 2463 289 2507 eramus.
333 2445 466 2506 Persona
489 2454 586 2506 autern
599 2443 760 2506 Salvatoris
783 2452 840 2517 est,
863 2443 944 2524 quod
966 2444 1086 2524 pridem
1102 2452 1172 2505 tunc
1187 2442 1302 2518 dicitur,
1319 2463 1385 2507 cum

156 2545 228 2606 iam
245 2563 370 2624 corpore
397 2553 517 2624 accepto
546 2545 619 2605 haec
646 2545 701 2607 ait:
731 2545 879 2610 Dominus
909 2550 1027 2609 creavit
1054 2565 1099 2608 me
1120 2549 1241 2608 initium
1263 2551 1384 2606 ciorum

158 2663 289 2706 auorum
309 2651 343 2706 in
366 2663 461 2723 opero
485 2663 549 2704 sou.
592 2644 631 2704 Ut
652 2645 729 2706 enim
750 2646 807 2720 illi,
830 2657 976 2726 qnatenus
1000 2645 1090 2709 Filius
1114 2646 1166 2707 [lei
1188 2655 1252 2719 est,
1275 2645 1389 2724 optime

163 2743 302 2802 convenit
330 2751 360 2801 ct
388 2749 541 2802 aeternum
570 2752 697 2804 csse'et
723 2745 753 2804 in
785 2748 852 2806 sinu
873 2748 969 2808 Patris
999 2766 1083 2821 esse3
1112 2748 1153 2807 ita
1173 2744 1289 2806 homini
1312 2745 1388 2804 lacto

165 2849 248 2901 reete
272 2849 439 2918 congruunt
459 2841 532 2900 hacc
552 2841 655 2902 rerba:
678 2844 824 2905 Dominus
848 2853 961 2911 creavit
982 2867 1038 2910 me.
1083 2848 1170 2908 Tunc
1192 2845 1271 2905 enim
1294 2843 1331 2902 de
1354 2861 1388 2901 eo

161 2941 290 3002 dicitur:
324 2949 354 3002 ct
386 2939 506 3000 esurivit
539 2948 569 3000 et
596 2941 689 3002 sitivit
716 2951 745 3003 et
765 2945 956 3024 interrogarit
978 2948 1026 3008 nbi
1049 2949 1162 3008 iaceret
1181 2944 1329 3013 Lazarus,
1361 2953 1391 3003 et

155 3061 270 3122 passus
302 3050 366 3116 est,
395 3060 431 3103 ac
459 3042 631 3104 resurrexit
678 3043 930 3114 Quemadmodum
959 3049 1031 3109 item
1054 3065 1121 3106 cum
1144 3061 1212 3104 eum
1234 3041 1390 3103 Dominum

157 3153 188 3206 et
210 3143 304 3206 [lenm
325 3162 360 3204 ac
382 3161 482 3204 reram
504 3143 601 3206 lucem
624 3144 764 3224 appellari
789 3145 934 3219 audimus,
958 3147 1041 3207 illum
1064 3144 1252 3223 intelligimus
1275 3162 1309 3204 ex
1330 3143 1388 3204 Pa·

157 3254 202 3307 tre
226 3264 308 3307 esse:
339 3245 384 3306 sic
406 3264 473 3306 cum
496 3244 545 3306 illa
568 3246 724 3320 audimus,
751 3245 889 3322 Creoua't,
913 3265 1022 3308 servos
1045 3256 1074 3308 et
1090 3265 1202 3328 possus
1225 3257 1284 3316 est,
1313 3245 1386 3308 liaeo

157 3347 221 3408 eins
251 3345 396 3408 divinitati
424 3347 557 3408 tribuere
580 3365 707 3427 acquum
731 3365 792 3408 non
817 3356 879 3420 est,
901 3357 934 3410 ut
956 3355 1026 3426 pote
1048 3365 1121 3426 quae
1143 3347 1178 3408 ab
1200 3346 1303 3408 eadem
1326 3345 1384 3408 sint

156 3448 259 3522 aliena,
283 3449 336 3510 sed
360 3447 458 3520 cami,
481 3467 568 3528 quam
590 3457 715 3529 propter
736 3467 793 3510 nos
816 3452 945 3530 accepit,
970 3449 1050 3512 ouius
1073 3450 1128 3510 ista
1151 3448 1290 3510 nimirum
1314 3457 1385 3516 suut

157 3549 291 3628 propria;
321 3568 396 3628 quae
421 3548 543 3628 quidem
572 3568 640 3610 curo
670 3567 731 3611 non
759 3549 834 3612 alius
857 3551 911 3612 sed
934 3551 1027 3630 ipsius
1050 3558 1097 3612 est
1118 3549 1215 3610 Verbi.
1262 3549 1383 3628 Siquis

157 3667 226 3710 reru
249 3657 346 3710 ortum
369 3650 436 3710 inde
458 3650 690 3712 emolumentum
713 3651 828 3713 discere
848 3651 935 3726 velit,
964 3652 992 3714 id
1015 3652 1102 3714 etiam
1127 3661 1174 3712 est
1197 3659 1382 3730 reperturus.

156 3747 229 3810 Nam
255 3749 379 3812 Verbum
408 3753 701 3831 ceroferarium,
735 3761 769 3816 ut
797 3764 825 3814 et
854 3773 918 3816 eam
941 3773 996 3834 pro
1019 3752 1159 3814 omnibus
1183 3754 1320 3822 ollerret,
1355 3758 1385 3811 et

157 3869 213 3912 nos
242 3851 306 3911 eius
336 3851 456 3929 spiritus
486 3853 554 3913 iacti
576 3853 735 3934 participes
757 3855 798 3915 dii
819 3856 885 3917 fieri
905 3871 1087 3933 possemus,
1117 3853 1195 3930 quod
1217 3853 1302 3912 aliter
1323 3870 1384 3912 non

155 3953 358 4030 potuissemus
388 3953 548 4030 consequi,
574 3953 634 4014 nisi
663 3955 728 4032 ipse
756 3963 887 4015 creatum
916 3961 1055 4012 nostrum
1085 3971 1192 4031 corpus
1219 3953 1384 4026 induissem

157 4054 202 4112 sic
233 4051 311 4112 enim
343 4052 449 4112 exinde
472 4061 502 4112 ct
523 4053 660 4114 homines
683 4052 737 4112 Dei
767 4061 797 4112 et
818 4054 849 4115 in
873 4053 990 4114 Christo
1013 4053 1150 4114 homines
1173 4055 1311 4133 appellari
1335 4054 1382 4113 in·

157 4153 299 4232 cepimus.
343 4153 403 4214 Sed
431 4161 463 4215 ut
490 4173 547 4214 nos
570 4153 681 4234 Spiritu
713 4162 831 4232 accepto
860 4153 1009 4234 propriam
1039 4173 1100 4215 non
1134 4155 1295 4216 amittimus
1328 4173 1383 4214 na-

154 4263 267 4326 turam,
301 4255 340 4314 ita
360 4255 522 4328 Bominus,
556 4265 715 4334 postquam
749 4255 837 4317 homo
860 4263 983 4336 propter
1003 4275 1060 4318 nos
1083 4259 1177 4324 lacteis
1201 4264 1247 4316 est
1269 4263 1297 4314 et
1316 4273 1386 4314 cor-

151 4373 210 4434 pus
233 4355 468 4434 accepit,'lleus
502 4357 694 4420 nihilominus
723 4359 841 4418 mansit.
885 4357 945 4419 Nec
977 4358 1056 4420 enim
1090 4364 1216 4436 angusto
1249 4353 1383 4432 corporis

189 4625 210 4686 ²:
229 4610 269 4659 Sir.
287 4611 381 4672 Regius.
417 4611 495 4662 Ceteri
514 4620 537 4662 et
555 4611 611 4662 aditi
630 4613 741 4662 omittunt
828 4613 852 4660 n.
871 4613 926 4674 fleg.
945 4605 1042 4661 ἐθέλει.

155 4689 262 4725 τουτου.
