<?xml version="1.0" encoding="UTF-8"?>
<!DOCTYPE html PUBLIC "-//W3C//DTD XHTML 1.0 Transitional//EN"
    "http://www.w3.org/TR/xhtml1/DTD/xhtml1-transitional.dtd">
<html xmlns="http://www.w3.org/1999/xhtml" xml:lang="en" lang="en">
 <head>
  <title>
</title>
<meta http-equiv="Content-Type" content="text/html;charset=utf-8" />
  <meta name='ocr-system' content='tesseract 3.04.00' />
  <meta name='ocr-capabilities' content='ocr_page ocr_carea ocr_par ocr_line ocrx_word'/>
</head>
<body>
  <div class='ocr_page' id='page_1' title='image "./sanctiathanasii00athagoog_0880.png"; bbox 0 0 3054 5236; ppageno 0'>
   <div class='ocr_carea' id='block_1_1' title="bbox 520 362 1319 444">
    <p class='ocr_par' dir='ltr' id='par_1_1' title="bbox 520 362 1319 444">
     <span class='ocr_line' id='line_1_1' title="bbox 520 362 1319 444; baseline 0.021 -36"><span class='ocrx_word' id='word_1_1' title='bbox 520 365 715 410; x_wconf 76' lang='lat' dir='ltr'><strong>urreremre</strong></span> <span class='ocrx_word' id='word_1_2' title='bbox 731 368 909 444; x_wconf 73' lang='lat' dir='ltr'><strong>nrtersren.</strong></span> <span class='ocrx_word' id='word_1_3' title='bbox 1258 362 1319 428; x_wconf 82' lang='lat'><strong>835</strong></span> 
     </span>
    </p>
   </div>
   <div class='ocr_carea' id='block_1_2' title="bbox 8 496 1403 3724">
    <p class='ocr_par' dir='ltr' id='par_1_2' title="bbox 8 496 1403 3724">
     <span class='ocr_line' id='line_1_2' title="bbox 26 496 1403 599; baseline 0.019 -33"><span class='ocrx_word' id='word_1_4' title='bbox 26 507 138 568; x_wconf 69' lang='lat' dir='ltr'><strong>fictitia</strong></span> <span class='ocrx_word' id='word_1_5' title='bbox 165 527 231 572; x_wconf 86' lang='lat' dir='ltr'><strong>res</strong></span> <span class='ocrx_word' id='word_1_6' title='bbox 261 519 324 572; x_wconf 88' lang='lat' dir='ltr'><strong>est</strong></span> <span class='ocrx_word' id='word_1_7' title='bbox 352 513 439 576; x_wconf 86' lang='lat' dir='ltr'><strong>salus</strong></span> <span class='ocrx_word' id='word_1_8' title='bbox 461 523 573 588; x_wconf 82' lang='lat' dir='ltr'><strong>nestra,</strong></span> <span class='ocrx_word' id='word_1_9' title='bbox 596 534 692 596; x_wconf 87' lang='lat' dir='ltr'><strong>neque</strong></span> <span class='ocrx_word' id='word_1_10' title='bbox 714 517 808 580; x_wconf 83' lang='lat' dir='ltr'><strong>sebee</strong></span> <span class='ocrx_word' id='word_1_11' title='bbox 829 496 977 599; x_wconf 79' lang='lat' dir='ltr'><strong>corperis,</strong></span> <span class='ocrx_word' id='word_1_12' title='bbox 1000 521 1054 584; x_wconf 90' lang='lat' dir='ltr'><strong>sed</strong></span> <span class='ocrx_word' id='word_1_13' title='bbox 1069 541 1139 586; x_wconf 81' lang='lat' dir='ltr'><strong>vere</strong></span> <span class='ocrx_word' id='word_1_14' title='bbox 1153 526 1245 588; x_wconf 81' lang='lat' dir='ltr'><strong>mem</strong></span> <span class='ocrx_word' id='word_1_15' title='bbox 1260 529 1403 592; x_wconf 76' lang='lat' dir='ltr'><strong>be-reee</strong></span> 
     </span>
     <span class='ocr_line' id='line_1_3' title="bbox 27 607 1318 700; baseline 0.019 -33"><span class='ocrx_word' id='word_1_16' title='bbox 27 607 138 681; x_wconf 83' lang='lat' dir='ltr'><strong>einis,</strong></span> <span class='ocrx_word' id='word_1_17' title='bbox 168 611 319 674; x_wconf 85' lang='lat' dir='ltr'><strong>animae</strong></span> <span class='ocrx_word' id='word_1_18' title='bbox 347 613 466 677; x_wconf 86' lang='lat' dir='ltr'><strong>scilieet</strong></span> <span class='ocrx_word' id='word_1_19' title='bbox 488 623 518 677; x_wconf 90' lang='lat' dir='ltr'><strong>et</strong></span> <span class='ocrx_word' id='word_1_20' title='bbox 538 618 682 697; x_wconf 86' lang='lat' dir='ltr'><strong>corperis,</strong></span> <span class='ocrx_word' id='word_1_21' title='bbox 706 619 786 681; x_wconf 82' lang='lat' dir='ltr'><strong>seim</strong></span> <span class='ocrx_word' id='word_1_22' title='bbox 808 620 840 681; x_wconf 91' lang='lat' dir='ltr'><strong>in</strong></span> <span class='ocrx_word' id='word_1_23' title='bbox 861 621 929 700; x_wconf 89' lang='lat' dir='ltr'><strong>ipse</strong></span> <span class='ocrx_word' id='word_1_24' title='bbox 944 621 1040 683; x_wconf 88' lang='lat' dir='ltr'><strong>Verbe</strong></span> <span class='ocrx_word' id='word_1_25' title='bbox 1057 624 1133 686; x_wconf 80' lang='lat' dir='ltr'><strong>saeta</strong></span> <span class='ocrx_word' id='word_1_26' title='bbox 1155 634 1211 689; x_wconf 87' lang='lat' dir='ltr'><strong>est.</strong></span> <span class='ocrx_word' id='word_1_27' title='bbox 1254 628 1318 692; x_wconf 87' lang='grc' dir='ltr'>Ηιι-</span> 
     </span>
     <span class='ocr_line' id='line_1_4' title="bbox 29 711 1319 800; baseline 0.016 -30"><span class='ocrx_word' id='word_1_28' title='bbox 29 725 169 772; x_wconf 85' lang='lat' dir='ltr'><strong>manum</strong></span> <span class='ocrx_word' id='word_1_29' title='bbox 197 711 326 793; x_wconf 88' lang='lat' dir='ltr'><strong>itaque</strong></span> <span class='ocrx_word' id='word_1_30' title='bbox 355 719 563 791; x_wconf 67' lang='lat' dir='ltr'><strong>maturuerat,</strong></span> <span class='ocrx_word' id='word_1_31' title='bbox 594 719 673 797; x_wconf 85' lang='lat' dir='ltr'><strong>qued</strong></span> <span class='ocrx_word' id='word_1_32' title='bbox 701 737 736 781; x_wconf 85' lang='lat' dir='ltr'><strong>cx</strong></span> <span class='ocrx_word' id='word_1_33' title='bbox 763 719 855 782; x_wconf 85' lang='lat' dir='ltr'><strong>bieria</strong></span> <span class='ocrx_word' id='word_1_34' title='bbox 881 720 993 800; x_wconf 89' lang='lat' dir='ltr'><strong>prodiit</strong></span> <span class='ocrx_word' id='word_1_35' title='bbox 1020 725 1184 788; x_wconf 89' lang='lat' dir='ltr'><strong>seeundum</strong></span> <span class='ocrx_word' id='word_1_36' title='bbox 1205 727 1319 792; x_wconf 84' lang='lat' dir='ltr'><strong>divinas</strong></span> 
     </span>
     <span class='ocr_line' id='line_1_5' title="bbox 8 810 1319 902; baseline 0.017 -32"><span class='ocrx_word' id='word_1_37' title='bbox 8 810 252 891; x_wconf 58' lang='lat' dir='ltr'><strong>Scripturas,</strong></span> <span class='ocrx_word' id='word_1_38' title='bbox 289 831 469 897; x_wconf 83' lang='lat' dir='ltr'><strong>rerumque</strong></span> <span class='ocrx_word' id='word_1_39' title='bbox 497 827 560 880; x_wconf 89' lang='lat' dir='ltr'><strong>erat</strong></span> <span class='ocrx_word' id='word_1_40' title='bbox 581 819 701 880; x_wconf 83' lang='lat' dir='ltr'>Domini</span> <span class='ocrx_word' id='word_1_41' title='bbox 730 837 857 899; x_wconf 85' lang='lat' dir='ltr'><strong>cerpus;</strong></span> <span class='ocrx_word' id='word_1_42' title='bbox 885 839 987 883; x_wconf 79' lang='lat' dir='ltr'><strong>rerum</strong></span> <span class='ocrx_word' id='word_1_43' title='bbox 1013 822 1133 902; x_wconf 88' lang='lat' dir='ltr'><strong>inquam</strong></span> <span class='ocrx_word' id='word_1_44' title='bbox 1154 827 1224 902; x_wconf 80' lang='lat' dir='ltr'><strong>tuit,</strong></span> <span class='ocrx_word' id='word_1_45' title='bbox 1252 844 1319 892; x_wconf 89' lang='lat' dir='ltr'><strong>cem</strong></span> 
     </span>
     <span class='ocr_line' id='line_1_6' title="bbox 35 912 1320 1002; baseline 0.014 -30"><span class='ocrx_word' id='word_1_46' title='bbox 35 912 119 974; x_wconf 88' lang='lat' dir='ltr'><strong>dem</strong></span> <span class='ocrx_word' id='word_1_47' title='bbox 148 923 262 995; x_wconf 88' lang='lat' dir='ltr'><strong>atque</strong></span> <span class='ocrx_word' id='word_1_48' title='bbox 289 927 441 981; x_wconf 88' lang='lat' dir='ltr'><strong>nestrum</strong></span> <span class='ocrx_word' id='word_1_49' title='bbox 464 919 602 998; x_wconf 83' lang='lat' dir='ltr'><strong>extiterit</strong></span> <span class='ocrx_word' id='word_1_50' title='bbox 647 920 741 982; x_wconf 90' lang='lat' dir='ltr'><strong>Serer</strong></span> <span class='ocrx_word' id='word_1_51' title='bbox 762 921 873 984; x_wconf 89' lang='lat' dir='ltr'><strong>etenim</strong></span> <span class='ocrx_word' id='word_1_52' title='bbox 894 931 1006 984; x_wconf 89' lang='lat' dir='ltr'><strong>nestra</strong></span> <span class='ocrx_word' id='word_1_53' title='bbox 1020 931 1067 984; x_wconf 89' lang='lat' dir='ltr'><strong>est</strong></span> <span class='ocrx_word' id='word_1_54' title='bbox 1086 924 1192 1002; x_wconf 82' lang='lat' dir='ltr'><strong>bieria,</strong></span> <span class='ocrx_word' id='word_1_55' title='bbox 1215 946 1320 993; x_wconf 87' lang='lat' dir='ltr'><strong>emnes</strong></span> 
     </span>
     <span class='ocr_line' id='line_1_7' title="bbox 31 1013 1321 1113; baseline 0.016 -40"><span class='ocrx_word' id='word_1_56' title='bbox 31 1013 158 1094; x_wconf 76' lang='lat' dir='ltr'><strong>puippe</strong></span> <span class='ocrx_word' id='word_1_57' title='bbox 186 1036 233 1078; x_wconf 79' lang='lat' dir='ltr'><strong>ere</strong></span> <span class='ocrx_word' id='word_1_58' title='bbox 259 1019 391 1113; x_wconf 73' lang='lat' dir='ltr'><strong>Adame</strong></span> <span class='ocrx_word' id='word_1_59' title='bbox 414 1019 472 1081; x_wconf 92' lang='lat' dir='ltr'><strong>erti</strong></span> <span class='ocrx_word' id='word_1_60' title='bbox 494 1039 609 1082; x_wconf 90' lang='lat' dir='ltr'><strong>sumes.</strong></span> <span class='ocrx_word' id='word_1_61' title='bbox 653 1020 714 1082; x_wconf 88' lang='lat' dir='ltr'><strong>Nec</strong></span> <span class='ocrx_word' id='word_1_62' title='bbox 738 1021 895 1101; x_wconf 84' lang='lat' dir='ltr'><strong>qnisquam</strong></span> <span class='ocrx_word' id='word_1_63' title='bbox 916 1022 973 1085; x_wconf 90' lang='lat' dir='ltr'><strong>bae</strong></span> <span class='ocrx_word' id='word_1_64' title='bbox 993 1024 1031 1086; x_wconf 94' lang='lat' dir='ltr'><strong>de</strong></span> <span class='ocrx_word' id='word_1_65' title='bbox 1052 1043 1086 1086; x_wconf 92' lang='lat' dir='ltr'><strong>re</strong></span> <span class='ocrx_word' id='word_1_66' title='bbox 1108 1025 1269 1102; x_wconf 73' lang='lat' dir='ltr'>dubitabit,</span> <span class='ocrx_word' id='word_1_67' title='bbox 1292 1031 1321 1094; x_wconf 89' lang='lat' dir='ltr'><strong>si</strong></span> 
     </span>
     <span class='ocr_line' id='line_1_8' title="bbox 36 1113 1319 1205; baseline 0.012 -29"><span class='ocrx_word' id='word_1_68' title='bbox 36 1113 176 1192; x_wconf 82' lang='lat' dir='ltr'><strong>puidam</strong></span> <span class='ocrx_word' id='word_1_69' title='bbox 204 1137 338 1184; x_wconf 87' lang='lat' dir='ltr'><strong>eorum</strong></span> <span class='ocrx_word' id='word_1_70' title='bbox 360 1121 538 1196; x_wconf 79' lang='lat' dir='ltr'><strong>meminerit,</strong></span> <span class='ocrx_word' id='word_1_71' title='bbox 560 1140 637 1201; x_wconf 87' lang='lat' dir='ltr'><strong>quae</strong></span> <span class='ocrx_word' id='word_1_72' title='bbox 651 1121 747 1184; x_wconf 89' lang='lat' dir='ltr'><strong>Lucas</strong></span> <span class='ocrx_word' id='word_1_73' title='bbox 768 1122 898 1204; x_wconf 79' lang='lat' dir='ltr'><strong>suipsit</strong></span> <span class='ocrx_word' id='word_1_74' title='bbox 940 1122 1014 1186; x_wconf 89' lang='lat' dir='ltr'><strong>Nam</strong></span> <span class='ocrx_word' id='word_1_75' title='bbox 1033 1133 1189 1205; x_wconf 85' lang='lat' dir='ltr'><strong>postquam</strong></span> <span class='ocrx_word' id='word_1_76' title='bbox 1203 1147 1221 1190; x_wconf 93' lang='lat' dir='ltr'><strong>a</strong></span> <span class='ocrx_word' id='word_1_77' title='bbox 1235 1147 1319 1192; x_wconf 91' lang='lat' dir='ltr'><strong>mer-</strong></span> 
     </span>
     <span class='ocr_line' id='line_1_9' title="bbox 33 1215 1319 1307; baseline 0.013 -31"><span class='ocrx_word' id='word_1_78' title='bbox 33 1215 105 1278; x_wconf 81' lang='lat' dir='ltr'><strong>tuis</strong></span> <span class='ocrx_word' id='word_1_79' title='bbox 134 1221 367 1296; x_wconf 83' lang='lat' dir='ltr'><strong>surrexisset,</strong></span> <span class='ocrx_word' id='word_1_80' title='bbox 383 1241 459 1285; x_wconf 82' lang='lat' dir='ltr'><strong>eum</strong></span> <span class='ocrx_word' id='word_1_81' title='bbox 481 1224 600 1303; x_wconf 88' lang='lat' dir='ltr'><strong>quidem</strong></span> <span class='ocrx_word' id='word_1_82' title='bbox 622 1215 833 1298; x_wconf 79' lang='lat' dir='ltr'><strong>existimarant,</strong></span> <span class='ocrx_word' id='word_1_83' title='bbox 857 1243 891 1286; x_wconf 89' lang='lat' dir='ltr'><strong>se</strong></span> <span class='ocrx_word' id='word_1_84' title='bbox 911 1243 974 1287; x_wconf 88' lang='lat' dir='ltr'><strong>nen</strong></span> <span class='ocrx_word' id='word_1_85' title='bbox 995 1226 1026 1286; x_wconf 93' lang='lat' dir='ltr'><strong>in</strong></span> <span class='ocrx_word' id='word_1_86' title='bbox 1048 1245 1175 1307; x_wconf 87' lang='lat' dir='ltr'><strong>corpere</strong></span> <span class='ocrx_word' id='word_1_87' title='bbox 1197 1245 1233 1292; x_wconf 84' lang='lat' dir='ltr'><strong>ex</strong></span> <span class='ocrx_word' id='word_1_88' title='bbox 1255 1231 1319 1292; x_wconf 81' lang='lat' dir='ltr'><strong>tta-</strong></span> 
     </span>
     <span class='ocr_line' id='line_1_10' title="bbox 24 1318 1337 1418; baseline 0.009 -38"><span class='ocrx_word' id='word_1_89' title='bbox 24 1318 88 1380; x_wconf 87' lang='lat' dir='ltr'><strong>.ria</strong></span> <span class='ocrx_word' id='word_1_90' title='bbox 118 1319 242 1400; x_wconf 78' lang='lat' dir='ltr'><strong>genite</strong></span> <span class='ocrx_word' id='word_1_91' title='bbox 269 1323 441 1386; x_wconf 87' lang='lat' dir='ltr'><strong>Dominum</strong></span> <span class='ocrx_word' id='word_1_92' title='bbox 463 1325 632 1405; x_wconf 78' lang='lat' dir='ltr'>adspicere,</span> <span class='ocrx_word' id='word_1_93' title='bbox 663 1325 718 1386; x_wconf 91' lang='lat' dir='ltr'><strong>sed</strong></span> <span class='ocrx_word' id='word_1_94' title='bbox 745 1325 824 1388; x_wconf 88' lang='lat' dir='ltr'><strong>illius</strong></span> <span class='ocrx_word' id='word_1_95' title='bbox 845 1326 912 1418; x_wconf 75' lang='lat' dir='ltr'><strong>lecq</strong></span> <span class='ocrx_word' id='word_1_96' title='bbox 940 1326 1078 1406; x_wconf 84' lang='lat' dir='ltr'><strong>spiritum</strong></span> <span class='ocrx_word' id='word_1_97' title='bbox 1100 1328 1217 1404; x_wconf 86' lang='lat' dir='ltr'><strong>videre,</strong></span> <span class='ocrx_word' id='word_1_98' title='bbox 1246 1330 1337 1394; x_wconf 84' lang='lat' dir='ltr'><strong>dixit.</strong></span> 
     </span>
     <span class='ocr_line' id='line_1_11' title="bbox 37 1418 1320 1514; baseline 0.012 -36"><span class='ocrx_word' id='word_1_99' title='bbox 37 1418 115 1480; x_wconf 86' lang='lat' dir='ltr'><strong>iiie:</strong></span> <span class='ocrx_word' id='word_1_100' title='bbox 157 1421 280 1486; x_wconf 80' lang='lat' dir='ltr'><strong>Videte</strong></span> <span class='ocrx_word' id='word_1_101' title='bbox 314 1446 423 1514; x_wconf 73' lang='lat' dir='ltr'><strong>mperes</strong></span> <span class='ocrx_word' id='word_1_102' title='bbox 450 1447 531 1490; x_wconf 84' lang='lat' dir='ltr'><strong>meur</strong></span> <span class='ocrx_word' id='word_1_103' title='bbox 559 1439 589 1490; x_wconf 83' lang='lat' dir='ltr'><strong>et</strong></span> <span class='ocrx_word' id='word_1_104' title='bbox 612 1426 706 1508; x_wconf 78' lang='lat' dir='ltr'><strong>pedes</strong></span> <span class='ocrx_word' id='word_1_105' title='bbox 727 1445 823 1499; x_wconf 81' lang='lat' dir='ltr'><strong>maer,</strong></span> <span class='ocrx_word' id='word_1_106' title='bbox 852 1437 881 1490; x_wconf 83' lang='lat' dir='ltr'><strong>et</strong></span> <span class='ocrx_word' id='word_1_107' title='bbox 901 1427 1025 1508; x_wconf 64' lang='lat' dir='ltr'><strong>fientes</strong></span> <span class='ocrx_word' id='word_1_108' title='bbox 1049 1427 1219 1502; x_wconf 79' lang='lat' dir='ltr'><strong>cieverunt,</strong></span> <span class='ocrx_word' id='word_1_109' title='bbox 1248 1435 1320 1512; x_wconf 76' lang='lat' dir='ltr'><strong>pute</strong></span> 
     </span>
     <span class='ocr_line' id='line_1_12' title="bbox 38 1525 1320 1608; baseline 0.012 -28"><span class='ocrx_word' id='word_1_110' title='bbox 38 1537 100 1598; x_wconf 82' lang='lat' dir='ltr'><strong>epe</strong></span> <span class='ocrx_word' id='word_1_111' title='bbox 128 1525 208 1602; x_wconf 79' lang='lat' dir='ltr'><strong>t&#39;pse</strong></span> <span class='ocrx_word' id='word_1_112' title='bbox 235 1545 327 1588; x_wconf 81' lang='lat' dir='ltr'><strong>sum.</strong></span> <span class='ocrx_word' id='word_1_113' title='bbox 372 1526 499 1608; x_wconf 83' lang='lat' dir='ltr'><strong>Palpete</strong></span> <span class='ocrx_word' id='word_1_114' title='bbox 519 1546 565 1590; x_wconf 84' lang='lat' dir='ltr'><strong>me</strong></span> <span class='ocrx_word' id='word_1_115' title='bbox 587 1537 616 1590; x_wconf 81' lang='lat' dir='ltr'><strong>et</strong></span> <span class='ocrx_word' id='word_1_116' title='bbox 637 1528 748 1599; x_wconf 79' lang='lat' dir='ltr'><strong>videte,</strong></span> <span class='ocrx_word' id='word_1_117' title='bbox 777 1532 848 1608; x_wconf 81' lang='lat' dir='ltr'><strong>petie</strong></span> <span class='ocrx_word' id='word_1_118' title='bbox 874 1527 1011 1608; x_wconf 72' lang='lat' dir='ltr'><strong>Spiritus</strong></span> <span class='ocrx_word' id='word_1_119' title='bbox 1040 1547 1163 1592; x_wconf 70' lang='lat' dir='ltr'><strong>cernent</strong></span> <span class='ocrx_word' id='word_1_120' title='bbox 1190 1541 1219 1594; x_wconf 85' lang='lat' dir='ltr'><strong>et</strong></span> <span class='ocrx_word' id='word_1_121' title='bbox 1248 1549 1320 1594; x_wconf 83' lang='lat' dir='ltr'><strong>erre</strong></span> 
     </span>
     <span class='ocr_line' id='line_1_13' title="bbox 42 1621 1318 1718; baseline 0.011 -37"><span class='ocrx_word' id='word_1_122' title='bbox 42 1638 119 1684; x_wconf 80' lang='lat' dir='ltr'><strong>nere</strong></span> <span class='ocrx_word' id='word_1_123' title='bbox 148 1621 270 1696; x_wconf 79' lang='lat' dir='ltr'><strong>teter,</strong></span> <span class='ocrx_word' id='word_1_124' title='bbox 298 1631 380 1690; x_wconf 77' lang='lat' dir='ltr'><strong>sicet</strong></span> <span class='ocrx_word' id='word_1_125' title='bbox 399 1647 445 1690; x_wconf 85' lang='lat' dir='ltr'><strong>me</strong></span> <span class='ocrx_word' id='word_1_126' title='bbox 466 1629 573 1690; x_wconf 79' lang='lat' dir='ltr'><strong>uidetis</strong></span> <span class='ocrx_word' id='word_1_127' title='bbox 597 1627 714 1690; x_wconf 83' lang='lat' dir='ltr'><strong>bebere.</strong></span> <span class='ocrx_word' id='word_1_128' title='bbox 743 1627 798 1718; x_wconf 27' lang='lat' dir='ltr'><strong>*It&#39;t</strong></span> <span class='ocrx_word' id='word_1_129' title='bbox 820 1647 887 1690; x_wconf 83' lang='lat' dir='ltr'><strong>eum</strong></span> <span class='ocrx_word' id='word_1_130' title='bbox 901 1628 1107 1702; x_wconf 72' lang='lat' dir='ltr'><strong>taeduerat,</strong></span> <span class='ocrx_word' id='word_1_131' title='bbox 1130 1633 1261 1695; x_wconf 77' lang='lat' dir='ltr'><strong>eetmdr&#39;t</strong></span> <span class='ocrx_word' id='word_1_132' title='bbox 1275 1635 1318 1695; x_wconf 79' lang='lat' dir='ltr'><strong>eit</strong></span> 
     </span>
     <span class='ocr_line' id='line_1_14' title="bbox 22 1718 1319 1808; baseline 0.007 -24"><span class='ocrx_word' id='word_1_133' title='bbox 22 1718 178 1786; x_wconf 76' lang='lat' dir='ltr'><strong>&#39;menete</strong></span> <span class='ocrx_word' id='word_1_134' title='bbox 208 1736 244 1786; x_wconf 80' lang='lat' dir='ltr'><strong>et</strong></span> <span class='ocrx_word' id='word_1_135' title='bbox 266 1728 373 1806; x_wconf 76' lang='lat' dir='ltr'><strong>pedes.</strong></span> <span class='ocrx_word' id='word_1_136' title='bbox 417 1727 460 1789; x_wconf 83' lang='lat' dir='ltr'><strong>Ex</strong></span> <span class='ocrx_word' id='word_1_137' title='bbox 482 1727 589 1808; x_wconf 88' lang='lat' dir='ltr'><strong>quibus</strong></span> <span class='ocrx_word' id='word_1_138' title='bbox 611 1729 676 1790; x_wconf 91' lang='lat' dir='ltr'><strong>iure</strong></span> <span class='ocrx_word' id='word_1_139' title='bbox 698 1737 912 1808; x_wconf 71' lang='lat' dir='ltr'><strong>coarguantur,</strong></span> <span class='ocrx_word' id='word_1_140' title='bbox 941 1730 991 1808; x_wconf 92' lang='lat' dir='ltr'><strong>qui</strong></span> <span class='ocrx_word' id='word_1_141' title='bbox 1019 1729 1117 1794; x_wconf 85' lang='lat' dir='ltr'><strong>dicere</strong></span> <span class='ocrx_word' id='word_1_142' title='bbox 1149 1731 1215 1796; x_wconf 89' lang='lat' dir='ltr'><strong>ausi</strong></span> <span class='ocrx_word' id='word_1_143' title='bbox 1237 1740 1319 1808; x_wconf 88' lang='lat' dir='ltr'><strong>sunt,</strong></span> 
     </span>
     <span class='ocr_line' id='line_1_15' title="bbox 12 1817 1320 1904; baseline 0.01 -22"><span class='ocrx_word' id='word_1_144' title='bbox 12 1817 241 1904; x_wconf 20' lang='lat' dir='ltr'><strong>&#39;&#39;Dominum</strong></span> <span class='ocrx_word' id='word_1_145' title='bbox 269 1827 305 1888; x_wconf 90' lang='lat' dir='ltr'><strong>in</strong></span> <span class='ocrx_word' id='word_1_146' title='bbox 327 1839 446 1892; x_wconf 86' lang='lat' dir='ltr'><strong>carnem</strong></span> <span class='ocrx_word' id='word_1_147' title='bbox 468 1839 498 1892; x_wconf 89' lang='lat' dir='ltr'><strong>et</strong></span> <span class='ocrx_word' id='word_1_148' title='bbox 519 1849 590 1892; x_wconf 90' lang='lat' dir='ltr'><strong>essa</strong></span> <span class='ocrx_word' id='word_1_149' title='bbox 612 1837 755 1892; x_wconf 87' lang='lat' dir='ltr'><strong>mutatum</strong></span> <span class='ocrx_word' id='word_1_150' title='bbox 778 1829 881 1893; x_wconf 81' lang='lat' dir='ltr'><strong>tuisse.</strong></span> <span class='ocrx_word' id='word_1_151' title='bbox 925 1829 991 1891; x_wconf 89' lang='lat' dir='ltr'><strong>Nee</strong></span> <span class='ocrx_word' id='word_1_152' title='bbox 1014 1830 1093 1893; x_wconf 89' lang='lat' dir='ltr'><strong>enim</strong></span> <span class='ocrx_word' id='word_1_153' title='bbox 1115 1829 1202 1894; x_wconf 84' lang='lat' dir='ltr'><strong>dixit:</strong></span> <span class='ocrx_word' id='word_1_154' title='bbox 1225 1840 1258 1895; x_wconf 94' lang='lat' dir='ltr'><strong>ut</strong></span> <span class='ocrx_word' id='word_1_155' title='bbox 1271 1851 1320 1895; x_wconf 91' lang='lat' dir='ltr'><strong>me</strong></span> 
     </span>
     <span class='ocr_line' id='line_1_16' title="bbox 21 1925 1319 2011; baseline 0.008 -27"><span class='ocrx_word' id='word_1_156' title='bbox 21 1925 32 2008; x_wconf 15' lang='lat' dir='ltr'><strong>&#39;v</strong></span> <span class='ocrx_word' id='word_1_157' title='bbox 51 1925 180 1988; x_wconf 88' lang='lat' dir='ltr'><strong>videtis</strong></span> <span class='ocrx_word' id='word_1_158' title='bbox 207 1945 339 1992; x_wconf 88' lang='lat' dir='ltr'><strong>carnem</strong></span> <span class='ocrx_word' id='word_1_159' title='bbox 363 1939 393 1992; x_wconf 92' lang='lat' dir='ltr'><strong>et</strong></span> <span class='ocrx_word' id='word_1_160' title='bbox 414 1949 484 1994; x_wconf 86' lang='lat' dir='ltr'><strong>esse</strong></span> <span class='ocrx_word' id='word_1_161' title='bbox 506 1949 584 2007; x_wconf 85' lang='lat' dir='ltr'><strong>esse,</strong></span> <span class='ocrx_word' id='word_1_162' title='bbox 607 1931 661 1993; x_wconf 86' lang='lat' dir='ltr'><strong>sed</strong></span> <span class='ocrx_word' id='word_1_163' title='bbox 682 1931 802 2004; x_wconf 82' lang='lat' dir='ltr'><strong>babere,</strong></span> <span class='ocrx_word' id='word_1_164' title='bbox 825 1949 863 1994; x_wconf 92' lang='lat' dir='ltr'><strong>ne</strong></span> <span class='ocrx_word' id='word_1_165' title='bbox 884 1932 1046 2011; x_wconf 89' lang='lat' dir='ltr'><strong>ipsummet</strong></span> <span class='ocrx_word' id='word_1_166' title='bbox 1066 1930 1196 1994; x_wconf 81' lang='lat' dir='ltr'>Verbum</span> <span class='ocrx_word' id='word_1_167' title='bbox 1217 1933 1249 1994; x_wconf 93' lang='lat' dir='ltr'><strong>in</strong></span> <span class='ocrx_word' id='word_1_168' title='bbox 1269 1951 1319 1996; x_wconf 85' lang='lat' dir='ltr'><strong>res</strong></span> 
     </span>
     <span class='ocr_line' id='line_1_17' title="bbox 51 2025 1320 2114; baseline 0.009 -30"><span class='ocrx_word' id='word_1_169' title='bbox 51 2025 128 2088; x_wconf 86' lang='lat' dir='ltr'><strong>ilias</strong></span> <span class='ocrx_word' id='word_1_170' title='bbox 155 2030 420 2094; x_wconf 79' lang='lat' dir='ltr'><strong>transformatum</strong></span> <span class='ocrx_word' id='word_1_171' title='bbox 442 2033 533 2094; x_wconf 84' lang='lat' dir='ltr'><strong>tuisse</strong></span> <span class='ocrx_word' id='word_1_172' title='bbox 556 2041 738 2107; x_wconf 88' lang='lat' dir='ltr'><strong>censeretur,</strong></span> <span class='ocrx_word' id='word_1_173' title='bbox 762 2032 816 2094; x_wconf 90' lang='lat' dir='ltr'><strong>sed</strong></span> <span class='ocrx_word' id='word_1_174' title='bbox 838 2032 902 2095; x_wconf 85' lang='lat' dir='ltr'><strong>ilias</strong></span> <span class='ocrx_word' id='word_1_175' title='bbox 925 2040 955 2096; x_wconf 91' lang='lat' dir='ltr'><strong>et</strong></span> <span class='ocrx_word' id='word_1_176' title='bbox 976 2039 1044 2095; x_wconf 93' lang='lat' dir='ltr'><strong>ante</strong></span> <span class='ocrx_word' id='word_1_177' title='bbox 1063 2041 1191 2096; x_wconf 88' lang='lat' dir='ltr'><strong>mertem</strong></span> <span class='ocrx_word' id='word_1_178' title='bbox 1206 2042 1236 2096; x_wconf 91' lang='lat' dir='ltr'><strong>et</strong></span> <span class='ocrx_word' id='word_1_179' title='bbox 1249 2039 1320 2114; x_wconf 86' lang='lat' dir='ltr'><strong>pest</strong></span> 
     </span>
     <span class='ocr_line' id='line_1_18' title="bbox 25 2128 973 2217; baseline 0.012 -29"><span class='ocrx_word' id='word_1_180' title='bbox 25 2209 30 2217; x_wconf 81' lang='lat'><em>,</em></span> <span class='ocrx_word' id='word_1_181' title='bbox 58 2128 343 2194; x_wconf 78' lang='lat' dir='ltr'><strong>resurrectionem</strong></span> <span class='ocrx_word' id='word_1_182' title='bbox 366 2133 475 2196; x_wconf 90' lang='lat' dir='ltr'><strong>babere</strong></span> <span class='ocrx_word' id='word_1_183' title='bbox 497 2135 678 2196; x_wconf 83' lang='lat' dir='ltr'><strong>crederetur.</strong></span> <span class='ocrx_word' id='word_1_184' title='bbox 852 2189 855 2196; x_wconf 93' lang='lat'>.</span> <span class='ocrx_word' id='word_1_185' title='bbox 969 2201 973 2212; x_wconf 73' lang='grc'><em>,</em></span> 
     </span>
     <span class='ocr_line' id='line_1_19' title="bbox 15 2233 1316 2316; baseline 0.001 -20"><span class='ocrx_word' id='word_1_186' title='bbox 15 2293 20 2304; x_wconf 86' lang='grc'><strong>,</strong></span> <span class='ocrx_word' id='word_1_187' title='bbox 158 2234 194 2297; x_wconf 87' lang='grc'><strong>8.</strong></span> <span class='ocrx_word' id='word_1_188' title='bbox 246 2233 302 2296; x_wconf 85' lang='lat' dir='ltr'><strong>His</strong></span> <span class='ocrx_word' id='word_1_189' title='bbox 325 2234 413 2314; x_wconf 74' lang='lat' dir='ltr'><strong>igitur</strong></span> <span class='ocrx_word' id='word_1_190' title='bbox 434 2235 475 2297; x_wconf 89' lang='lat' dir='ltr'><strong>ita</strong></span> <span class='ocrx_word' id='word_1_191' title='bbox 497 2233 739 2297; x_wconf 72' lang='lat' dir='ltr'><strong>commonstrans</strong></span> <span class='ocrx_word' id='word_1_192' title='bbox 759 2251 1011 2315; x_wconf 84' lang='lat' dir='ltr'><strong>supervacaneum</strong></span> <span class='ocrx_word' id='word_1_193' title='bbox 1027 2235 1143 2298; x_wconf 85' lang='lat' dir='ltr'><strong>estalia</strong></span> <span class='ocrx_word' id='word_1_194' title='bbox 1164 2237 1316 2316; x_wconf 79' lang='lat' dir='ltr'><strong>adtingere</strong></span> 
     </span>
     <span class='ocr_line' id='line_1_20' title="bbox 15 2322 1403 2415; baseline 0.006 -24"><span class='ocrx_word' id='word_1_195' title='bbox 15 2322 16 2326; x_wconf 61' lang='grc'>’</span> <span class='ocrx_word' id='word_1_196' title='bbox 61 2341 121 2393; x_wconf 92' lang='lat' dir='ltr'><strong>aut</strong></span> <span class='ocrx_word' id='word_1_197' title='bbox 145 2333 231 2396; x_wconf 86' lang='lat' dir='ltr'><strong>baec</strong></span> <span class='ocrx_word' id='word_1_198' title='bbox 256 2335 332 2397; x_wconf 85' lang='lat' dir='ltr'><strong>ultra</strong></span> <span class='ocrx_word' id='word_1_199' title='bbox 353 2334 474 2415; x_wconf 77' lang='lat' dir='ltr'><strong>agitare,</strong></span> <span class='ocrx_word' id='word_1_200' title='bbox 496 2354 563 2398; x_wconf 91' lang='lat' dir='ltr'><strong>cum</strong></span> <span class='ocrx_word' id='word_1_201' title='bbox 586 2343 758 2414; x_wconf 79' lang='lat' dir='ltr'><strong>etampes,</strong></span> <span class='ocrx_word' id='word_1_202' title='bbox 780 2334 811 2396; x_wconf 92' lang='lat' dir='ltr'><strong>in</strong></span> <span class='ocrx_word' id='word_1_203' title='bbox 833 2352 891 2414; x_wconf 86' lang='lat' dir='ltr'><strong>que</strong></span> <span class='ocrx_word' id='word_1_204' title='bbox 906 2334 1037 2396; x_wconf 83' lang='lat' dir='ltr'><strong>Verbum</strong></span> <span class='ocrx_word' id='word_1_205' title='bbox 1059 2345 1131 2409; x_wconf 84' lang='lat' dir='ltr'><strong>erat,</strong></span> <span class='ocrx_word' id='word_1_206' title='bbox 1154 2354 1217 2397; x_wconf 92' lang='lat' dir='ltr'><strong>nen</strong></span> <span class='ocrx_word' id='word_1_207' title='bbox 1238 2354 1403 2408; x_wconf 71' lang='lat' dir='ltr'><strong>cen-mor,</strong></span> 
     </span>
     <span class='ocr_line' id='line_1_21' title="bbox 64 2433 1318 2516; baseline 0.004 -21.831"><span class='ocrx_word' id='word_1_208' title='bbox 64 2433 285 2500; x_wconf 66' lang='lat' dir='ltr'><strong>substantiale</strong></span> <span class='ocrx_word' id='word_1_209' title='bbox 305 2436 430 2510; x_wconf 85' lang='lat' dir='ltr'><strong>Deitati‚</strong></span> <span class='ocrx_word' id='word_1_210' title='bbox 463 2438 517 2498; x_wconf 87' lang='lat' dir='ltr'><strong>sed</strong></span> <span class='ocrx_word' id='word_1_211' title='bbox 544 2455 580 2499; x_wconf 87' lang='lat' dir='ltr'><strong>ex</strong></span> <span class='ocrx_word' id='word_1_212' title='bbox 607 2436 698 2498; x_wconf 84' lang='lat' dir='ltr'><strong>Maria</strong></span> <span class='ocrx_word' id='word_1_213' title='bbox 726 2454 796 2497; x_wconf 85' lang='lat' dir='ltr'><strong>vera</strong></span> <span class='ocrx_word' id='word_1_214' title='bbox 825 2433 956 2515; x_wconf 79' lang='lat' dir='ltr'><strong>genitum</strong></span> <span class='ocrx_word' id='word_1_215' title='bbox 984 2435 1039 2508; x_wconf 86' lang='lat' dir='ltr'><strong>sit,</strong></span> <span class='ocrx_word' id='word_1_216' title='bbox 1074 2445 1104 2496; x_wconf 90' lang='lat' dir='ltr'><strong>et</strong></span> <span class='ocrx_word' id='word_1_217' title='bbox 1131 2453 1198 2498; x_wconf 88' lang='lat' dir='ltr'><strong>eum</strong></span> <span class='ocrx_word' id='word_1_218' title='bbox 1218 2435 1318 2516; x_wconf 89' lang='lat' dir='ltr'><strong>ipsum</strong></span> 
     </span>
     <span class='ocr_line' id='line_1_22' title="bbox 68 2525 1318 2609; baseline 0.008 -19"><span class='ocrx_word' id='word_1_219' title='bbox 68 2531 217 2596; x_wconf 87' lang='lat' dir='ltr'><strong>Verbum</strong></span> <span class='ocrx_word' id='word_1_220' title='bbox 243 2535 274 2598; x_wconf 91' lang='lat' dir='ltr'><strong>in</strong></span> <span class='ocrx_word' id='word_1_221' title='bbox 297 2555 415 2600; x_wconf 88' lang='lat' dir='ltr'><strong>earnem</strong></span> <span class='ocrx_word' id='word_1_222' title='bbox 438 2546 468 2600; x_wconf 89' lang='lat' dir='ltr'><strong>et</strong></span> <span class='ocrx_word' id='word_1_223' title='bbox 489 2556 560 2600; x_wconf 91' lang='lat' dir='ltr'><strong>essa</strong></span> <span class='ocrx_word' id='word_1_224' title='bbox 581 2555 758 2599; x_wconf 83' lang='lat' dir='ltr'><strong>conversum</strong></span> <span class='ocrx_word' id='word_1_225' title='bbox 781 2554 841 2598; x_wconf 93' lang='lat' dir='ltr'><strong>neu</strong></span> <span class='ocrx_word' id='word_1_226' title='bbox 863 2525 963 2609; x_wconf 83' lang='lat' dir='ltr'><strong>inerit,</strong></span> <span class='ocrx_word' id='word_1_227' title='bbox 985 2534 1039 2596; x_wconf 86' lang='lat' dir='ltr'><strong>sed</strong></span> <span class='ocrx_word' id='word_1_228' title='bbox 1060 2535 1091 2596; x_wconf 94' lang='lat' dir='ltr'><strong>in</strong></span> <span class='ocrx_word' id='word_1_229' title='bbox 1114 2553 1201 2600; x_wconf 86' lang='lat' dir='ltr'><strong>earne</strong></span> <span class='ocrx_word' id='word_1_230' title='bbox 1223 2536 1318 2600; x_wconf 84' lang='lat' dir='ltr'><strong>exsti-</strong></span> 
     </span>
     <span class='ocr_line' id='line_1_23' title="bbox 18 2629 1320 2718; baseline 0.005 -27"><span class='ocrx_word' id='word_1_231' title='bbox 18 2629 23 2656; x_wconf 78' lang='lat'><em>³</em></span> <span class='ocrx_word' id='word_1_232' title='bbox 70 2631 162 2693; x_wconf 86' lang='lat' dir='ltr'><strong>terit.</strong></span> <span class='ocrx_word' id='word_1_233' title='bbox 212 2635 291 2700; x_wconf 89' lang='lat' dir='ltr'><strong>Nam</strong></span> <span class='ocrx_word' id='word_1_234' title='bbox 313 2639 392 2718; x_wconf 91' lang='lat' dir='ltr'><strong>qued</strong></span> <span class='ocrx_word' id='word_1_235' title='bbox 413 2639 551 2702; x_wconf 82' lang='lat' dir='ltr'><strong>aleaume</strong></span> <span class='ocrx_word' id='word_1_236' title='bbox 565 2639 688 2701; x_wconf 91' lang='lat' dir='ltr'><strong>dicitur:</strong></span> <span class='ocrx_word' id='word_1_237' title='bbox 714 2639 841 2701; x_wconf 79' lang='lat' dir='ltr'><strong>Verbum</strong></span> <span class='ocrx_word' id='word_1_238' title='bbox 855 2655 929 2700; x_wconf 85' lang='lat' dir='ltr'><strong>cere</strong></span> <span class='ocrx_word' id='word_1_239' title='bbox 945 2637 1064 2716; x_wconf 69' lang='lat' dir='ltr'><strong>sermm</strong></span> <span class='ocrx_word' id='word_1_240' title='bbox 1078 2647 1131 2708; x_wconf 79' lang='lat' dir='ltr'><strong>est,</strong></span> <span class='ocrx_word' id='word_1_241' title='bbox 1154 2635 1257 2700; x_wconf 89' lang='lat' dir='ltr'><strong>eadem</strong></span> <span class='ocrx_word' id='word_1_242' title='bbox 1272 2642 1320 2698; x_wconf 89' lang='lat' dir='ltr'><strong>est</strong></span> 
     </span>
     <span class='ocr_line' id='line_1_24' title="bbox 21 2721 1320 2820; baseline 0.004 -28"><span class='ocrx_word' id='word_1_243' title='bbox 21 2721 36 2746; x_wconf 87' lang='grc'><strong>·’</strong></span> <span class='ocrx_word' id='word_1_244' title='bbox 70 2732 323 2813; x_wconf 76' lang='lat' dir='ltr'><strong>significatione,</strong></span> <span class='ocrx_word' id='word_1_245' title='bbox 356 2748 390 2802; x_wconf 92' lang='lat' dir='ltr'><strong>ut</strong></span> <span class='ocrx_word' id='word_1_246' title='bbox 416 2760 452 2803; x_wconf 83' lang='lat' dir='ltr'><strong>ex</strong></span> <span class='ocrx_word' id='word_1_247' title='bbox 480 2740 569 2803; x_wconf 85' lang='lat' dir='ltr'><strong>simib</strong></span> <span class='ocrx_word' id='word_1_248' title='bbox 597 2740 737 2820; x_wconf 87' lang='lat' dir='ltr'><strong>loquendi</strong></span> <span class='ocrx_word' id='word_1_249' title='bbox 765 2739 855 2802; x_wconf 91' lang='lat' dir='ltr'><strong>mede</strong></span> <span class='ocrx_word' id='word_1_250' title='bbox 878 2736 1101 2815; x_wconf 83' lang='lat' dir='ltr'><strong>deprehendere</strong></span> <span class='ocrx_word' id='word_1_251' title='bbox 1123 2737 1208 2811; x_wconf 86' lang='lat' dir='ltr'><strong>lieet;</strong></span> <span class='ocrx_word' id='word_1_252' title='bbox 1241 2737 1320 2815; x_wconf 92' lang='lat' dir='ltr'><strong>apud</strong></span> 
     </span>
     <span class='ocr_line' id='line_1_25' title="bbox 15 2831 1320 2920; baseline 0.007 -28"><span class='ocrx_word' id='word_1_253' title='bbox 15 2835 26 2880; x_wconf 57' lang='grc' dir='ltr'><strong>ἓ·</strong></span> <span class='ocrx_word' id='word_1_254' title='bbox 72 2831 210 2894; x_wconf 87' lang='lat' dir='ltr'><strong>Paulum</strong></span> <span class='ocrx_word' id='word_1_255' title='bbox 235 2835 346 2918; x_wconf 88' lang='lat' dir='ltr'><strong>quippe</strong></span> <span class='ocrx_word' id='word_1_256' title='bbox 369 2841 596 2920; x_wconf 86' lang='lat' dir='ltr'><strong>scriptumest:</strong></span> <span class='ocrx_word' id='word_1_257' title='bbox 628 2843 767 2906; x_wconf 67' lang='lat' dir='ltr'><strong>ceurae</strong></span> <span class='ocrx_word' id='word_1_258' title='bbox 794 2841 898 2920; x_wconf 80' lang='lat' dir='ltr'><strong>secter</strong></span> <span class='ocrx_word' id='word_1_259' title='bbox 926 2847 972 2898; x_wconf 85' lang='lat' dir='ltr'><strong>ert</strong></span> <span class='ocrx_word' id='word_1_260' title='bbox 994 2855 1056 2917; x_wconf 89' lang='lat' dir='ltr'><strong>pre</strong></span> <span class='ocrx_word' id='word_1_261' title='bbox 1083 2838 1171 2900; x_wconf 72' lang='lat' dir='ltr'><strong>nebit</strong></span> <span class='ocrx_word' id='word_1_262' title='bbox 1192 2836 1320 2901; x_wconf 83' lang='lat' dir='ltr'><strong>meledi-</strong></span> 
     </span>
     <span class='ocr_line' id='line_1_26' title="bbox 80 2936 1320 3021; baseline 0.004 -26"><span class='ocrx_word' id='word_1_263' title='bbox 80 2945 180 2996; x_wconf 80' lang='lat' dir='ltr'><strong>ctum.</strong></span> <span class='ocrx_word' id='word_1_264' title='bbox 221 2936 260 2998; x_wconf 85' lang='lat' dir='ltr'><strong>Et</strong></span> <span class='ocrx_word' id='word_1_265' title='bbox 285 2939 361 3002; x_wconf 87' lang='lat' dir='ltr'><strong>sient</strong></span> <span class='ocrx_word' id='word_1_266' title='bbox 384 2959 447 3003; x_wconf 89' lang='lat' dir='ltr'><strong>nen</strong></span> <span class='ocrx_word' id='word_1_267' title='bbox 474 2944 539 3021; x_wconf 88' lang='lat' dir='ltr'><strong>ipse</strong></span> <span class='ocrx_word' id='word_1_268' title='bbox 560 2945 654 3006; x_wconf 86' lang='lat' dir='ltr'><strong>iaetus</strong></span> <span class='ocrx_word' id='word_1_269' title='bbox 677 2950 724 3004; x_wconf 86' lang='lat' dir='ltr'><strong>cst</strong></span> <span class='ocrx_word' id='word_1_270' title='bbox 745 2937 943 3009; x_wconf 87' lang='lat' dir='ltr'><strong>maledictum,</strong></span> <span class='ocrx_word' id='word_1_271' title='bbox 967 2936 1022 2998; x_wconf 86' lang='lat' dir='ltr'><strong>sed</strong></span> <span class='ocrx_word' id='word_1_272' title='bbox 1042 2937 1111 3017; x_wconf 88' lang='lat' dir='ltr'><strong>quia</strong></span> <span class='ocrx_word' id='word_1_273' title='bbox 1132 2937 1320 3004; x_wconf 77' lang='lat' dir='ltr'><strong>maledictum</strong></span> 
     </span>
     <span class='ocr_line' id='line_1_27' title="bbox 17 3031 1318 3122; baseline 0.003 -26"><span class='ocrx_word' id='word_1_274' title='bbox 17 3031 32 3064; x_wconf 62' lang='lat'><strong>²</strong></span> <span class='ocrx_word' id='word_1_275' title='bbox 78 3055 139 3116; x_wconf 93' lang='lat' dir='ltr'><strong>pre</strong></span> <span class='ocrx_word' id='word_1_276' title='bbox 163 3036 257 3102; x_wconf 90' lang='lat' dir='ltr'><strong>nobis</strong></span> <span class='ocrx_word' id='word_1_277' title='bbox 280 3043 431 3122; x_wconf 80' lang='lat' dir='ltr'><strong>suscepit,</strong></span> <span class='ocrx_word' id='word_1_278' title='bbox 463 3039 572 3106; x_wconf 91' lang='lat' dir='ltr'><strong>id&#39;circe</strong></span> <span class='ocrx_word' id='word_1_279' title='bbox 600 3043 712 3104; x_wconf 91' lang='lat' dir='ltr'><strong>dietum</strong></span> <span class='ocrx_word' id='word_1_280' title='bbox 742 3048 789 3102; x_wconf 89' lang='lat' dir='ltr'><strong>est</strong></span> <span class='ocrx_word' id='word_1_281' title='bbox 816 3037 916 3116; x_wconf 91' lang='lat' dir='ltr'><strong>ipsum</strong></span> <span class='ocrx_word' id='word_1_282' title='bbox 948 3037 1056 3100; x_wconf 83' lang='lat' dir='ltr'><strong>iactum</strong></span> <span class='ocrx_word' id='word_1_283' title='bbox 1078 3038 1172 3101; x_wconf 75' lang='lat' dir='ltr'><strong>misse</strong></span> <span class='ocrx_word' id='word_1_284' title='bbox 1194 3038 1318 3100; x_wconf 87' lang='lat' dir='ltr'><strong>maledi-</strong></span> 
     </span>
     <span class='ocr_line' id='line_1_28' title="bbox 80 3137 1319 3217; baseline 0 -17"><span class='ocrx_word' id='word_1_285' title='bbox 80 3147 186 3213; x_wconf 78' lang='lat' dir='ltr'><strong>ctum3</strong></span> <span class='ocrx_word' id='word_1_286' title='bbox 215 3140 260 3203; x_wconf 92' lang='lat' dir='ltr'><strong>sic</strong></span> <span class='ocrx_word' id='word_1_287' title='bbox 281 3149 312 3202; x_wconf 87' lang='lat' dir='ltr'><strong>et</strong></span> <span class='ocrx_word' id='word_1_288' title='bbox 333 3141 462 3206; x_wconf 82' lang='lat' dir='ltr'><strong>Verbum</strong></span> <span class='ocrx_word' id='word_1_289' title='bbox 484 3162 552 3206; x_wconf 88' lang='lat' dir='ltr'><strong>care</strong></span> <span class='ocrx_word' id='word_1_290' title='bbox 575 3145 768 3212; x_wconf 78' lang='lat' dir='ltr'><strong>factumest,</strong></span> <span class='ocrx_word' id='word_1_291' title='bbox 798 3157 859 3199; x_wconf 93' lang='lat' dir='ltr'><strong>nen</strong></span> <span class='ocrx_word' id='word_1_292' title='bbox 881 3137 960 3217; x_wconf 89' lang='lat' dir='ltr'><strong>qued</strong></span> <span class='ocrx_word' id='word_1_293' title='bbox 982 3138 1013 3198; x_wconf 90' lang='lat' dir='ltr'><strong>in</strong></span> <span class='ocrx_word' id='word_1_294' title='bbox 1036 3143 1153 3200; x_wconf 84' lang='lat' dir='ltr'><strong>earnem</strong></span> <span class='ocrx_word' id='word_1_295' title='bbox 1175 3145 1319 3201; x_wconf 89' lang='lat' dir='ltr'><strong>metatum</strong></span> 
     </span>
     <span class='ocr_line' id='line_1_29' title="bbox 17 3225 1319 3321; baseline 0.002 -21"><span class='ocrx_word' id='word_1_296' title='bbox 17 3236 27 3274; x_wconf 72' lang='lat'><strong>&#39;³</strong></span> <span class='ocrx_word' id='word_1_297' title='bbox 83 3240 195 3314; x_wconf 80' lang='lat' dir='ltr'><strong>tuerit,</strong></span> <span class='ocrx_word' id='word_1_298' title='bbox 225 3242 279 3304; x_wconf 89' lang='lat' dir='ltr'><strong>sed</strong></span> <span class='ocrx_word' id='word_1_299' title='bbox 308 3243 387 3321; x_wconf 84' lang='lat' dir='ltr'><strong>qued</strong></span> <span class='ocrx_word' id='word_1_300' title='bbox 412 3225 530 3308; x_wconf 85' lang='lat' dir='ltr'><strong>carnem</strong></span> <span class='ocrx_word' id='word_1_301' title='bbox 552 3243 698 3304; x_wconf 86' lang='lat' dir='ltr'><strong>virentem</strong></span> <span class='ocrx_word' id='word_1_302' title='bbox 719 3254 775 3319; x_wconf 93' lang='lat' dir='ltr'><strong>pre</strong></span> <span class='ocrx_word' id='word_1_303' title='bbox 798 3237 887 3300; x_wconf 88' lang='lat' dir='ltr'><strong>nebis</strong></span> <span class='ocrx_word' id='word_1_304' title='bbox 909 3238 1087 3300; x_wconf 80' lang='lat' dir='ltr'><strong>assumserit</strong></span> <span class='ocrx_word' id='word_1_305' title='bbox 1109 3247 1139 3301; x_wconf 87' lang='lat' dir='ltr'><strong>et</strong></span> <span class='ocrx_word' id='word_1_306' title='bbox 1159 3238 1251 3302; x_wconf 88' lang='lat' dir='ltr'><strong>beme</strong></span> <span class='ocrx_word' id='word_1_307' title='bbox 1273 3241 1319 3302; x_wconf 81' lang='lat' dir='ltr'><strong>ta-</strong></span> 
     </span>
     <span class='ocr_line' id='line_1_30' title="bbox 28 3339 1319 3426; baseline -0.001 -25"><span class='ocrx_word' id='word_1_308' title='bbox 28 3360 32 3366; x_wconf 94' lang='lat'>·</span> <span class='ocrx_word' id='word_1_309' title='bbox 82 3348 168 3402; x_wconf 91' lang='lat' dir='ltr'><strong>ctum</strong></span> <span class='ocrx_word' id='word_1_310' title='bbox 191 3341 254 3404; x_wconf 77' lang='lat' dir='ltr'><strong>sit.&#39;</strong></span> <span class='ocrx_word' id='word_1_311' title='bbox 284 3342 357 3422; x_wconf 84' lang='lat' dir='ltr'><strong>Nam</strong></span> <span class='ocrx_word' id='word_1_312' title='bbox 380 3345 496 3406; x_wconf 86' lang='lat' dir='ltr'><strong>dicere:</strong></span> <span class='ocrx_word' id='word_1_313' title='bbox 522 3343 649 3407; x_wconf 82' lang='lat' dir='ltr'><strong>Verbum</strong></span> <span class='ocrx_word' id='word_1_314' title='bbox 670 3359 743 3404; x_wconf 83' lang='lat' dir='ltr'><strong>cere</strong></span> <span class='ocrx_word' id='word_1_315' title='bbox 764 3341 881 3420; x_wconf 77' lang='lat' dir='ltr'><strong>scetem</strong></span> <span class='ocrx_word' id='word_1_316' title='bbox 903 3350 957 3426; x_wconf 73' lang='lat' dir='ltr'><strong>est,</strong></span> <span class='ocrx_word' id='word_1_317' title='bbox 981 3339 1060 3402; x_wconf 88' lang='lat' dir='ltr'><strong>idem</strong></span> <span class='ocrx_word' id='word_1_318' title='bbox 1082 3346 1129 3402; x_wconf 86' lang='lat' dir='ltr'><strong>est</strong></span> <span class='ocrx_word' id='word_1_319' title='bbox 1149 3358 1184 3402; x_wconf 91' lang='lat' dir='ltr'><strong>ae</strong></span> <span class='ocrx_word' id='word_1_320' title='bbox 1204 3339 1319 3402; x_wconf 90' lang='lat' dir='ltr'><strong>dicere:</strong></span> 
     </span>
     <span class='ocr_line' id='line_1_31' title="bbox 86 3439 1321 3524; baseline 0 -21"><span class='ocrx_word' id='word_1_321' title='bbox 86 3441 219 3506; x_wconf 76' lang='lat' dir='ltr'><strong>Verbum</strong></span> <span class='ocrx_word' id='word_1_322' title='bbox 241 3443 340 3506; x_wconf 78' lang='lat' dir='ltr'><strong>berte·</strong></span> <span class='ocrx_word' id='word_1_323' title='bbox 351 3445 469 3524; x_wconf 79' lang='lat' dir='ltr'><strong>scetem</strong></span> <span class='ocrx_word' id='word_1_324' title='bbox 490 3454 545 3519; x_wconf 83' lang='lat' dir='ltr'><strong>est,</strong></span> <span class='ocrx_word' id='word_1_325' title='bbox 568 3452 658 3524; x_wconf 89' lang='lat' dir='ltr'><strong>prout</strong></span> <span class='ocrx_word' id='word_1_326' title='bbox 679 3443 709 3504; x_wconf 93' lang='lat' dir='ltr'><strong>in</strong></span> <span class='ocrx_word' id='word_1_327' title='bbox 724 3440 807 3503; x_wconf 80' lang='lat' dir='ltr'><strong>reete</strong></span> <span class='ocrx_word' id='word_1_328' title='bbox 828 3439 948 3503; x_wconf 92' lang='lat' dir='ltr'><strong>dieitur:</strong></span> <span class='ocrx_word' id='word_1_329' title='bbox 971 3439 1134 3523; x_wconf 73' lang='lat' dir='ltr'><strong>Effundam</strong></span> <span class='ocrx_word' id='word_1_330' title='bbox 1150 3442 1185 3504; x_wconf 81' lang='lat' dir='ltr'><strong>de</strong></span> <span class='ocrx_word' id='word_1_331' title='bbox 1199 3440 1321 3523; x_wconf 78' lang='lat' dir='ltr'><strong>Spiritu</strong></span> 
     </span>
     <span class='ocr_line' id='line_1_32' title="bbox 83 3541 1319 3626; baseline 0 -22"><span class='ocrx_word' id='word_1_332' title='bbox 83 3561 150 3606; x_wconf 81' lang='lat' dir='ltr'><strong>mee</strong></span> <span class='ocrx_word' id='word_1_333' title='bbox 174 3563 271 3626; x_wconf 78' lang='lat' dir='ltr'><strong>super</strong></span> <span class='ocrx_word' id='word_1_334' title='bbox 293 3563 408 3608; x_wconf 77' lang='lat' dir='ltr'><strong>emnem</strong></span> <span class='ocrx_word' id='word_1_335' title='bbox 431 3562 568 3620; x_wconf 65' lang='lat' dir='ltr'><strong>curnem</strong></span> <span class='ocrx_word' id='word_1_336' title='bbox 597 3562 658 3604; x_wconf 92' lang='lat' dir='ltr'><strong>nen</strong></span> <span class='ocrx_word' id='word_1_337' title='bbox 686 3541 766 3606; x_wconf 85' lang='lat' dir='ltr'><strong>enim</strong></span> <span class='ocrx_word' id='word_1_338' title='bbox 788 3541 875 3604; x_wconf 86' lang='lat' dir='ltr'><strong>bruta</strong></span> <span class='ocrx_word' id='word_1_339' title='bbox 897 3541 1056 3604; x_wconf 84' lang='lat' dir='ltr'><strong>animantia</strong></span> <span class='ocrx_word' id='word_1_340' title='bbox 1078 3541 1133 3604; x_wconf 88' lang='lat' dir='ltr'><strong>ista</strong></span> <span class='ocrx_word' id='word_1_341' title='bbox 1155 3541 1319 3623; x_wconf 88' lang='lat' dir='ltr'><strong>premissie</strong></span> 
     </span>
     <span class='ocr_line' id='line_1_33' title="bbox 17 3639 1320 3724; baseline -0.001 -20"><span class='ocrx_word' id='word_1_342' title='bbox 17 3673 19 3680; x_wconf 95' lang='lat'>·</span> <span class='ocrx_word' id='word_1_343' title='bbox 84 3644 249 3722; x_wconf 82' lang='lat' dir='ltr'><strong>spectabat,</strong></span> <span class='ocrx_word' id='word_1_344' title='bbox 272 3645 327 3707; x_wconf 88' lang='lat' dir='ltr'><strong>sed</strong></span> <span class='ocrx_word' id='word_1_345' title='bbox 348 3645 487 3708; x_wconf 90' lang='lat' dir='ltr'><strong>hemines</strong></span> <span class='ocrx_word' id='word_1_346' title='bbox 509 3646 660 3719; x_wconf 72' lang='lat' dir='ltr'><strong>dunmxat,</strong></span> <span class='ocrx_word' id='word_1_347' title='bbox 682 3661 810 3724; x_wconf 89' lang='lat' dir='ltr'><strong>querum</strong></span> <span class='ocrx_word' id='word_1_348' title='bbox 833 3639 924 3722; x_wconf 76' lang='lat' dir='ltr'><strong>gratia</strong></span> <span class='ocrx_word' id='word_1_349' title='bbox 944 3639 1090 3706; x_wconf 84' lang='lat' dir='ltr'><strong>Dominus</strong></span> <span class='ocrx_word' id='word_1_350' title='bbox 1112 3642 1203 3704; x_wconf 91' lang='lat' dir='ltr'><strong>home</strong></span> <span class='ocrx_word' id='word_1_351' title='bbox 1226 3643 1320 3704; x_wconf 86' lang='lat' dir='ltr'><strong>iaetus</strong></span> 
     </span>
    </p>
   </div>
   <div class='ocr_carea' id='block_1_3' title="bbox 87 3817 1322 4643">
    <p class='ocr_par' dir='ltr' id='par_1_3' title="bbox 87 3817 1321 4229">
     <span class='ocr_line' id='line_1_34' title="bbox 89 3817 1321 3948; baseline -0.003 -70"><span class='ocrx_word' id='word_1_352' title='bbox 89 3827 142 3879; x_wconf 76' lang='lat' dir='ltr'><strong>bier</strong></span> <span class='ocrx_word' id='word_1_353' title='bbox 166 3830 268 3889; x_wconf 74' lang='lat' dir='ltr'><strong>Sepuer.</strong></span> <span class='ocrx_word' id='word_1_354' title='bbox 291 3821 420 3897; x_wconf 69' lang='lat' dir='ltr'><strong>nepertia</strong></span> <span class='ocrx_word' id='word_1_355' title='bbox 443 3821 509 3877; x_wconf 76' lang='grc' dir='ltr'>ἐστι.</span> <span class='ocrx_word' id='word_1_356' title='bbox 549 3829 615 3880; x_wconf 86' lang='lat' dir='ltr'><strong>idem</strong></span> <span class='ocrx_word' id='word_1_357' title='bbox 632 3843 679 3894; x_wconf 81' lang='lat' dir='ltr'><strong>yv-</strong></span> <span class='ocrx_word' id='word_1_358' title='bbox 732 3836 755 3878; x_wconf 90' lang='lat' dir='ltr'><strong>et</strong></span> <span class='ocrx_word' id='word_1_359' title='bbox 773 3828 878 3879; x_wconf 77' lang='lat' dir='ltr'><strong>Fetcltm.</strong></span> <span class='ocrx_word' id='word_1_360' title='bbox 900 3827 922 3876; x_wconf 90' lang='lat' dir='ltr'><strong>i.</strong></span> <span class='ocrx_word' id='word_1_361' title='bbox 951 3817 999 3874; x_wconf 74' lang='lat' dir='ltr'><strong>edat</strong></span> <span class='ocrx_word' id='word_1_362' title='bbox 1024 3819 1099 3948; x_wconf 45' lang='lat' dir='ltr'><strong>erit?</strong></span> <span class='ocrx_word' id='word_1_363' title='bbox 1126 3818 1215 3892; x_wconf 70' lang='grc' dir='ltr'><em>τούτῳ</em></span> <span class='ocrx_word' id='word_1_364' title='bbox 1239 3819 1321 3881; x_wconf 72' lang='grc' dir='ltr'><em>αὐτὸς</em></span> 
     </span>
     <span class='ocr_line' id='line_1_35' title="bbox 87 3885 1320 3960; baseline 0.002 -18"><span class='ocrx_word' id='word_1_365' title='bbox 87 3888 251 3960; x_wconf 61' lang='lat' dir='ltr'><strong>procidendae.</strong></span> <span class='ocrx_word' id='word_1_366' title='bbox 731 3907 790 3944; x_wconf 81' lang='grc' dir='ltr'><strong><em>κατ.</em></strong></span> <span class='ocrx_word' id='word_1_367' title='bbox 826 3895 877 3943; x_wconf 82' lang='lat' dir='ltr'><strong>iter</strong></span> <span class='ocrx_word' id='word_1_368' title='bbox 895 3893 1017 3942; x_wconf 81' lang='lat' dir='ltr'><strong>Tbeeder.</strong></span> <span class='ocrx_word' id='word_1_369' title='bbox 1034 3885 1079 3941; x_wconf 68' lang='lat' dir='ltr'><strong>idi</strong></span> <span class='ocrx_word' id='word_1_370' title='bbox 1094 3905 1153 3942; x_wconf 80' lang='lat' dir='ltr'><strong>ere.</strong></span> <span class='ocrx_word' id='word_1_371' title='bbox 1189 3893 1215 3943; x_wconf 84' lang='lat' dir='ltr'><strong>te</strong></span> <span class='ocrx_word' id='word_1_372' title='bbox 1234 3895 1320 3944; x_wconf 87' lang='lat' dir='ltr'><strong>eedem</strong></span> 
     </span>
     <span class='ocr_line' id='line_1_36' title="bbox 124 3951 1321 4026; baseline -0.002 -16"><span class='ocrx_word' id='word_1_373' title='bbox 124 3978 145 4010; x_wconf 86' lang='lat' dir='ltr'><strong>e.</strong></span> <span class='ocrx_word' id='word_1_374' title='bbox 169 3960 256 4024; x_wconf 84' lang='lat' dir='ltr'><strong>Epipb.</strong></span> <span class='ocrx_word' id='word_1_375' title='bbox 284 3959 383 4010; x_wconf 86' lang='lat' dir='ltr'><strong>Gebter.</strong></span> <span class='ocrx_word' id='word_1_376' title='bbox 409 3961 514 4011; x_wconf 83' lang='lat' dir='ltr'><strong>Feicim.</strong></span> <span class='ocrx_word' id='word_1_377' title='bbox 531 3963 554 4012; x_wconf 90' lang='lat'><strong>1.</strong></span> <span class='ocrx_word' id='word_1_378' title='bbox 580 3963 679 4026; x_wconf 74' lang='lat' dir='ltr'><strong>Segaer.</strong></span> <span class='ocrx_word' id='word_1_379' title='bbox 733 3976 788 4012; x_wconf 85' lang='lat' dir='ltr'><strong>mex</strong></span> <span class='ocrx_word' id='word_1_380' title='bbox 804 3951 912 4025; x_wconf 76' lang='grc' dir='ltr'><strong>κατάρα</strong></span> <span class='ocrx_word' id='word_1_381' title='bbox 935 3959 1012 4010; x_wconf 78' lang='lat' dir='ltr'><strong>deest.</strong></span> <span class='ocrx_word' id='word_1_382' title='bbox 1048 3959 1139 4009; x_wconf 87' lang='lat' dir='ltr'><strong>ibidem</strong></span> <span class='ocrx_word' id='word_1_383' title='bbox 1157 3959 1257 4022; x_wconf 68' lang='lat' dir='ltr'><strong>Segeer.</strong></span> <span class='ocrx_word' id='word_1_384' title='bbox 1274 3974 1321 4009; x_wconf 80' lang='lat' dir='ltr'><strong>rte·</strong></span> 
     </span>
     <span class='ocr_line' id='line_1_37' title="bbox 90 4016 1319 4095; baseline 0.002 -19"><span class='ocrx_word' id='word_1_385' title='bbox 90 4027 139 4076; x_wconf 80' lang='grc' dir='ltr'><strong>τοῦ</strong></span> <span class='ocrx_word' id='word_1_386' title='bbox 152 4020 208 4092; x_wconf 73' lang='grc' dir='ltr'><strong>γὰρ</strong></span> <span class='ocrx_word' id='word_1_387' title='bbox 227 4021 364 4091; x_wconf 75' lang='grc' dir='ltr'><strong>σώματος,</strong></span> <span class='ocrx_word' id='word_1_388' title='bbox 383 4027 427 4077; x_wconf 84' lang='lat' dir='ltr'><strong>sed</strong></span> <span class='ocrx_word' id='word_1_389' title='bbox 446 4027 518 4089; x_wconf 81' lang='lat' dir='ltr'><strong>mate,</strong></span> <span class='ocrx_word' id='word_1_390' title='bbox 536 4038 562 4080; x_wconf 90' lang='lat' dir='ltr'><strong>ut</strong></span> <span class='ocrx_word' id='word_1_391' title='bbox 573 4043 601 4082; x_wconf 84' lang='lat' dir='ltr'><strong>ex</strong></span> <span class='ocrx_word' id='word_1_392' title='bbox 616 4031 680 4082; x_wconf 75' lang='lat' dir='ltr'><strong>serie</strong></span> <span class='ocrx_word' id='word_1_393' title='bbox 732 4022 804 4095; x_wconf 73' lang='grc' dir='ltr'><strong>τᾶρα</strong></span> <span class='ocrx_word' id='word_1_394' title='bbox 821 4023 947 4092; x_wconf 79' lang='grc' dir='ltr'><strong>γέγονεν·</strong></span> <span class='ocrx_word' id='word_1_395' title='bbox 967 4016 1055 4079; x_wconf 67' lang='grc' dir='ltr'><strong><em>οὕτως</em></strong></span> <span class='ocrx_word' id='word_1_396' title='bbox 1069 4019 1162 4074; x_wconf 65' lang='lat' dir='ltr'><strong>natat</strong></span> <span class='ocrx_word' id='word_1_397' title='bbox 1180 4019 1319 4092; x_wconf 66' lang='lat' dir='ltr'><strong>ttytrrro.</strong></span> 
     </span>
     <span class='ocr_line' id='line_1_38' title="bbox 91 4085 1320 4160; baseline 0.002 -16"><span class='ocrx_word' id='word_1_398' title='bbox 91 4095 174 4160; x_wconf 76' lang='lat' dir='ltr'><strong>liquet.</strong></span> <span class='ocrx_word' id='word_1_399' title='bbox 294 4145 297 4151; x_wconf 85' lang='grc'>,</span> <span class='ocrx_word' id='word_1_400' title='bbox 413 4151 417 4158; x_wconf 44' lang='grc'><em>,</em></span> <span class='ocrx_word' id='word_1_401' title='bbox 732 4096 825 4146; x_wconf 83' lang='lat' dir='ltr'><strong>Tbeed.</strong></span> <span class='ocrx_word' id='word_1_402' title='bbox 844 4085 915 4143; x_wconf 74' lang='grc' dir='ltr'><strong>οὕτω</strong></span> <span class='ocrx_word' id='word_1_403' title='bbox 933 4088 978 4141; x_wconf 81' lang='grc' dir='ltr'><strong>καὶ</strong></span> <span class='ocrx_word' id='word_1_404' title='bbox 995 4087 1038 4149; x_wconf 77' lang='grc' dir='ltr'><strong>τὸ,</strong></span> <span class='ocrx_word' id='word_1_405' title='bbox 1058 4086 1135 4159; x_wconf 77' lang='grc' dir='ltr'><em>σάρξ.</em></span> <span class='ocrx_word' id='word_1_406' title='bbox 1195 4108 1320 4146; x_wconf 79' lang='lat' dir='ltr'><strong>exemnet</strong></span> 
     </span>
     <span class='ocr_line' id='line_1_39' title="bbox 126 4151 1244 4229; baseline -0.002 -17"><span class='ocrx_word' id='word_1_407' title='bbox 126 4163 143 4212; x_wconf 83' lang='lat' dir='ltr'><strong>i.</strong></span> <span class='ocrx_word' id='word_1_408' title='bbox 168 4161 234 4211; x_wconf 83' lang='lat' dir='ltr'><strong>ilaec</strong></span> <span class='ocrx_word' id='word_1_409' title='bbox 251 4161 315 4224; x_wconf 77' lang='lat' dir='ltr'><strong>apud</strong></span> <span class='ocrx_word' id='word_1_410' title='bbox 333 4161 425 4210; x_wconf 85' lang='lat' dir='ltr'><strong>Tbeed.</strong></span> <span class='ocrx_word' id='word_1_411' title='bbox 449 4160 511 4211; x_wconf 79' lang='lat' dir='ltr'><strong>Diei.</strong></span> <span class='ocrx_word' id='word_1_412' title='bbox 528 4161 546 4210; x_wconf 89' lang='grc' dir='ltr'><strong>Ι.</strong></span> <span class='ocrx_word' id='word_1_413' title='bbox 565 4157 602 4228; x_wconf 89' lang='lat' dir='ltr'><strong>[p.</strong></span> <span class='ocrx_word' id='word_1_414' title='bbox 618 4159 681 4229; x_wconf 85' lang='grc'><strong>30.].</strong></span> <span class='ocrx_word' id='word_1_415' title='bbox 732 4163 784 4213; x_wconf 85' lang='lat' dir='ltr'><strong>iere</strong></span> <span class='ocrx_word' id='word_1_416' title='bbox 802 4177 860 4212; x_wconf 84' lang='lat' dir='ltr'><strong>mss.</strong></span> <span class='ocrx_word' id='word_1_417' title='bbox 880 4151 933 4208; x_wconf 72' lang='grc' dir='ltr'><strong>ἀλλ’</strong></span> <span class='ocrx_word' id='word_1_418' title='bbox 953 4151 1005 4210; x_wconf 78' lang='grc' dir='ltr'><strong>ὅτι.</strong></span> <span class='ocrx_word' id='word_1_419' title='bbox 1040 4161 1104 4211; x_wconf 81' lang='lat' dir='ltr'><strong>tttttt</strong></span> <span class='ocrx_word' id='word_1_420' title='bbox 1121 4151 1175 4208; x_wconf 76' lang='lat' dir='ltr'><strong>‹ttt&#39;</strong></span> <span class='ocrx_word' id='word_1_421' title='bbox 1194 4155 1244 4210; x_wconf 72' lang='lat' dir='ltr'><strong>ire.</strong></span> 
     </span>
    </p>

    <p class='ocr_par' dir='ltr' id='par_1_4' title="bbox 95 4223 1322 4643">
     <span class='ocr_line' id='line_1_40' title="bbox 113 4223 1322 4310; baseline 0.003 -33"><span class='ocrx_word' id='word_1_422' title='bbox 113 4244 147 4308; x_wconf 57' lang='lat' dir='ltr'><strong>⁸g.</strong></span> <span class='ocrx_word' id='word_1_423' title='bbox 166 4229 267 4308; x_wconf 61' lang='lat' dir='ltr'><strong>(2⁰¹³[0f5</strong></span> <span class='ocrx_word' id='word_1_424' title='bbox 286 4235 310 4308; x_wconf 57' lang='grc' dir='ltr'><strong>ξι</strong></span> <span class='ocrx_word' id='word_1_425' title='bbox 326 4227 431 4305; x_wconf 70' lang='lat' dir='ltr'><strong>deiciam.</strong></span> <span class='ocrx_word' id='word_1_426' title='bbox 444 4226 467 4277; x_wconf 91' lang='lat' dir='ltr'><strong>i.</strong></span> <span class='ocrx_word' id='word_1_427' title='bbox 486 4223 584 4308; x_wconf 64' lang='lat' dir='ltr'><strong>ceptae</strong></span> <span class='ocrx_word' id='word_1_428' title='bbox 602 4224 681 4279; x_wconf 79' lang='lat' dir='ltr'><strong>dere·</strong></span> <span class='ocrx_word' id='word_1_429' title='bbox 767 4231 792 4282; x_wconf 70' lang='lat' dir='ltr'><strong>i„</strong></span> <span class='ocrx_word' id='word_1_430' title='bbox 808 4225 900 4286; x_wconf 73' lang='lat' dir='ltr'><strong>turer</strong></span> <span class='ocrx_word' id='word_1_431' title='bbox 920 4229 992 4310; x_wconf 80' lang='lat' dir='ltr'><strong>deest</strong></span> <span class='ocrx_word' id='word_1_432' title='bbox 1007 4229 1032 4307; x_wconf 77' lang='lat' dir='ltr'><strong>in</strong></span> <span class='ocrx_word' id='word_1_433' title='bbox 1050 4229 1139 4292; x_wconf 84' lang='lat' dir='ltr'><strong>Epipb.</strong></span> <span class='ocrx_word' id='word_1_434' title='bbox 1157 4229 1278 4279; x_wconf 85' lang='lat' dir='ltr'><strong>Tbeeder.</strong></span> <span class='ocrx_word' id='word_1_435' title='bbox 1297 4237 1322 4282; x_wconf 83' lang='lat' dir='ltr'><strong>tt</strong></span> 
     </span>
     <span class='ocr_line' id='line_1_41' title="bbox 95 4291 1321 4430; baseline 0.002 -16"><span class='ocrx_word' id='word_1_436' title='bbox 95 4291 680 4430; x_wconf 59' lang='lat' dir='ltr'><strong>‘t‘ttttat‘dtttttttttttit.</strong></span> <span class='ocrx_word' id='word_1_437' title='bbox 733 4297 895 4430; x_wconf 63' lang='lat' dir='ltr'><strong>tttt‘ttt</strong></span> <span class='ocrx_word' id='word_1_438' title='bbox 904 4291 1321 4416; x_wconf 65' lang='lat' dir='ltr'><strong>tttttttttttttttit&#39;t</strong></span> 
     </span>
     <span class='ocr_line' id='line_1_42' title="bbox 97 4423 1321 4514; baseline 0.005 -36"><span class='ocrx_word' id='word_1_439' title='bbox 97 4423 142 4482; x_wconf 72' lang='lat' dir='ltr'><strong>eriz</strong></span> <span class='ocrx_word' id='word_1_440' title='bbox 158 4423 241 4485; x_wconf 77' lang='grc' dir='ltr'><em>αὐτὸς</em></span> <span class='ocrx_word' id='word_1_441' title='bbox 256 4426 354 4496; x_wconf 73' lang='grc' dir='ltr'><em>γέγονε</em></span> <span class='ocrx_word' id='word_1_442' title='bbox 370 4423 485 4498; x_wconf 76' lang='grc' dir='ltr'><strong><em>κατάρα.</em></strong></span> <span class='ocrx_word' id='word_1_443' title='bbox 520 4433 611 4483; x_wconf 80' lang='lat' dir='ltr'><strong>Tbeed.</strong></span> <span class='ocrx_word' id='word_1_444' title='bbox 631 4423 681 4514; x_wconf 54' lang='lat' dir='ltr'><strong>erip</strong></span> <span class='ocrx_word' id='word_1_445' title='bbox 732 4433 837 4484; x_wconf 77' lang='lat' dir='ltr'><strong>Fetcbm.</strong></span> <span class='ocrx_word' id='word_1_446' title='bbox 851 4433 874 4482; x_wconf 89' lang='lat'><strong>1.</strong></span> <span class='ocrx_word' id='word_1_447' title='bbox 909 4431 1001 4482; x_wconf 84' lang='lat' dir='ltr'><strong>ibidem</strong></span> <span class='ocrx_word' id='word_1_448' title='bbox 1018 4423 1034 4480; x_wconf 79' lang='lat' dir='ltr'><strong>d</strong></span> <span class='ocrx_word' id='word_1_449' title='bbox 1052 4424 1133 4497; x_wconf 73' lang='grc' dir='ltr'><strong><em>λόγος</em></strong></span> <span class='ocrx_word' id='word_1_450' title='bbox 1150 4432 1218 4482; x_wconf 85' lang='lat' dir='ltr'><strong>deest</strong></span> <span class='ocrx_word' id='word_1_451' title='bbox 1235 4433 1259 4482; x_wconf 86' lang='lat' dir='ltr'><strong>ie</strong></span> <span class='ocrx_word' id='word_1_452' title='bbox 1275 4433 1321 4484; x_wconf 88' lang='lat' dir='ltr'><strong>Se·</strong></span> 
     </span>
     <span class='ocr_line' id='line_1_43' title="bbox 98 4491 1320 4565; baseline 0.002 -19"><span class='ocrx_word' id='word_1_453' title='bbox 98 4491 138 4546; x_wconf 77' lang='lat' dir='ltr'><strong>brt</strong></span> <span class='ocrx_word' id='word_1_454' title='bbox 153 4492 235 4552; x_wconf 71' lang='grc' dir='ltr'><em>αὐτὸς</em></span> <span class='ocrx_word' id='word_1_455' title='bbox 251 4495 354 4564; x_wconf 76' lang='grc' dir='ltr'><em>γέγονε.</em></span> <span class='ocrx_word' id='word_1_456' title='bbox 391 4491 679 4552; x_wconf 74' lang='lat' dir='ltr'><strong>nutrientemobxedre</strong></span> <span class='ocrx_word' id='word_1_457' title='bbox 732 4515 799 4562; x_wconf 74' lang='lat' dir='ltr'><strong>puer.</strong></span> <span class='ocrx_word' id='word_1_458' title='bbox 835 4499 900 4550; x_wconf 84' lang='lat' dir='ltr'><strong>inira</strong></span> <span class='ocrx_word' id='word_1_459' title='bbox 923 4501 1024 4563; x_wconf 74' lang='lat' dir='ltr'><strong>Sepeer.</strong></span> <span class='ocrx_word' id='word_1_460' title='bbox 1048 4491 1156 4565; x_wconf 73' lang='grc' dir='ltr'><strong><em>ἀλόγων</em></strong></span> <span class='ocrx_word' id='word_1_461' title='bbox 1173 4491 1258 4557; x_wconf 71' lang='grc' dir='ltr'><strong><em>ξύων.</em></strong></span> <span class='ocrx_word' id='word_1_462' title='bbox 1293 4499 1320 4548; x_wconf 86' lang='lat' dir='ltr'><strong>in</strong></span> 
     </span>
     <span class='ocr_line' id='line_1_44' title="bbox 99 4559 992 4643; baseline 0.007 -29"><span class='ocrx_word' id='word_1_463' title='bbox 99 4563 175 4614; x_wconf 78' lang='grc' dir='ltr'><em>τοῦτο</em></span> <span class='ocrx_word' id='word_1_464' title='bbox 192 4563 289 4632; x_wconf 76' lang='grc' dir='ltr'><em>γέγονε</em></span> <span class='ocrx_word' id='word_1_465' title='bbox 305 4559 418 4634; x_wconf 77' lang='grc' dir='ltr'><strong><em>κατάρα.</em></strong></span> <span class='ocrx_word' id='word_1_466' title='bbox 459 4567 560 4631; x_wconf 74' lang='lat' dir='ltr'><strong>sepner.</strong></span> <span class='ocrx_word' id='word_1_467' title='bbox 580 4569 678 4622; x_wconf 82' lang='lat' dir='ltr'><strong>Gebter.</strong></span> <span class='ocrx_word' id='word_1_468' title='bbox 731 4566 785 4618; x_wconf 82' lang='lat' dir='ltr'><strong>aliis</strong></span> <span class='ocrx_word' id='word_1_469' title='bbox 804 4559 882 4624; x_wconf 65' lang='lat' dir='ltr'><strong>tear</strong></span> <span class='ocrx_word' id='word_1_470' title='bbox 899 4565 992 4643; x_wconf 57' lang='lat' dir='ltr'><strong>deese</strong></span> 
     </span>
    </p>
   </div>
   <div class='ocr_carea' id='block_1_4' title="bbox 1062 4649 1118 4702">
    <p class='ocr_par' dir='ltr' id='par_1_5' title="bbox 1062 4649 1118 4702">
     <span class='ocr_line' id='line_1_45' title="bbox 1062 4649 1118 4702; baseline -0.018 0"><span class='ocrx_word' id='word_1_471' title='bbox 1062 4649 1118 4702; x_wconf 73' lang='lat' dir='ltr'><strong>tt*</strong></span> 
     </span>
    </p>
   </div>
   <div class='ocr_carea' id='block_1_5' title="bbox 0 0 1552 5236">
    <p class='ocr_par' dir='ltr' id='par_1_6' title="bbox 0 0 1552 5236">
     <span class='ocr_line' id='line_1_46' title="bbox 0 0 1552 5236; baseline 0 0"><span class='ocrx_word' id='word_1_472' title='bbox 0 0 1552 5236; x_wconf 95' lang='lat' dir='ltr'><strong> </strong></span> 
     </span>
    </p>
   </div>
  </div>
 </body>
</html>
