3054 5236
440 379 555 424 conans
568 379 785 426 meminentes
800 382 887 426 senen
901 383 921 428 r.
1231 371 1292 436 865
1348 335 1358 360 Ο

7 533 186 594 'recentes
218 549 305 594 rem
328 530 561 592 animadvertant
582 531 628 592 vel
650 530 724 593 elios
745 530 883 612 decipere
898 551 959 594 non
973 531 1098 608 valeant,
1120 533 1190 598 dum
1206 555 1379 616 aper-nere

7 632 179 694 ssimem
212 632 346 694 Christi
368 632 667 714 comprehensionem
690 633 881 711 pollicentur:
905 633 974 696 Noe
989 635 1187 716 iatellr‘peotes
1204 657 1296 718 nepus

9 753 83 796 uae
116 733 334 816 loquuntur
356 753 449 814 nepae
472 736 506 796 de
529 736 637 814 quidus
659 734 832 814 affirmant.

97 839 141 900 2.
204 835 301 898 Nam
322 835 426 897 Patres
456 835 575 914 quidem
604 835 722 907 dinem,
745 833 1027 898 consubstantialem
1051 855 1119 900 esse
1140 838 1220 900 Patri
1241 837 1275 902 Fi

18 957 84 999 um
125 957 173 1002 ac
199 939 318 1000 Deum
340 955 442 998 verum
465 955 501 998 ex
522 935 584 997 [lec
607 953 678 996 vero
701 941 731 998 et
752 935 915 1014 perlectum
937 939 1144 1016 experrecto,
1166 939 1216 1019 qui
1238 939 1380 1002 deeora.

8 1039 84 1100 nde
123 1039 323 1101 descendit
349 1045 474 1118 propter
503 1045 637 1100 nostram
667 1035 809 1110 salutem,
837 1035 1007 1100 incarnatus
1036 1040 1178 1101 ethome
1201 1041 1294 1104 laetus

13 1151 73 1214 ·st‚
107 1159 154 1202 ac
182 1137 398 1220 postmodum
420 1154 530 1218 pessus
553 1145 599 1198 est
621 1145 651 1198 et
673 1137 848 1198 resurrexit
894 1136 954 1198 Sed
970 1155 1007 1200 ne
1023 1139 1091 1218 quis
1108 1140 1207 1203 audite
1221 1159 1294 1220 pes·

12 1242 115 1302 ione
146 1249 187 1304 et
216 1239 452 1302 ressurectione
473 1238 567 1300 Deum
591 1237 719 1302 Verbum
748 1245 891 1300 mutatum
914 1257 983 1302 esse
1004 1241 1162 1320 comeret,
1185 1243 1295 1306 immu-

20 1343 162 1404 abilem
192 1351 232 1405 et
260 1339 462 1402 invariabilem
485 1359 553 1402 esse
574 1339 680 1402 Filium
702 1339 892 1402 damnatione
907 1339 1036 1402 adbibita
1052 1340 1207 1404 deliniunt.
1240 1344 1296 1406 lsti

15 1463 98 1505 sero
127 1452 194 1507 aut
221 1443 425 1506 mutationem
439 1440 528 1502 Verbi
550 1440 826 1515 comminiscuntur,
850 1449 900 1502 aut
913 1440 1069 1504 Passionis
1093 1444 1294 1524 dispensatio-

19 1565 102 1607 nem
138 1563 277 1608 meram
306 1563 376 1606 esse
405 1541 593 1623 phantasiam
616 1541 823 1628 suspicantur,
856 1551 952 1622 atque
965 1543 1114 1606 interdum
1136 1545 1296 1612 increatam

18 1647 283 1725 caelestemque
305 1643 415 1706 Christi
437 1661 568 1716 carnem,
590 1641 746 1722 aliquando
769 1642 875 1706 lleitati
898 1643 979 1706 aium
1000 1663 1070 1708 esse
1093 1647 1294 1710 consubstan-

23 1747 161 1810 tialem.
215 1745 335 1808 Deinde
358 1745 496 1824 inqcsiuut
517 1745 579 1806 rice
601 1743 753 1806 interioris
777 1743 827 1823 qui
850 1744 881 1806 in
896 1745 983 1808 nobis
1000 1754 1046 1808 est
1059 1748 1192 1810 bominis
1207 1765 1293 1810 men-

15 1857 97 1910 tem
126 1847 308 1910 caelestem
330 1846 433 1908 inesse
444 1844 575 1908 Christo.
618 1844 691 1906 Nam
713 1845 808 1924 ligura
830 1845 878 1908 illa
899 1846 1009 1919 dieunt,
1033 1867 1090 1927 que
1105 1841 1293 1924 induebatur,

27 1950 144 2010 instar
170 1949 287 2027 organi
308 1966 382 2010 usus
405 1955 461 2020 cst,
484 1964 581 2026 neque
603 1945 682 2008 enim
705 1944 851 2025 possibile
872 1955 934 2010 erat
955 1947 1119 2026 perlectum
1141 1949 1294 2013 bominem

28 2049 129 2112 illum
154 2049 246 2111 lieri.
291 2048 367 2122 „Ubi
391 2048 470 2110 enim
491 2049 642 2128 perlectus
664 2047 755 2110 bomo
778 2046 819 2108 ibi
843 2056 873 2110 et
893 2059 1057 2128 peccatum,
1080 2048 1210 2129 itemque
1232 2047 1292 2112 duo

20 2153 226 2232 ¹„perlecta
249 2168 341 2213 unum
364 2151 428 2213 lieri
449 2169 510 2212 non
533 2157 673 2229 possunt.
716 2147 834 2228 Alioqui
856 2148 887 2210 in
901 2149 1020 2212 Christo
1044 2151 1101 2214 erit
1122 2169 1155 2212 ea
1171 2149 1293 2229 quaein

39 2251 174 2328 „nobis
208 2260 259 2313 est
284 2269 382 2332 pugna
411 2250 540 2330 peccati,
570 2267 707 2329 opusque
737 2251 793 2312 erit
816 2250 842 2314 ei
863 2251 915 2314 itta
936 2250 1015 2332 apud
1036 2269 1094 2314 nos
1116 2251 1180 2312 lieri
1203 2251 1293 2312 solita

20 2352 281 2434 .‚,purgatione‚
305 2353 332 2414 si
353 2353 490 2416 Christus
512 2351 604 2414 bomo
627 2351 722 2414 lactus
744 2351 824 2431 quod
847 2352 878 2414 in
900 2353 988 2416 nobis
1005 2351 1114 2431 cogitet
1128 2360 1159 2411 ct
1173 2367 1292 2414 manem

18 2483 20 2488 2
44 2463 189 2528 „movet
213 2455 246 2516 in
268 2455 371 2534 seipso
394 2453 565 2533 suscepisse
588 2451 768 2514 exhibeatur.
799 2453 858 2514 Sed
873 2453 1026 2526 assumsit,
1050 2451 1199 2530 inquiunt,
1221 2468 1291 2512 eor-

47 2573 141 2634 „pus
167 2553 285 2634 absque
306 2563 416 2628 mente,
440 2563 473 2615 ut
493 2553 559 2633 ipse
580 2571 666 2632 mens
681 2552 711 2614 iu
727 2552 776 2614 illo
793 2561 886 2627 esset,
907 2571 1016 2633 expers
1032 2551 1153 2617 omnino
1169 2551 1292 2632 peccati,

19 2688 25 2720 ‹.
49 2673 154 2728 „cum
183 2654 303 2716 ratione
332 2655 493 2716 divinitatis
523 2663 585 2716 tum
606 2653 723 2718 ratione
744 2655 859 2729 earnis,
880 2673 963 2734 uuae
985 2653 1098 2732 absque
1120 2661 1220 2715 mente
1242 2653 1291 2715 sit.

21 2787 23 2798 ν
53 2755 196 2835 „Neque
220 2755 299 2817 enim
321 2763 424 2837 peccat
445 2773 513 2817 earo
537 2755 611 2829 eius,
634 2754 683 2834 qui
706 2773 827 2818 manem
849 2762 949 2816 movet
971 2753 1001 2814 id
1023 2760 1071 2814 est
1095 2753 1146 2832 qui
1163 2752 1291 2836 ,cogitat

19 2898 23 2926 ψ,
54 2856 110 2931 „si
136 2855 164 2916 is
189 2856 275 2935 prius
297 2855 409 2939 pcccati
431 2863 527 2918 actum
550 2873 611 2920 non
633 2864 733 2918 mente
755 2853 935 2933 conceperit,
959 2861 989 2915 et
1010 2853 1037 2916 si
1057 2871 1239 2933 percorpus
1254 2852 1292 2916 ad

18 2996 21 3027 ,·
55 2955 206 3037 „peccati
234 2957 519 3020 consummationem
547 2964 688 3036 operatus
717 2975 779 3016 non
801 2953 900 3014 luerit.
943 2953 1028 3016 Unde
1051 2953 1148 3016 earnis
1172 2953 1292 3033 quidem

17 3095 20 3125 t
55 3057 254 3132 „novitatem
269 3057 405 3121 Christus
428 3057 670 3121 commonstravit
691 3075 748 3136 pro
764 3055 878 3116 radone
894 3055 1107 3127 similitudinis,
1129 3055 1293 3116 novimtem

60 3167 191 3236 „auum
215 3160 291 3234 eius,
314 3159 363 3240 qui
386 3160 417 3220 in
439 3159 528 3222 nobis
550 3158 668 3238 cogitat,
691 3175 746 3236 per
767 3154 963 3218 imitationem
979 3163 1009 3218 et
1022 3154 1245 3220 similitudinem
1262 3164 1293 3218 et

62 3261 303 3338 „abstinentiam
324 3280 341 3322 a
362 3269 484 3340 peceato
505 3257 709 3338 unusquisque
731 3257 762 3319 in
786 3257 887 3337 seipso
910 3256 1038 3320 exbibet.
1082 3256 1120 3318 lit
1141 3257 1185 3318 sio
1204 3255 1291 3318 Chri·

63 3371 159 3438 ‚,stus
182 3361 248 3423 sine
270 3371 392 3441 peceato
414 3357 619 3440 intelligitur.“

148 3465 177 3528 3.
223 3463 303 3525 llaec
324 3472 395 3524 sunt
416 3462 534 3523 illorum
556 3459 741 3538 sophismate
764 3466 795 3521 et
815 3457 852 3518 ad
874 3475 923 3520 res
945 3457 1165 3535 detorquendus
1186 3456 1290 3518 eonsi-

65 3563 119 3639 lia;
140 3581 237 3644 neque
259 3581 337 3624 unus
360 3571 409 3624 est
428 3561 546 3624 illorum
569 3577 687 3632 sermo,
709 3559 802 3620 multa
825 3559 903 3620 enim
926 3556 1142 3619 incredulitatis
1165 3556 1289 3620 diverti-

67 3664 129 3726 cula
149 3664 286 3728 humanis
307 3661 585 3726 ratiocinationibus
607 3659 779 3739 excogitata.
823 3658 1032 3737 Proponamus
1054 3655 1145 3735 igitur
1167 3656 1225 3718 illis
1244 3656 1291 3718 di-

69 3765 127 3826 vini
148 3764 244 3844 placiti
266 3763 448 3824 voluntatem
470 3766 551 3835 (eam
574 3765 699 3830 ebrocis,
723 3759 830 3837 inquit,
852 3758 1002 3820 Domtieus
1025 3768 1055 3818 et
1075 3775 1138 3817 aon
1151 3759 1288 3836 poeaite-

72 3865 111 3926 bit
133 3869 209 3938 eum)
237 3881 272 3922 ec
298 3863 471 3924 verissimae
500 3858 693 3920 oeconomiae
716 3855 1003 3918 consummationem
1026 3863 1055 3914 et
1076 3853 1292 3916 absolutissimi

73 3962 201 4026 benelicii
223 3961 356 4040 gratiam,
379 3968 542 4036 mutuoque
559 3955 754 4027 sciscitemur,
779 3961 930 4014 uteorum
946 3953 1136 4030 exploremus
1152 3962 1290 4027 mentem,
1345 4005 1365 4022 ,

75 4081 142 4124 num
154 4059 334 4144 propheticis
356 4055 610 4139 praedictionibus
634 4061 814 4126 consonent,
836 4069 909 4113 num
922 4050 1094 4131 spostoliea
1115 4050 1292 4113 documenta

77 4241 168 4312 ἑαυτῷ.
202 4247 278 4296 lidem
303 4243 460 4307 manuscripti
479 4223 654 4306 ἅγνωστοςῆ
707 4227 827 4288 ἕκαστος.
863 4235 890 4284 la
907 4233 961 4284 eliis
980 4241 1005 4284 et
1020 4233 1045 4284 in
1060 4225 1297 4293 editionel‘erie.i1'r

80 4307 168 4374 πάντη.
707 4304 785 4364 deest,
803 4304 901 4352 recline

111 4399 129 4432 e.
146 4374 294 4442 Seruaeum
311 4371 381 4426 κατὰ
399 4370 430 4424 τὸ
449 4367 491 4424 ἄν.
531 4373 656 4426 lloaidem

82 4463 130 4498 cem
154 4449 245 4501 Gobler.
270 4454 295 4496 et
322 4447 426 4498 Felelrm.
453 4445 475 4493 l.
503 4435 658 4509 ἁμαρτάνει

85 4509 147 4584 σὰρξ
161 4515 203 4566 roi
221 4508 346 4580 ἄγοντος.
744 4505 760 4552 l.
778 4503 869 4580 lnglje.
887 4493 917 4549 ἓν
933 4501 992 4555 τοῖς
1007 4514 1097 4593 noem.
1119 4508 1142 4550 et
1159 4500 1221 4548 inira
1237 4499 1294 4546 lton

114 4585 135 4632 d.
150 4585 203 4636 bdlt.
227 4583 345 4634 Gemmel.
370 4579 514 4646 etquidem
538 4591 597 4628 mss.
621 4565 657 4635 ἣν
709 4561 739 4620 te
756 4567 814 4624 tois
831 4579 928 4618 onear.

118 4667 229 4714 tamtarn
240 4681 291 4714 eas.
301 4679 372 4714 noes.
385 4678 434 4711 set.
684 4675 688 4686 ·
1061 4649 1093 4696 bb
1197 4721 1198 4726 1

744 4419 764 4453 e.
783 4394 891 4454 τούτοις
909 4401 977 4450 deest
994 4401 1018 4450 io
1038 4399 1138 4481 Segper.
