3176 5304
628 365 786 410 mosaco
801 367 891 410 mss.
1358 351 1377 412 3

54 515 122 594 spui
138 513 338 578 catholicos
360 523 583 578 auctores:
606 517 649 578 sis
671 521 750 578 enim
764 517 870 578 scrihit
886 515 936 578 hih.
955 519 983 578 1.
1006 514 1137 579 hctract.
1160 536 1185 578 c.
1205 519 1253 580 19.
1277 535 1309 578 u.
1326 519 1450 582 8.:t.ss.

57 616 109 676 hm
130 616 271 697 quidem
296 628 344 680 ut
376 617 569 688 dicerene,
593 618 674 696 apud
694 617 839 696 quostiam
862 617 920 696 ispi
940 627 1123 680 tractatoris
1145 617 1310 680 catholicos
1327 619 1376 680 cii-

58 721 199 780 risorum
225 718 500 798 eloquiorum.
560 715 672 779 Danda
693 718 793 780 ccidit:
816 718 870 780 ccci
891 718 1059 795 ubicunque
1084 716 1137 776 hcc
1160 717 1237 792 aas,
1261 720 1376 781 isicius

59 839 93 878 se
116 817 269 882 nohhein:
298 827 448 897 postea
478 820 605 898 quippo
627 817 697 888 nihi,
719 835 783 878 noct
805 836 869 880 esse
892 817 1057 886 dicendum,
1080 819 1214 894 quamvis
1226 817 1376 880 nonnulla

58 923 150 997 possit
173 924 332 982 ratione
362 919 540 996 defendi.
585 916 675 978 hiatio
698 929 799 980 autem
820 935 878 979 cur
901 917 972 978 hacc
988 916 1199 996 reprehendat,
1224 917 1299 978 hanc
1313 922 1376 998 ipse

62 1022 166 1080 iisdem
192 1020 338 1102 affert:
380 1019 478 1081 Nou
507 1018 612 1086 video,
636 1026 742 1077 utrum
765 1027 845 1079 rccie
867 1017 988 1077 dicatur
1008 1017 1098 1076 homo
1122 1014 1306 1088 dominicus,
1328 1023 1380 1098 qui

4 1174 5 1180 ,
65 1131 103 1178 cst
131 1121 321 1182 mediator
352 1117 430 1180 Dei
470 1127 506 1180 et
536 1117 690 1180 hominum
720 1116 805 1178 homo
831 1117 969 1179 Christus
992 1116 1095 1192 Issus,
1125 1135 1192 1178 cum
1214 1119 1380 1198 sicutipse

2 1196 10 1306 h
69 1221 240 1284 Dominus.
297 1220 529 1281 Dominicus
559 1227 660 1278 autem
689 1217 775 1279 homo
805 1221 870 1297 quis
899 1221 930 1278 in
959 1221 1022 1278 eins
1044 1225 1151 1278 sancta
1172 1217 1294 1296 [amilio
1315 1236 1378 1279 nou

4 1311 7 1356 ¹
69 1333 168 1400 potest
204 1319 315 1384 dici?
375 1320 541 1398 Denique
564 1315 725 1380 Facundus
746 1315 977 1378 Hermiancnsis
1009 1317 1087 1378 iihro
1110 1315 1162 1376 Xh.
1188 1335 1248 1396 pro
1271 1319 1378 1397 hesen-

5 1410 7 1462 ²
73 1430 158 1486 sione
191 1425 315 1486 trium
354 1419 593 1500 capitulorum
616 1438 641 1480 c.
657 1420 687 1481 2.
712 1421 773 1482 tria
804 1417 870 1480 hoca
899 1436 937 1479 ecc
965 1417 1020 1478 hot
1040 1417 1114 1497 fidei
1133 1422 1321 1496 expositione
1343 1419 1376 1480 S.

6 1518 7 1530 ¹
75 1523 253 1585 Athanasii
284 1522 476 1602 profert,
506 1523 589 1582 inter
616 1539 690 1600 qaae
718 1529 800 1580 unus
830 1518 915 1580 iocus
945 1527 1004 1591 esi,
1034 1518 1086 1578 ahi
1106 1517 1160 1578 hae
1182 1523 1267 1599 ipsae
1287 1537 1376 1582 voces

79 1625 170 1684 homo
198 1622 430 1685 dominicus
454 1619 607 1699 iepuntur.
656 1619 748 1681 Verba
770 1623 838 1698 ipsa
859 1619 946 1698 infra
967 1619 1007 1680 ad
1024 1622 1158 1698 propria
1179 1617 1245 1681 loca
1268 1623 1300 1682 iu
1318 1637 1376 1684 no-

82 1729 117 1783 cis
141 1721 413 1805 oneremus¹).
459 1719 508 1780 Ea
530 1719 576 1780 his
598 1723 694 1800 spitus
717 1721 838 1780 cas'dcns
861 1729 913 1792 esi,
936 1718 1025 1780 nullo
1046 1718 1133 1780 modo
1154 1736 1246 1798 posse
1266 1723 1299 1780 in
1318 1721 1376 1782 ciu-

85 1827 167 1886 hium
193 1824 401 1892 revocari,
426 1831 532 1880 uirum
547 1818 578 1879 S.
595 1819 779 1882 Athanasius
795 1822 835 1880 sit
849 1829 958 1880 auctor
974 1819 1063 1880 huius
1079 1820 1280 1897 expositionis
1295 1819 1374 1896 fidei.

89 1923 148 1986 Nec
179 1943 274 1988 aaa
319 1921 414 1984 haec
437 1919 548 1982 locutio
570 1923 602 1980 in
625 1919 790 1982 Athanasio
813 1919 963 1998 culpanda
985 1929 1045 1987 est,
1075 1937 1163 1997 quam
1185 1935 1292 1996 asucpe
1313 1921 1377 1996 ipss

90 2043 125 2085 ac
147 2033 235 2106 post
267 2039 366 2084 eum
392 2019 579 2099 Epiphanius
601 2022 634 2080 in
657 2019 810 2082 Ancoraio
832 2023 863 2095 fl.
878 2021 931 2081 95.
955 2027 984 2078 et
1008 2018 1169 2079 Cassianus
1194 2017 1304 2081 collat.
1322 2017 1375 2080 xt.

93 2145 117 2184 c.
136 2129 198 2189 13.
236 2135 274 2186 et
318 2123 366 2182 de
395 2124 605 2184 incarnatione
628 2118 679 2182 iih.
701 2120 730 2182 V.
755 2139 818 2198 cap.
836 2123 865 2182 5.
888 2129 918 2182 et
941 2115 992 2178 iih.
1014 2115 1059 2180 Vi.
1084 2135 1148 2196 cap.
1163 2119 1214 2182 22.
1236 2120 1377 2201 sorteque

94 2225 152 2288 aiii
189 2222 378 2288 catholica
398 2231 608 2301 usurparant.-
635 2223 716 2284 unche
738 2225 802 2300 ipss
824 2223 1027 2298 hupnstinus,
1051 2222 1104 2297 qui
1123 2234 1189 2278 carn
1209 2219 1375 2300 ceiarpuit,

94 2337 133 2386 ut
159 2325 347 2392 sidonas,
366 2322 515 2386 nonnulla
537 2335 637 2385 tamen
656 2340 749 2402 posse
771 2325 892 2384 ratione
916 2319 1038 2400 defendi
1056 2313 1186 2398 fatetur.
1229 2317 1272 2380 Hi
1292 2322 1376 2383 cciii-

102 2433 150 2488 cet
186 2441 288 2505 quos
326 2425 413 2486 modo
441 2429 686 2492 memoravimus,
712 2441 771 2502 per
799 2421 952 2482 hominem
980 2419 1161 2480 dominicum
1189 2420 1267 2482 nihii
1293 2421 1377 2484 ahiud

97 2525 337 2599 intelligunt,
358 2543 445 2603 mmm
468 2525 627 2586 humanam
644 2523 760 2585 Christi
778 2532 933 2592 naturam,
956 2521 1201 2602 pscmtodmccinm
1217 2533 1295 2585 certe
1312 2541 1379 2586 cum

101 2625 220 2685 iidem
250 2627 291 2676 ei
318 2621 371 2682 aiii
393 2639 409 2682 e
430 2622 569 2683 Patribus
590 2621 742 2684 hominem
765 2642 783 2684 a
807 2623 901 2684 Verho
925 2631 1093 2682 assumtum
1115 2630 1177 2682 tam
1200 2622 1308 2684 crchro
1332 2623 1380 2684 di-

115 2725 232 2782 cumt.
264 2711 434 2778 humanam
456 2729 571 2781 tantum
592 2731 735 2782 naturam
755 2725 905 2794 indicant,
928 2738 990 2783 non
1013 2721 1184 2783 distinctam
1202 2737 1380 2801 personam.

126 2813 232 2880 flius
261 2807 433 2876 Cassianus
462 2820 493 2876 in
521 2817 565 2878 his
595 2823 667 2896 ipsis
697 2821 785 2890 iocis,
817 2821 871 2882 uhi
898 2819 1071 2881 Nestorium
1099 2821 1176 2880 duas
1204 2823 1237 2879 in
1261 2819 1382 2882 Christo

120 2927 312 2999 personas
335 2915 524 2976 incassum
544 2915 668 2994 refellit,
689 2919 791 2978 iisdem
806 2917 870 2978 iliis
885 2919 1004 2980 cocihus
1018 2921 1066 2980 uti
1078 2919 1199 2978 minime
1215 2919 1340 2998 resupit.

218 3066 250 3124 li
271 3065 310 3116 id.
331 3081 357 3130 p.
374 3065 398 3116 5.
419 3079 476 3128 aa.
494 3079 517 3129 p.
529 3065 553 3116 6.
573 3081 596 3116 a.
609 3079 630 3116 o.
648 3081 671 3132 p.
684 3065 707 3116 9.
728 3081 784 3130 ng.
