3176 5304
647 407 820 450 rnassarno.
907 377 912 382 ’
1307 394 1349 458 21

97 560 234 636 pietatis
258 575 385 620 aarum
407 557 494 619 uobis
516 557 672 620 audaciter
693 563 781 620 chata
803 568 943 621 nostram
972 563 1185 622 conscentium
1206 563 1352 624 cendeba-

99 677 187 734 πυ,
215 663 264 719 ita
280 669 428 740 wantum
451 657 485 719 dr
500 675 534 720 eo
551 658 634 740 loqui
649 663 794 739 pertinet,
817 670 1006 722 venustatem
1021 660 1212 733 rhetoricari,
1233 665 1351 744 samn-

97 761 176 822 diae
205 763 457 841 emueqaesnnm
478 771 649 841 tectumque
670 765 821 822 sermoaia
841 759 955 842 prorui
969 762 1072 824 abesse
1086 762 1260 840 sinpliciter
1274 783 1349 826 con-

94 861 255 939 fitemur.
300 858 404 922 Stadii
422 863 530 942 qur'pps
552 864 655 922 nostri
672 862 745 941 fuit,
769 863 986 944 descriptoris
1001 868 1117 924 sanetis
1133 864 1347 926 disserentibus

92 966 153 1041 pia
180 960 362 1042 inteltiqere
383 979 460 1043 quae
480 966 596 1042 sarapta
619 972 706 1034 suat,
731 973 760 1024 et
780 965 964 1042 imperitiam
989 981 1223 1044 mensuramque
1249 967 1352 1026 nostri

96 1081 173 1124 nors
200 1067 352 1143 ipaarare
381 1066 540 1124 carmanis.
590 1062 655 1124 llid.
683 1063 853 1143 Hieronymi
876 1064 953 1145 Opp.
976 1062 1022 1126 ed.
1045 1063 1170 1125 Vallars.
1204 1063 1291 1126 Tam.
1312 1063 1349 1126 ll.

95 1181 131 1242 p.
163 1167 247 1228 tou.
273 1171 303 1225 et
326 1163 396 1227 168.
438 1163 473 1224 ln
494 1161 579 1236 libris
600 1163 801 1242 aldingarello
823 1165 948 1227 deuotis
969 1165 1046 1227 haud
1069 1165 1132 1226 seio
1155 1183 1193 1226 an
1215 1164 1252 1226 ad
1274 1165 1351 1227 hanc

95 1265 320 1327 iuiacamdiam
341 1263 529 1326 referendum
552 1264 601 1339 sit,
624 1264 703 1344 quod
725 1263 864 1345 Didymus
887 1266 987 1327 multis
1009 1267 1103 1327 utitur
1122 1265 1245 1328 vocibus
1261 1265 1349 1327 nome

95 1377 132 1427 et
172 1363 450 1445 compositionibus
483 1363 642 1426 verborum
674 1365 841 1441 inusitatis,
884 1385 959 1446 quae
991 1366 1123 1428 certain
1155 1366 1346 1448 politioribus

96 1465 229 1529 seeum
259 1465 354 1545 quarti
382 1465 581 1545 scriptoribus
610 1467 722 1528 trustra
749 1476 933 1546 quaeruntur
962 1477 992 1528 et
1018 1465 1124 1547 partim
1157 1467 1345 1530 insolentiam

97 1577 135 1630 et
161 1568 329 1630 vanitatem
351 1567 499 1630 sermonis
520 1566 719 1648 Areopagitici
739 1567 886 1630 redolent.
928 1567 1084 1630 Praeterea
1106 1569 1218 1648 passim
1240 1571 1345 1650 perio-

97 1670 171 1730 dos
202 1669 313 1729 format
340 1668 542 1730 membrorum
574 1669 712 1748 congerie
737 1669 893 1748 perplexas
920 1677 950 1731 et
978 1677 1150 1744 tortuosas,
1177 1669 1345 1732 anusmoti

99 1768 397 1850 amplificationibus
418 1768 555 1830 molestis
571 1777 602 1830 et
615 1769 831 1848 inelegantibua
852 1770 953 1832 itidem
975 1773 1086 1850 scripta
1103 1769 1236 1850 Dionysii
1250 1771 1346 1832 breo-

102 1871 234 1950 pagitae
256 1871 363 1932 relenta
380 1887 450 1930 esse
472 1878 583 1931 norunt
605 1888 708 1932 omnes
723 1871 773 1950 qui
788 1889 822 1932 ea
837 1873 1005 1950 attigerant.
1048 1869 1110 1934 Sed
1131 1869 1260 1950 insignis
1275 1871 1349 1932 haec

103 1971 264 2034 orationis
291 1973 403 2042 torma,
431 1988 506 2049 quae
534 1969 648 2050 aliquot
671 1971 747 2033 locis
774 1973 973 2051 conspicitur,
1005 1972 1217 2034 dubitationem
1245 1977 1350 2052 potest

102 2074 219 2136 lectari
242 2074 359 2146 afferre,
383 2089 420 2134 aa
443 2070 507 2133 iure
528 2090 544 2133 a
566 2071 708 2134 iratribus
729 2071 909 2152 bsnugarellis
932 2091 1008 2152 opus
1022 2072 1145 2152 Didymo
1166 2073 1346 2136 vindicatum

101 2175 163 2247 sit,
186 2173 296 2254 quippe
317 2173 347 2234 in
370 2192 426 2252 qua
448 2189 537 2236 nemo
559 2173 643 2236 lacile
664 2173 896 2255 deprehenderit
910 2173 989 2236 illam
1005 2173 1118 2254 eloquii
1133 2185 1346 2256 paupertatem

105 2275 160 2336 sel
185 2280 334 2338 sermonis
356 2279 552 2355 imperitiam,
582 2275 619 2338 de
641 2295 698 2356 qua
719 2276 864 2356 Didymus
887 2294 921 2336 se
944 2275 975 2336 in
998 2273 1091 2337 altero
1122 2275 1265 2355 opusculo
1289 2294 1343 2337 ex-

105 2383 253 2437 cusatum
282 2375 383 2436 voluit.
426 2375 470 2438 bc
493 2377 628 2454 proiecto
655 2385 718 2452 est,
749 2379 830 2458 quod
858 2377 958 2440 denuo
986 2375 1134 2438 eumacius
1162 2376 1345 2458 disquiratur

105 2476 154 2537 de
177 2476 325 2538 authentia
348 2476 446 2555 operis
474 2477 571 2556 deque
599 2478 765 2540 eruditione
792 2479 942 2556 auctoris,
970 2485 1100 2558 quaeat
1126 2478 1271 2540 remotior
1298 2487 1347 2540 est

105 2577 154 2638 ab
183 2576 381 2639 ecelesiastica
413 2578 524 2639 saeculi
555 2579 650 2657 quarti
682 2581 913 2654 consuetudine,
947 2579 987 2640 ita
1015 2578 1139 2659 propius
1166 2579 1281 2641 accedit
1308 2577 1346 2640 ad

109 2676 218 2736 studia
238 2675 457 2736 Platonicorum
478 2685 716 2756 postremorum,
743 2699 834 2760 quum
863 2689 966 2744 contra
989 2680 1025 2741 ab
1048 2679 1230 2760 Hieronymo
1253 2676 1346 2756 Didy-

117 2793 193 2836 mus
214 2773 399 2852 praedicetur
420 2774 618 2852 apostolicum
644 2784 744 2840 airam
766 2799 804 2842 eo
825 2786 891 2860 ipso
919 2799 1058 2844 termene
1086 2784 1262 2862 exprimens
1286 2787 1349 2840 tam

113 2891 269 2936 sensuam
291 2872 617 2950 tauromenitanae)
639 2897 727 2956 quara
748 2878 936 2958 siraple'eitate
956 2884 1134 2944 verborum.
1178 2877 1257 2938 Num
1278 2894 1348 2938 vcro

113 2983 298 3055 propterea,
323 2981 354 3034 ut
376 2972 411 3033 ad
435 2990 543 3032 noram
566 2971 801 3053 disquisitionem
824 2977 881 3037 viri
903 2979 980 3041 docti
1008 2981 1189 3050 excitentur,
1220 2995 1295 3056 opus
1317 2978 1348 3039 iu

112 3077 213 3138 lucem
235 3073 385 3155 publicam
400 3073 600 3136 revocandum
618 3075 667 3149 sit,
690 3077 756 3138 aliis
772 3077 992 3140 diiudicandum
1015 3079 1162 3158 relinquo.
1204 3075 1348 3166 quuidem

114 3177 190 3240 satis
212 3175 310 3237 habeo
333 3175 538 3255 significasse,
568 3195 620 3238 cur
640 3176 755 3257 Didymi
785 3177 894 3256 scripta
917 3177 1080 3240 seeundum
1109 3173 1249 3250 rationes,
1272 3196 1344 3258 quas

114 3279 146 3340 iu
175 3278 291 3340 delectu
320 3275 508 3339 instituenda
536 3295 663 3356 sequor,
693 3279 729 3340 ad
758 3279 928 3340 institutum
957 3279 1046 3340 huius
1067 3279 1260 3341 bibliothecae
1282 3298 1343 3343 noa

114 3379 292 3458 pertineant
336 3377 494 3459 Epiphanii
516 3377 703 3454 tooomtum,
727 3389 871 3460 utsupra
895 3379 1069 3454 memorari,
1093 3381 1257 3444 Cardinalis
1280 3381 1341 3444 los.

113 3483 187 3544 liar.
209 3479 363 3542 Tommasi
384 3477 506 3558 dignum
528 3473 680 3554 iudicarit,
713 3499 820 3561 quem·
834 3500 906 3562 prae
926 3481 992 3542 aliis
1024 3482 1198 3562 dogmaticis
1231 3486 1341 3548 veteris

114 3581 257 3646 eudesius
289 3579 491 3642 monumentis
524 3581 553 3641 in
588 3599 657 3644 suas
689 3581 901 3647 Institutiones
933 3583 1115 3664 theoloqieas
1147 3591 1344 3666 antiquorum

113 3696 242 3766 patrum
262 3684 346 3756 (tom.
362 3681 411 3743 lll.
427 3699 457 3762 p.
474 3684 505 3744 4.
520 3687 579 3761 sq.)
595 3684 777 3746 transferret.
821 3684 855 3744 ln
877 3703 935 3764 quo
950 3685 996 3746 rir
1016 3686 1150 3747 eruditus
1172 3685 1201 3748 id
1217 3688 1343 3750 maxime

115 3783 285 3864 respexisse
316 3783 446 3856 videtur,
478 3781 558 3861 quod
579 3783 762 3864 Epiphanius
792 3784 822 3845 in
843 3785 992 3846 Ancorato
1019 3805 1080 3846 non
1110 3787 1207 3848 solum
1235 3787 1343 3867 dogma

115 3883 153 3948 de
177 3884 310 3948 trinitate
325 3883 458 3962 explieat,
483 3883 537 3943 sed
551 3883 718 3946 universam
741 3885 810 3945 fidei
833 3885 998 3947 doctrinam
1014 3885 1060 3946 vel
1082 3895 1162 3948 certe
1184 3889 1342 3968 praecipua
1471 3898 1474 3916 ¹

117 3986 181 4048 rius
204 3985 310 4065 capita,
332 3982 580 4063 quemadmodum
601 3984 660 4045 illis
686 3985 873 4062 temporibus
896 3985 926 4046 in
949 3985 1072 4048 ecclesia
1100 3986 1242 4050 catholica
1266 3987 1341 4050 tradi

117 4086 255 4148 solebant
276 4093 305 4148 et
331 4083 490 4157 inculcari,
521 4100 556 4144 ex
585 4083 749 4145 divinarum
777 4085 940 4148 litterarum
969 4088 1142 4150 auctoritate
1172 4090 1292 4169 exponit
1313 4098 1342 4152 et

116 4197 221 4249 contra
253 4187 420 4248 haereticos
453 4183 619 4247 confirmat.
670 4185 744 4247 Nam
777 4186 856 4248 inter
884 4188 993 4268 scripta
1026 4189 1191 4269 dogmatica
1223 4199 1340 4270 patrum

14 4363 15 4374 χ
117 4306 291 4368 graecorum
313 4287 500 4350 saeculorum
523 4287 620 4366 quarti
635 4295 665 4349 et
680 4287 783 4367 quinti,
806 4288 885 4368 quod
901 4307 956 4369 ego
978 4291 1080 4364 sciam,
1102 4289 1201 4354 nohas
1223 4301 1343 4371 praeter

117 4390 197 4454 illam
227 4396 322 4452 exstat
350 4387 498 4452 eiusmodi
521 4395 678 4464 hastatum,
708 4389 757 4470 qui
785 4405 930 4480 summam
953 4390 1022 4452 fidei
1050 4391 1184 4472 publicae
1206 4395 1342 4458 exhibeat

118 4491 156 4553 ita
178 4499 212 4554 ut
233 4509 293 4552 uuo
316 4499 419 4553 tenore
441 4489 616 4566 domamur,
644 4490 821 4571 quibusoam
845 4509 880 4553 ax
906 4491 1041 4571 partibus
1069 4493 1132 4554 sive
1153 4493 1283 4556 ardeatis
1306 4513 1340 4556 ea

117 4591 282 4674 composita
316 4593 419 4666 luerit,
453 4589 561 4671 quihus
593 4593 730 4656 formulis
752 4593 807 4655 siri
839 4591 1031 4656 ecclesiastici
1054 4593 1100 4654 usi
1123 4595 1198 4666 sint,
1232 4595 1345 4673 quibus
