3226 5280
234 349 295 412 124
629 364 654 407 ε.
670 363 824 408 manau
838 363 1062 409 ιιιιιιιεειιαουι

145 512 316 602 ε.τιυ.ζωῆν
338 511 374 579 ἐκ
396 511 494 599 ζωῆς·
516 513 570 578 καί
592 509 631 576 τὸ
651 511 712 595 μέν
733 505 979 594 άποσχοινίζεικ
999 514 1053 578 καὶ
1077 513 1218 599 διαιρεῖν
1239 505 1376 591 ἀότοός
1397 510 1456 578 τὸν

231 614 328 702 λόγον
350 607 420 679 άπὸ
441 614 500 678 τοῦ
523 613 608 678 θεοῦ
630 605 759 698 άναιρεί
780 613 883 698 λέγων
904 606 1003 691 αὐτὸς
1018 607 1206 700 ἀδιαίρετον
1221 617 1276 680 καί
1292 609 1454 699 άμείωτον

230 716 289 804 τὴν
315 713 437 800 τριάδα
465 713 512 792 είς
537 711 668 798 μονάδα
696 714 1041 800 συγκεφαλαιοόσθαι,
1070 713 1110 780 τό
1139 715 1176 782 δέ
1198 717 1302 801 λέγειν
1324 709 1453 794 αότοός,

231 812 406 903 ἀλλότριον
429 809 513 882 εῖναι
533 813 593 881 τὸν
614 812 685 880 υίὸν
708 816 767 900 τῆς
786 817 846 881 τοῦ
868 813 998 902 πατρὸς
1019 809 1149 896 σόσίας,
1180 813 1332 904 άντικρυς
1353 825 1456 883 πατεῖ

232 920 334 1004 λέγων
363 912 543 1001 όμοοόσιον
574 909 661 983 εἶναι
682 918 740 981 τοῦ
763 914 892 1002 πατρὸς
913 917 971 982 τὸν
993 915 1074 984 υἱόν.
1119 911 1169 1005 ἐφ’
1194 906 1223 1004 ᾦ
1244 920 1298 984 καί
1319 917 1454 1001 θαυμά-

231 1043 317 1087 σειεν
340 1016 383 1086 δν
404 1043 456 1096 τις
477 1017 535 1115 τῆν
557 1011 726 1084 ἀναίδειαν
748 1021 815 1084 τῶν
836 1019 1015 1104 δυσσεβῶν,
1037 1021 1113 1097 πῶς
1134 1024 1325 1100 Διονυσίου,
1349 1015 1386 1086 ὃν
1401 1019 1455 1084 λέ-

229 1144 343 1208 γουσιν
366 1114 526 1204 ὁμόδοξον
549 1123 561 1160 ¹·
569 1117 695 1207 ἑαυτῶν
716 1113 811 1199 εἶναι,
836 1119 987 1204 λέγοντος
1010 1115 1188 1205 όμοοόσιον
1209 1120 1267 1187 τὸν
1289 1119 1371 1200 υίόν,
1395 1115 1454 1186 αό-

228 1226 282 1290 τοὶ
304 1227 535 1308 περιέρχονται
556 1215 602 1298 ὡς
622 1220 772 1298 κώνοπες
793 1225 1082 1307 περιβομβοῦντες,
1106 1218 1152 1301 ὦς
1174 1217 1231 1288 οὐκ
1247 1217 1361 1308 ὀρθῶς
1374 1245 1454 1308 γρα-

232 1427 346 1514 φίλος,
380 1423 424 1511 μὴ
454 1418 686 1510 άρνείσθιοσαν
713 1421 756 1489 τὰ
783 1426 841 1488 τοό
870 1419 1073 1511 ὁμόφρονος·
1106 1425 1136 1491 εἰ
1157 1425 1193 1491 δὲ
1215 1424 1385 1508 νομίζουσι
1405 1421 1451 1508 μῆ

231 1522 345 1612 ὀρθῶς
362 1525 539 1614 εἰρῆσθαι,
569 1527 643 1602 πῶς
675 1521 733 1590 τόν
754 1527 852 1590 τοῦτο
875 1526 1011 1610 λέγοντα
1030 1523 1209 1592 Διονύσιον
1231 1525 1451 1608 εθρυλλοόοιν

231 1623 276 1707 ὦς
303 1626 345 1694 τά
372 1622 481 1693 αὐτῶν
510 1629 714 1714 φρονοῦντας
747 1623 894 1708 μάλιστα
923 1621 976 1691 ότι
1002 1619 1080 1693 οόδὲ
1102 1625 1136 1693 έκ
1157 1631 1323 1711 παρέργου
1345 1626 1451 1692 ταῦτα

231 1731 332 1816 λέγων
351 1735 531 1818 φαίνεται,
564 1722 648 1794 άλλδι
674 1724 836 1812 πρότερον
867 1723 968 1805 άλλας
995 1725 1174 1805 ἐπιστολάς
1200 1725 1333 1813 γράψας
1354 1725 1451 1804 ἀτοὺς

229 1833 290 1917 μὲν
322 1829 553 1917 κατειρηκότας
581 1823 683 1922 αότοῆ
712 1823 757 1906 ιός
783 1826 829 1914 μῆ
859 1828 1010 1913 λέγοντος
1032 1823 1210 1911 όμοοόσιον
1230 1826 1289 1894 τόν
1310 1826 1389 1908 υίὸν,
1403 1829 1450 1913 τῷ

229 1935 332 2020 πατρὶ
356 1932 511 2016 διελέγχει
533 1928 766 2012 ψευδομένους,
788 1927 866 2008 τοός
885 1931 920 1995 δὲ
936 1925 1129 2013 νομίζοντας
1144 1923 1243 1996 αότὸν
1258 1930 1363 2015 λέγειν
1384 1937 1453 2013 ’γε-

229 2033 326 2120 νητὸν
357 2030 415 2098 τὸν
442 2029 539 2115 λόγον
571 2028 831 2115 παρακρούεται,
865 2026 920 2096 ότι
956 2028 1001 2119 μὴ
1039 2027 1146 2110 οὕτως
1184 2027 1229 2110 ιός
1263 2031 1452 2115 νομίζουσιν

230 2132 419 2220 ἐφρόνησεν,
444 2126 512 2199 ἀλλ’
538 2131 568 2198 εἷ
588 2134 641 2198 καλ
663 2130 724 2211 τὰς
746 2133 849 2211 λέξεις
872 2132 987 2218 εἴρηκε,
1012 2131 1069 2198 διὰ
1090 2131 1190 2197 τοῦτό
1206 2156 1309 2219 φησιν
1331 2131 1453 2218 εἰρηκέ-

229 2259 300 2313 ναι,
334 2232 420 2320 πρδς
441 2231 480 2300 τὸ
501 2231 603 2318 μόνον
626 2232 741 2314 δείξαι,
774 2227 827 2298 ότι
847 2231 892 2318 μὴ
916 2227 934 2296 ό
956 2231 1066 2319 πατῆρ
1091 2233 1181 2299 έστιν
1204 2227 1272 2299 ἀλλ’
1298 2228 1317 2299 ό
1338 2231 1410 2312 υίὸς
1433 2227 1451 2298 ὃ

228 2333 268 2400 τὸ
294 2333 427 2422 γενητόν
456 2337 510 2400 καὶ
538 2333 669 2400 κτιστόν
690 2338 745 2402 καί
767 2333 907 2418 ποιητὸν
930 2332 1148 2417 ἐνδυσάμενος
1170 2338 1282 2418 σῶμα,
1316 2333 1370 2401 διὸ
1398 2335 1452 2400 καὶ

229 2439 428 2524 γεγενῆσθαι
448 2437 501 2502 καί
525 2439 740 2522 πεποιῆσθαι
761 2439 816 2502 καί
839 2435 993 2503 ἐκτίσθαι
1015 2435 1144 2520 λέγεται
1165 2430 1184 2500 ό
1206 2434 1286 2514 υἱός.

144 2560 220 2605 εισι.
315 2545 364 2606 20.
406 2531 540 2621 Ἀμέλει
562 2535 677 2622 ἐπειδὴ
699 2535 915 2624 Ιπροελήφθη
937 2535 1066 2624 γράψαι
1086 2536 1147 2615 τὰς
1167 2536 1324 2617 τοιαότας
1338 2538 1450 2618 λέξεις,

228 2651 301 2721 τοῖς
321 2641 381 2725 μὲν
400 2633 586 2723 Ἀρειανοίς
606 2636 715 2724 μακρά
737 2636 854 2726 φράζει
867 2645 1003 2725 χαίρειν,
1026 2636 1120 2725 παρὰ
1134 2638 1170 2705 δὲ
1184 2641 1250 2704 τῶν
1266 2633 1452 2706 ἀκουόντων

228 2744 416 2832 συνείδησιν
437 2734 569 2827 ιἰγαθῆν
590 2734 737 2820 άπαιτεί,
760 2738 799 2806 τὸ
822 2739 969 2825 δυςχερές
988 2733 1010 2824 ἢ
1030 2738 1115 2822 τάχα
1134 2742 1188 2806 καὶ
1210 2739 1249 2805 τὸ
1271 2736 1454 2828 άπερίδρα-

227 2869 303 2912 κτον
325 2847 391 2912 τῶν
414 2843 617 2932 ζητουμένων
638 2839 917 2928 προβαλλόμενος,
940 2840 1061 2929 ἵναμὴ
1082 2839 1142 2919 τάς
1164 2841 1268 2920 λέξεις
1289 2835 1372 2909 ἀλλὰ
1393 2840 1452 2930 τῆν

229 2947 379 3014 διάνοιαν
408 2948 488 3014 ιτοῦ
509 2943 696 3033 γράφοντος
717 2950 869 3030 κρίνωσι,
904 2945 957 3010 καί
979 2937 1118 3027 μάλισθ’
1144 2937 1223 3008 ὅταν
1244 2941 1452 3009 τὰπλεῖστα

227 3051 375 3136 μαρτυρῇ
397 3051 437 3136 τῇ
460 3046 578 3115 τούτου
601 3043 768 3134 φρονήσει.
800 3044 903 3133 έφησε
923 3047 1002 3130 γοῦν
1023 3047 1077 3110 καί
1101 3038 1214 3122 αὐτός·
1237 3039 1290 3109 ότι
1312 3045 1377 3108 τῶν
1391 3044 1451 3126 μὲν

227 3149 387 3214 τοιούτων
417 3145 462 3227 ὥς
491 3145 706 3235 άχρειοτέρων
735 3146 770 3228 έξ
796 3145 979 3233 ἐπιδρομῆς
1007 3140 1104 3211 εἶπον
1135 3144 1178 3211 τὰ
1198 3145 1452 3230 παραδείγματα

227 3243 267 3310 τὸ
296 3246 401 3332 φυτὸν
427 3247 561 3316 καὶτὸν
583 3249 742 3335 γεωργόν·
774 3257 847 3326 τοῖς
868 3248 904 3313 δὲ
926 3249 1226 3332 ῑπρσςφυεστέροις
1248 3245 1448 3331 ἐνδιέτριψα,

227 3347 282 3411 καὶ
311 3347 414 3413 πλέον
443 3347 620 3434 διεξῆλθον
648 3351 726 3432 περὶ
753 3351 820 3413 τῶν
843 3342 1084 3432 άληθεστέρων.
1122 3342 1148 3413 -ό
1171 3348 1208 3414 δέ
1229 3349 1326 3414 τοῦτο
1348 3347 1450 3431 λέγων

228 3448 391 3514 δείκνυσιν
419 3439 642 3534 άληθέστερσν
672 3443 758 3515 εἶναι
785 3446 824 3511 τὸ
852 3446 957 3532 λέγειν
980 3441 1089 3514 ἀΐδιον
1110 3451 1164 3515 καὶ
1188 3447 1221 3515 έκ
1242 3452 1301 3516 τοῦ
1324 3447 1453 3534 πατρὸς

226 3547 285 3616 τὸν
308 3547 389 3629 υἱόν,
412 3543 498 3634 ῆπερ
520 3545 669 3635 γενητόν·
692 3547 726 3615 έκ
747 3545 866 3614 τούτου
886 3549 947 3633 μέν
968 3547 1030 3635 γὰρ
1051 3548 1090 3615 τό
1112 3548 1300 3632 σωματικὸν
1321 3551 1380 3615 τοῦ
1395 3575 1452 3615 κυ-

226 3657 301 3738 ρίου
324 3653 527 3738 σημαίνεται,
551 3647 588 3729 έξ
608 3647 738 3716 ἐκείνων
760 3649 797 3716 δέ
818 3647 857 3714 τό
880 3643 989 3716 άΐδιον
1011 3653 1069 3736 τῆς
1090 3650 1252 3738 θεότητος
1274 3645 1384 3718 αὐτοῦ.
1418 3649 1452 3718 έν

226 3751 359 3832 τούτοις
379 3753 458 3838 γαόν
479 3755 533 3820 καλ
555 3743 717 3841 ῆλέγχθαι
738 3744 816 3837 παρ’
841 3744 942 3816 αὐτοῦ
965 3748 1043 3830 τοὺς
1064 3751 1314 3837 έγιαλέσαντας,
1339 3748 1385 3832 ὥς
1405 3751 1451 3839 μὴ

227 3855 378 3940 λέγοντος
401 3847 501 3922 αὐτοῦ
525 3849 704 3940 όμοοόσιον
725 3855 784 3919 τοῦ
806 3850 943 3939 πατρός,
967 3853 1220 3940 διαβεβαιοῦται
1242 3851 1301 3921 οόκ
1323 3851 1450 3934 ἅπλῶς,

227 3949 313 4022 άλλόι
333 3954 417 4039 μετὰ
439 3956 631 4044 φρονήσεως
651 3957 705 4021 καὶ
728 3950 932 4036 ἀποδείξεως
954 3949 1111 4043 ἀληθοῦς,
1135 3957 1254 4042 λέγων·
1277 3955 1307 4024 εἰ
1328 3959 1383 4023 καλ
1405 3953 1451 4041 μὴ

226 4055 285 4144 τὴν
308 4057 394 4138 λέξιν
416 4056 536 4144 ταύτην
559 4045 654 4144 εὗρον
676 4055 710 4124 έν
731 4067 806 4136 ταῖς
826 4067 982 4154 γραφαῖς,
1005 4051 1074 4124 ἀλλ’
1099 4055 1135 4134 έξ
1155 4050 1262 4122 αὐτῶν
1284 4058 1350 4124 τῶν
1371 4081 1452 4145 γρα-

227 4161 301 4246 φῶν
328 4156 386 4226 τὸν
408 4161 485 4224 νοῦν
507 4155 714 4242 συναγαγών,
744 4157 844 4242 έγνιυν
867 4153 921 4223 ότι
942 4157 1013 4234 υίὸς
1036 4149 1081 4221 ὢν
1103 4157 1157 4220 καὶ
1179 4153 1276 4238 λόγος
1298 4150 1336 4221 οὗ
1360 4157 1452 4238 ξένος

261 4329 284 4363 τ.
302 4313 373 4365 colb.
395 4303 502 4366 αότοός.
540 4311 593 4360 Mox
618 4311 716 4360 Τιυιῐο.
741 4309 811 4361 colb.
863 4297 1271 4361 Tnariu.1es.rr.1.r&m'2rd.
1311 4309 1362 4358 Mox
1381 4309 1418 4359 Fr.
1432 4311 1450 4361 1.

227 4381 273 4431 Ιετ.
292 4381 330 4431 δι.
351 4381 367 4429 Ι.
392 4372 502 4446 άναιρεῖ
524 4373 620 4442 λέγων.
658 4377 715 4441 neg.
739 4378 810 4428 Basil.
861 4368 983 4443 μάλιστα
1001 4367 1029 4423 δ’
1051 4367 1102 4424 ότι.

227 4449 321 4499 ondin
337 4441 475 4512 διαβάλλει
492 4442 587 4512 λέγων.
898 4444 920 4494 δ.
939 4443 979 4493 Sic
1005 4443 1062 4506 fleg.
1082 4441 1178 4492 Τιυνίο.
1205 4439 1273 4491 Colb.
1300 4441 1347 4492 ίιι.
1372 4442 1411 4492 Fr.
1432 4443 1449 4495 Ι.

259 4516 283 4566 h.
302 4517 400 4566 Tnurin.
422 4515 489 4567 colb.
509 4517 555 4566 Ιιι.
575 4503 685 4579 αι’πιόν.)
862 4511 925 4561 Εδίιί
943 4517 1005 4560 νειο
1018 4504 1080 4564 τοὺς
1096 4504 1149 4578 μὲν
1167 4491 1224 4555 σόν.
1252 4547 1257 4570 η

260 4599 281 4634 c.
300 4584 356 4648 δερ.
381 4584 411 4634 δι
437 4598 504 4635 more
521 4576 680 4648 θρυλοῦσιν.
715 4577 811 4630 {bidem
897 4593 918 4630 ι.
937 4577 1034 4629 Τιυιίο.
1060 4580 1129 4632 colb.
1153 4577 1199 4627 ίεε.
1221 4570 1356 4642 γεννητόν
1379 4593 1450 4631 αισα·
