3094 5318
505 345 652 432 arrarum
666 387 687 432 1.
703 389 739 430 to
755 388 951 434 amanteum.
1271 380 1333 444 tau

103 537 206 617 prium
228 536 355 598 Verbum
379 536 498 612 crearit,
521 537 717 616 coniungatis.
763 538 845 611 Quae
860 548 958 602 autern
975 537 1061 602 robis
1082 540 1122 602 it'a
1138 542 1417 608 sanoeotibnsmn.

101 655 176 716 spes
199 655 267 698 esse
287 635 410 717 possit?
453 637 504 700 Vel
527 637 593 716 quis
614 656 669 700 vos
691 655 759 700 oum
780 638 842 701 ileo
865 639 1039 717 coniungat,
1069 643 1119 720 qui
1147 661 1209 706 non
1238 643 1332 722 ipsius

100 737 169 812 Ilei,
193 737 247 800 aed
268 739 312 800 rei
335 749 450 800 creatae
472 737 609 816 spiritum
631 737 772 800 habetis?
816 739 899 811 Quae
914 740 1033 802 tandem
1047 751 1147 804 verua
1168 751 1214 806 est
1235 752 1333 808 teme·

101 840 178 901 ritas
200 849 231 900 et
252 839 510 912 inconsiderantia,
533 839 583 920 qui
597 839 716 902 Patrem
731 847 761 901 et
783 840 847 902 eius
862 840 990 902 Verbum
1006 843 1042 902 ad
1064 861 1115 906 res
1137 861 1232 924 usque
1247 863 1332 908 orea-

103 951 150 1000 tae
173 939 356 1019 deprimitis,
389 957 552 1020 rursusque
575 957 638 1008 rem
660 949 788 1002 creatam
810 941 872 1002 lleo
896 941 1089 1020 exaequatis?
1130 943 1164 1006 ld
1186 944 1334 1024 siquidem

103 1039 209 1119 agitis,
243 1060 309 1104 enm
337 1043 374 1103 de
396 1041 591 1121 spiritunon
614 1061 701 1104 serus
723 1061 757 1104 ae
779 1042 815 1104 de
837 1061 871 1106 re
893 1053 990 1106 ereata
1011 1043 1165 1123 rogitatis,
1193 1053 1223 1108 et
1250 1045 1333 1108 illum

103 1141 298 1204 nihilominus
319 1142 351 1204 in
373 1142 516 1204 Trinitate
539 1141 684 1208 ooilouare
706 1144 942 1207 non-veremini.
986 1145 1060 1218 Quis
1083 1153 1181 1208 tantos
1204 1145 1252 1208 ille
1277 1165 1332 1208 re·

103 1249 170 1304 aler
191 1243 282 1316 imur,
305 1251 338 1305 ut
359 1253 418 1306 tam
440 1244 540 1324 iniqua
562 1243 599 1306 de
613 1243 675 1306 Deo
694 1244 840 1318 sentiatis,
863 1245 913 1323 qui
935 1244 1047 1308 suilioet
1068 1263 1129 1308 non
1153 1263 1259 1308 omues
1280 1265 1330 1308 rua

104 1349 220 1404 areatas
242 1344 288 1406 rel
310 1363 414 1407 omnes
434 1345 581 1424 Angelos,
615 1344 668 1406 sed
697 1363 788 1408 unum
816 1345 957 1434 duntmat
986 1346 1101 1408 axillis
1123 1346 1184 1408 ileo
1207 1347 1332 1426 uitasque

94 1443 204 1512 ,Verbo
226 1445 456 1510 arnumereust
495 1447 656 1526 Postquam
677 1447 867 1534 enimsemel
881 1447 1023 1526 Spiritum
1039 1465 1102 1510 rem
1117 1454 1244 1510 erenum
1260 1453 1414 1510 asael-0⁷⁸·

104 1545 266 1608 moenum
288 1546 375 1634 eique
394 1547 494 1609 lorum
515 1547 546 1610 in
569 1547 713 1610 Trinitote
735 1547 928 1626 assignastis,
962 1565 1023 1618 non
1051 1565 1143 1610 onum
1171 1556 1251 1613 uerte
1277 1549 1333 1612 aed

106 1663 212 1708 omnes
234 1655 350 1708 ereatoa
372 1646 501 1725 Angelos
524 1647 555 1708 in
578 1647 625 1712 illa
647 1665 764 1727 quoque
786 1647 931 1710 colorare
953 1648 1105 1728 oportuit,
1127 1667 1184 1712 nec
1204 1649 1331 1728 amplios

77 1758 80 1766 '
105 1746 283 1808 Trinitatem
306 1763 390 1819 esse,
413 1747 466 1808 sed
488 1747 733 1810 innumerabilem
754 1748 899 1826 quandam
922 1749 1082 1812 divinitalis
1103 1749 1331 1828 multitudinem,

106 1855 141 1908 ut
163 1855 193 1908 et
214 1854 312 1908 vestra
336 1847 477 1920 initiatio,
510 1849 637 1928 quaein
660 1848 779 1910 altiori
802 1849 931 1922 videtur,
959 1849 1019 1912 huo
1046 1857 1075 1910 et
1101 1849 1171 1914 illue
1191 1849 1333 1912 distracta

106 1945 254 2008 instabilis
277 1951 358 2010 tanta
386 1947 555 2010 diversitate
577 1949 759 2012 redderetur.
803 1947 936 2028 Namque
964 1950 1111 2013 eiusmodi
1138 1959 1208 2016 suut
1234 1961 1332 2014 vestra

107 2057 137 2108 et
158 2047 335 2110 Arianorum
357 2049 511 2128 mysteria,
539 2049 590 2130 qui
612 2058 671 2112 tam
692 2049 782 2128 impia
804 2051 946 2112 adversus
968 2051 1151 2112 divinitatem
1173 2051 1331 2114 commini-

105 2148 235 2222 seimini,
259 2157 289 2210 el
309 2149 400 2212 rebus
423 2151 529 2212 creatis
551 2150 652 2230 polius
675 2169 763 2232 quam
777 2150 840 2212 ileo
856 2152 987 2214 omnium
1010 2151 1137 2214 creatori
1159 2152 1289 2215 servitis.

193 2253 244 2316 30.
288 2249 334 2312 En
356 2269 427 2330 ergo
455 2269 531 2330 quaa
557 2253 642 2316 vobis
664 2252 791 2314 absurda
813 2271 849 2314 ex
871 2251 1008 2316 dualitate
1030 2260 1200 2314 oueorrunt.
1244 2252 1333 2324 Quod

105 2351 133 2414 si
157 2351 289 2414 Trinitas
313 2351 362 2426 sit,
384 2351 427 2414 uti
449 2352 547 2432 reipsa
570 2362 625 2426 eat,
648 2371 723 2432 quae
744 2352 880 2432 quidem,
903 2362 935 2416 ut
956 2352 1160 2424 ostendimus,
1182 2351 1333 2416 individua

106 2471 162 2516 nau
183 2451 338 2514 dissimilis
362 2462 418 2527 est,
440 2471 564 2516 neeesse
585 2463 632 2516 est
654 2471 742 2526 unam
764 2453 828 2516 eius
852 2471 921 2516 esse
943 2453 1144 2524 sanctitatem,
1167 2469 1256 2513 unam
1279 2469 1331 2514 ae-

107 2554 277 2614 tenuitatem
298 2553 568 2632 immutabilemque
589 2561 735 2616 naturam.
780 2554 817 2616 Ut
838 2553 917 2616 enim
943 2553 1035 2626 tides,
1065 2569 1153 2631 quam
1180 2553 1243 2614 eius
1271 2570 1331 2616 no·
1394 2613 1397 2624 ,

108 2639 388 2736 minerooepimus,
411 2673 469 2714 una
491 2661 546 2726 est,
569 2662 599 2716 et
619 2670 675 2718 noa
698 2672 764 2716 etam
785 2654 848 2716 ileo
870 2653 1033 2732 coniungit,
1057 2659 1088 2714 ut
1110 2652 1181 2714 item
1203 2653 1253 2731 qui
1276 2653 1332 2714 ali·

108 2751 180 2829 quid
201 2751 238 2812 de
260 2751 403 2816 Trinitate
425 2753 552 2816 deuahit
573 2762 604 2816 et
624 2754 654 2816 in
676 2755 742 2817 eolo
764 2755 860 2818 Patris
883 2755 928 2816 rel
942 2753 1007 2816 Filii
1023 2752 1143 2814 nomine
1159 2751 1331 2832 baptizatur,

108 2859 159 2912 aut
181 2851 247 2912 sine
269 2851 381 2930 Spiritu
401 2854 430 2914 in
452 2855 540 2916 Patre
562 2861 591 2916 et
609 2853 694 2930 Filio,
716 2855 790 2920 nihil
811 2854 925 2933 ancipit,
949 2853 1002 2914 sed
1024 2871 1136 2916 naeuus
1156 2869 1212 2914 neo
1233 2851 1332 2912 initia-

108 2959 158 3012 tue
179 2951 244 3030 ipse
266 2961 297 3012 et
317 2951 360 3025 is,
382 2952 432 3031 qui
454 2954 524 3016 dare
546 2955 675 3030 videtur,
704 2962 819 3025 manet,
842 2951 986 3031 siquidem
1009 2952 1136 3016 initiatio
1157 2951 1280 3012 nonnisi
1301 2949 1333 3012 in

109 3051 253 3114 Trinitate
276 3052 331 3125 sita
354 3059 418 3128 est,
446 3053 486 3114 ila
514 3055 564 3132 qui
585 3054 693 3116 Filium
725 3073 742 3116 a
763 3054 851 3116 Patre
872 3053 976 3114 dividit
995 3053 1042 3114 rel
1062 3053 1203 3132 Spiritum
1225 3052 1260 3112 ad
1282 3069 1332 3112 rea
1384 3067 1389 3076 ’

109 3169 204 3231 usque
225 3159 338 3214 creatas
360 3152 516 3231 deprimit,
539 3171 594 3214 neo
615 3153 720 3218 Filium
744 3171 800 3216 nee
820 3153 938 3214 Patrem
959 3153 1056 3227 habel,
1080 3151 1134 3214 sed
1155 3160 1202 3216 est
1223 3150 1333 3230 impius

109 3259 140 3314 et
161 3251 271 3314 infideli
294 3251 434 3326 deterior,
457 3235 632 3332 quidvisque
653 3255 754 3334 potios
777 3271 865 3333 quam
880 3253 1062 3316 Christianus
1084 3253 1192 3316 merito
1214 3269 1248 3313 ae
1268 3251 1333 3313 iure

107 3353 256 3432 putandus
278 3361 334 3416 est.
380 3353 636 3427 Quemadmodum
656 3355 734 3418 enim
750 3373 841 3418 unum
864 3361 911 3416 eol
924 3355 1084 3432 Baptisma,
1106 3352 1187 3432 quod
1201 3352 1232 3414 in
1247 3351 1334 3414 Patre

108 3461 138 3515 et
158 3453 233 3516 Filio
256 3461 286 3514 el
308 3453 422 3535 Spiritu
443 3462 547 3516 saneto
569 3455 670 3528 datur,
701 3463 733 3518 ut
754 3475 813 3518 ona
835 3454 971 3516 similiter
992 3453 1134 3516 lideseut
1155 3453 1187 3515 in
1208 3451 1334 3514 eandem
1434 3503 1441 3512 .
1516 3479 1524 3492 ·

108 3553 294 3628 Trinitatem,
316 3553 564 3634 quemadmodum
587 3556 674 3618 dooet
694 3555 873 3636 dpostolm;
900 3555 940 3616 ita
962 3561 1063 3618 saneta
1085 3553 1231 3628 Trinitas,
1258 3567 1334 3643 quae

108 3655 210 3716 eadem
233 3655 262 3715 in
285 3655 383 3734 seipsa
406 3664 454 3716 est
474 3663 504 3716 et
525 3673 626 3718 seeum
649 3656 715 3737 ipsa
737 3653 894 3718 coniuncta
916 3662 979 3728 est,
1013 3653 1088 3716 nihil
1110 3654 1142 3716 in
1170 3671 1205 3716 aa
1232 3667 1333 3712 rerum

110 3755 252 3818 metarum
274 3747 373 3828 halr‘el,
395 3754 526 3834 haecque
542 3755 697 3818 Trinitatis
711 3757 811 3820 unitas
833 3755 982 3818 individua
997 3763 1054 3828 est,
1075 3771 1194 3832 unaque
1209 3752 1241 3860 in
1255 3767 1328 3811 ean·
1418 3811 1422 3821 ,

109 3964 175 4048 a‘rpjb
192 3969 268 4045 alost
304 3969 378 4019 lidem
400 3977 425 4019 at
447 3971 504 4032 naq.
525 3970 548 4019 t.
566 3978 623 4034 post
639 3983 696 4019 τοι·
746 3981 772 4022 et
798 3971 854 4022 editi
870 3963 1092 4048 ‚oqoeqatpeee
1141 3967 1195 4018 llox
1219 3979 1263 4032 pro
1289 3959 1336 4014 sat

109 4031 422 4156 lll‘dtl'llllal‘*
444 4037 548 4096 '‘¹⁶⁰⁰'’
580 4051 641 4101 ‘¹¹¹³'
666 4039 696 4088 '¹'
747 4038 804 4170 ‘f‘ssl
823 4037 1057 4155 {lidibinem
1078 4102 1100 4152 t.
1119 4093 1198 4150 arra,
1215 4101 1335 4150 anona

145 4171 160 4218 l.
180 4170 237 4230 θος.
256 4169 277 4218 l.
295 4168 392 4230 Sequor.
412 4169 509 4220 Gobler.
521 4175 544 4218 οι
556 4169 660 4220 Felclrm.
673 4171 695 4220 l.
782 4171 804 4219 ir.
823 4171 881 4233 ilar.
894 4171 916 4220 1.
935 4171 1034 4232 Sequar.
1053 4166 1149 4220 (labier.
1163 4166 1300 4216 etTeleltm.
1312 4163 1335 4214 1.

108 4229 126 4296 ἡ
144 4228 182 4290 εἰς
198 4230 301 4296 ταύτην
317 4235 425 4295 (Goller.
444 4245 468 4287 el
485 4236 590 4288 Telelm.
610 4237 632 4288 l.
651 4229 697 4286 uri·
747 4229 864 4290 εἰκότως.
902 4237 977 4288 Panlo
995 4246 1113 4316 poarpro
1130 4229 1278 4302 διδόμενον
1290 4231 1336 4282 Βο-

110 4297 170 4364 τῆν)
195 4297 401 4369 παραδιδομένη
426 4297 518 4370 φύσις.
553 4305 609 4366 [leq.
623 4303 646 4354 2.
672 4313 697 4356 et
747 4307 786 4358 sil.
804 4305 877 4356 habet
893 4298 1089 4370 διοδοδομονον
1105 4311 1129 4355 οι
1146 4301 1236 4366 lleq.2.
1255 4293 1337 4350 raitt-

111 4372 192 4422 0ltob.
214 4373 250 4422 aie
268 4371 370 4422 habent:
388 4363 403 4431 ἡ
421 4364 460 4424 εἰς
476 4362 562 4431 αὐτὴν
577 4366 696 4440 παραδε-
747 4364 870 4438 οὖμενον.

109 4432 321 4504 deplanatione
338 4431 468 4499 συνάπτει
482 4437 522 4505 τῷ
539 4437 603 4504 θεῷ.
636 4439 696 4490 ibid.
780 4441 796 4490 i.
814 4439 855 4490 Sie
872 4438 964 4502 tlept.
982 4439 1082 4502 Sequar.
1101 4437 1173 4491 Golrl.
1190 4443 1214 4486 οι
1230 4433 1336 4512 Telelm.

110 4505 167 4567 aaa.
187 4508 208 4558 l.
227 4509 326 4570 Sequar.
346 4508 483 4559 Gobleriao.
507 4516 532 4558 οι
550 4507 654 4560 Teleltm.
675 4507 697 4559 l.
749 4507 771 4558 i.
808 4507 888 4586 Cetgri
905 4521 961 4556 raro
979 4507 1078 4564 elediti
1095 4498 1110 4565 ἦ
1130 4497 1291 4570 airinom
1308 4491 1338 4548 ἓν

108 4585 181 4623 anon.
201 4575 290 4628 halent
307 4567 541 4642 ὑπεξαιροδμενος.
576 4575 622 4626 tltt
640 4587 696 4626 vero
748 4563 816 4639 αὐτῇ
836 4585 913 4629 aava,
932 4567 979 4622 τιδι’
996 4581 1040 4624 etc-

965 4687 970 4702 .
1074 4651 1132 4703 di*
