3236 5286
597 315 702 360 omno
718 316 738 358 r.
755 315 869 360 corruo
883 313 1017 360 munos.
1345 299 1408 364 m

183 467 245 529 len
267 465 305 536 de
327 483 382 528 suo
405 463 576 546 splendore,
596 466 706 528 lontem
728 465 765 527 de
785 466 875 528 durio
896 485 933 528 ex
954 485 989 528 ee
1004 475 1142 529 manante
1156 467 1351 547 interrogent,
1375 475 1408 528 ut
1416 483 1494 528 nexu

185 569 312 643 ducent,
336 567 570 646 coaequamus
593 567 654 627 sint
674 565 743 646 quid
757 575 942 648 prognatum,
966 585 1085 645 semper
1101 585 1168 628 cum
1187 569 1245 630 illis
1268 586 1347 644 ease,
1370 586 1490 632 exeun

186 669 296 751 quium
319 670 401 731 luere
423 675 534 730 exorta.
576 667 669 730 Porro
698 669 724 730 ai
751 667 922 732 huiusmodi
949 667 1056 728 accidit
1082 669 1280 746 genitoribus,
1310 680 1344 732 at
1365 670 1404 744 id,

187 771 267 851 quod
289 787 326 832 ex
347 769 420 849 ipsis
441 769 546 842 oritur,
569 778 656 831 etex
676 778 779 831 natura
802 777 831 831 et
852 785 974 846 semper
987 765 1126 840 habeant,
1149 785 1199 828 cur
1213 768 1304 830 [lenm
1318 771 1405 832 rebus

186 873 272 934 laetis
295 871 466 932 inferiorem
488 871 676 950 suspicantes
693 887 754 930 non
769 869 901 948 apertius
918 885 1003 928 suam
1018 875 1197 946 expromunt
1211 869 1408 949 impleutent

188 973 275 1048 Quod
298 973 326 1034 si
347 972 377 1034 id
399 973 494 1052 palam
517 989 577 1033 uon
600 971 710 1033 audent
731 970 841 1042 dicere,
863 987 1100 1050 concessumque
1115 977 1268 1049 praeterea
1284 979 1340 1042 est,
1360 971 1409 1031 Fi-

186 1075 259 1138 lium
282 1091 343 1134 non
365 1075 547 1135 extrinsecus
570 1069 624 1132 sed
646 1089 681 1132 ex
697 1071 783 1132 Patre
802 1069 974 1132 naturaliter
992 1072 1084 1146 nasci,
1106 1089 1164 1133 nec
1185 1071 1315 1150 denique
1329 1073 1410 1152 quic·

189 1193 275 1256 quam
298 1183 359 1246 est,
393 1193 452 1254 qno
474 1173 554 1234 lleus
582 1170 717 1251 impediri
750 1171 850 1251 possit
877 1175 944 1244 (nee
970 1173 1049 1234 enirn
1077 1173 1209 1234 hominis
1239 1173 1345 1236 similis
1367 1183 1412 1236 εει

188 1276 285 1350 lieus3
307 1275 368 1337 imo
389 1275 454 1337 sole
476 1275 572 1337 maior
593 1282 649 1346 est,
671 1272 717 1334 rel
737 1273 838 1352 potius
853 1273 932 1335 [leus
949 1283 996 1335 est
1017 1275 1111 1351 tofis),
1133 1274 1325 1356 perspicuum
1339 1295 1411 1338 sane

187 1379 285 1451 faerit,
309 1386 396 1438 etex
418 1377 485 1457 ipso
508 1383 538 1436 et
559 1393 626 1438 cum
648 1375 713 1453 ipso
726 1374 813 1436 Patre
835 1393 953 1452 semper
974 1393 1032 1438 una
1053 1377 1180 1438 existere
1196 1377 1335 1451 Verbum,
1356 1395 1411 1457 per

188 1479 268 1558 quod
291 1478 400 1553 omnia,
423 1495 499 1556 quae
519 1484 605 1538 antea
627 1493 688 1538 uon
710 1483 804 1548 eram,
830 1476 897 1536 lecit
919 1475 1004 1537 Pater
1023 1479 1190 1540 ut'essent.
1234 1480 1335 1560 ltaque
1356 1480 1407 1542 Fi·

187 1579 258 1642 lium
281 1598 342 1641 non
374 1597 410 1640 ex
432 1576 525 1638 nihilo
547 1577 600 1638 sed
622 1585 776 1638 aeternum
799 1583 885 1656 atque
906 1595 940 1638 ex
962 1577 1049 1640 Patre
1071 1597 1154 1652 esse,
1183 1599 1233 1642 res
1260 1583 1324 1662 ipsa
1352 1582 1406 1645 de-

187 1689 352 1752 monstrat3
374 1689 462 1756 atque
483 1677 556 1737 adeo
579 1677 627 1738 illa
648 1677 864 1739 haereticorum
885 1677 1086 1758 interrogatio,
1108 1699 1167 1760 qua
1188 1691 1326 1761 parentes
1347 1683 1407 1746 cir-

191 1780 398 1851 cumveniunt,
426 1795 529 1838 eorum
557 1779 690 1855 coarguit
717 1778 864 1840 malitiam.
907 1781 979 1841 Nam
1007 1781 1086 1861 qnod
1112 1791 1237 1844 naturae
1258 1784 1409 1863 proprium

193 1889 252 1954 est,
275 1880 369 1941 coacti
390 1887 460 1940 sunt
480 1877 537 1957 ipsi
559 1897 727 1958 agnoscere,
750 1879 879 1960 nihilque
901 1881 958 1943 nisi
979 1883 1122 1961 pudorem
1144 1885 1274 1946 retulere
1297 1903 1332 1945 ex
1353 1885 1409 1946 hu-

192 1981 325 2042 iusmodi
347 1979 577 2060 quaestionibus,
598 2000 670 2061 quas
692 1982 768 2044 circa
790 1991 923 2062 tempora
944 1985 1153 2064 excogitarunt.

276 2186 328 2249 28.
373 2184 457 2258 Quod
479 2192 574 2246 autem
590 2183 642 2246 uei
665 2185 888 2263 generationem
911 2203 976 2246 eum
997 2186 1123 2248 humana
1139 2195 1241 2250 natura
1263 2189 1409 2259 conterre,

187 2285 237 2346 rel
256 2295 368 2364 partem
390 2285 440 2347 llei
462 2305 529 2348 esse
551 2287 615 2348 eius
637 2285 745 2348 Filium
772 2288 856 2348 neus
879 2287 918 2348 sit
935 2295 1055 2368 putare,
1085 2307 1141 2350 nec
1167 2287 1255 2352 ullam
1281 2309 1409 2370 prorsus

186 2387 355 2468 passionem
377 2387 527 2466 generatio
551 2385 707 2464 significet,
732 2393 818 2446 antea
839 2387 955 2464 quidem
977 2389 1115 2460 diximus,
1139 2390 1299 2469 eademque
1320 2390 1411 2452 modo

185 2489 363 2567 repetimus,
391 2488 485 2550 Deum
513 2504 576 2547 non
606 2503 675 2546 esee
706 2485 835 2547 hominis
857 2487 993 2550 similem.
1036 2489 1110 2551 Nam
1133 2491 1270 2552 homiues
1292 2491 1414 2570 quidem

186 2589 324 2668 quiddam
344 2589 485 2667 patiendo
508 2588 643 2664 gignunt.
665 2585 771 2666 qnippe
792 2589 840 2667 qui
861 2589 969 2652 lluxam
991 2589 1120 2652 habeant
1141 2601 1276 2652 narrarem
1292 2599 1321 2650 et
1337 2597 1416 2648 tem·

189 2707 246 2767 pus
266 2699 391 2766 propter
411 2685 552 2765 propriae
579 2693 698 2748 naturae
718 2688 915 2752 infirmitatem
944 2697 1127 2770 exspectent.
1170 2691 1207 2750 Αι
1235 2691 1273 2750 de
1294 2689 1359 2748 lieo
1388 2689 1416 2750 id

193 2787 251 2850 dici
273 2805 335 2847 non
356 2787 434 2847 lieet.
477 2785 580 2863 Neque
601 2786 679 2848 enim
700 2789 889 2868 expertibus
911 2800 958 2852 est
974 2789 1174 2870 compositus,
1197 2789 1251 2850 sed
1266 2787 1417 2868 passionis

193 2906 301 2966 expers
324 2895 371 2948 est
392 2895 422 2947 et
444 2885 579 2964 simplex,
601 2886 732 2965 nihilque
748 2889 868 2949 omnino
883 2891 999 2969 petiens
1015 2897 1045 2950 et
1058 2889 1174 2966 absque
1196 2887 1253 2948 ulla
1274 2887 1418 2950 divisione

192 2987 260 3048 Filii
282 2996 330 3049 est
351 2987 454 3060 Pater;
483 2987 567 3047 cuius
595 2985 696 3065 utique
727 2987 771 3048 rei
792 2989 906 3068 insigne
928 2998 1135 3066 argumentum
1157 3006 1194 3048 ac
1211 2988 1417 3054 documentum

193 3087 308 3150 divinae
329 3088 415 3150 nobis
439 3087 611 3166 Scripturas
634 3089 834 3168 suppeditant.
877 3089 1022 3150 Nimirum
1038 3089 1164 3152 Verbum
1179 3090 1229 3152 llei
1244 3091 1336 3154 lilius
1352 3093 1414 3156 eius

152 3175 162 3196 ⁰
190 3197 254 3264 est,
284 3197 314 3250 et
335 3189 463 3251 vicissim
484 3187 579 3252 Filius
603 3189 731 3252 Verbum
755 3198 787 3250 et
806 3187 950 3268 sapientia
972 3199 1017 3253 est
1036 3191 1149 3254 Patris:
1178 3193 1299 3256 Verbum
1320 3213 1411 3276 porro

188 3299 218 3352 et
239 3290 385 3369 sapientia
407 3309 534 3353 naeres
557 3299 605 3352 est
626 3299 724 3352 creata
747 3309 803 3352 nee
822 3309 894 3370 pars
916 3291 996 3365 eius,
1018 3293 1101 3356 maius
1123 3303 1169 3356 est
1191 3295 1335 3368 Verbum.
1357 3316 1412 3361 nee

186 3392 328 3472 passione
350 3391 446 3470 aliqua
468 3391 608 3452 nascitur.
653 3392 746 3471 lgitur
767 3401 923 3474 utrumque
939 3394 1089 3474 Scriptura
1107 3397 1288 3478 coniungens
1303 3399 1411 3461 Filium

187 3492 305 3571 quidem
328 3509 397 3552 esse
420 3492 584 3564 declaravit,
608 3501 640 3555 ut
661 3492 823 3556 naturalem
846 3503 876 3556 et
898 3513 1000 3558 rernm
1020 3517 1088 3560 essa
1107 3507 1230 3562 naturae
1244 3501 1338 3562 letum
1353 3499 1410 3561 do-

188 3601 283 3666 oeret3
305 3594 432 3672 nequis
454 3603 552 3655 autem
574 3593 734 3658 humanum
755 3597 846 3658 letum
869 3615 938 3660 esse
959 3601 1172 3680 suspicaretur,
1197 3619 1304 3661 rursus
1326 3600 1410 3662 eina·

187 3769 252 3829 oio'c.
289 3777 456 3842 inlusique.
469 3769 558 3832 ἂΐδεός
574 3793 604 3830 τε
620 3776 665 3830 καὶ
682 3773 772 3830 taxeo
824 3783 913 3833 narn.5
940 3777 1049 3848 ἔχοντες
1065 3777 1117 3842 τὴν
1133 3773 1227 3848 quinto.
1257 3784 1318 3836 Editi
1336 3777 1411 3850 igor-

189 3852 234 3893 etc.
269 3845 332 3894 Editi
357 3852 381 3895 st
404 3846 444 3896 alii
468 3837 556 3899 tanate
578 3839 652 3904 iuro,
676 3841 721 3894 καὶ
745 3843 773 3896 iar
824 3861 867 3902 aar
884 3844 978 3914 qiua».

187 3907 238 3958 1⁰5
254 3919 300 3994 tle·
380 3973 389 3992 ι
451 3975 458 3992 ἱ
530 3974 537 3990 ι
861 3933 883 3979 l.
902 3933 1000 3994 Sequor.
1019 3925 1051 3982 οὗ
1067 3926 1132 3999 yaip.
1166 3933 1228 3986 Edlti
1248 3944 1271 3984 et
1290 3935 1330 3984 alii
1350 3925 1414 3983 aldi

221 3979 238 4028 l.
256 3981 356 4040 bagner.
376 3995 390 4040 q
408 3993 477 4046 προς
494 3993 557 4032 tvvs
573 3976 678 4044 γονίας·
825 3989 889 4064 γάρ.

187 4060 249 4162 [ὀξίς
263 4045 320 4160 Ἓξ
334 4042 776 4192 ‘ffigssrgggphffl‘gigwss
860 4080 877 4130 l.
901 4081 1039 4144 Segnerian.
1057 4075 1072 4132 ὅ
1089 4077 1171 4150 λόγος
1191 4079 1247 4151 γὰρ
1272 4083 1320 4132 τοῦ
1338 4080 1414 4132 θεοῦ.

187 4179 293 4230 gemm,
305 4181 328 4230 5,
352 4177 414 4246 περὶ
436 4176 486 4230 τὸ,
505 4196 617 4298 ἔρυον.
652 4183 704 4234 „⁰¹
727 4183 773 4232 se·
825 4147 888 4199 Editl
906 4159 930 4246 et
947 4151 987 4202 alil
1007 4143 1022 4200 ὅ
1039 4144 1121 4248 iiyor
1136 4146 1192 4246 reip
1210 4145 1226 4198 d
1244 4150 1294 4200 τοῦ
1311 4147 1386 4242 orori.

189 4261 254 4309 Μ·
273 4241 325 4308 ῐῆ*
341 4248 390 4298 ῐθῧ
407 4249 474 4298 ³⁸⁰5
489 4261 624 4314 ymw.
651 4245 774 4312 llditiripv
858 4233 1416 4298 m.SrcSrgnerranna,llegraacodexrluque,

188 4309 249 4380 napi
268 4315 317 4364 τοῦ
334 4316 402 4366 θεοῦ
417 4313 552 4382 ylrvqw,
825 4302 1082 4364 percurrerunt..
1101 4297 1416 4430 alqynqcetaethmeqlit'rqwalqa

221 4385 246 4432 la.
263 4384 304 4434 Sic
326 4385 426 4448 Segner.
450 4387 548 4437 Gobler.
574 4393 598 4436 et
619 4387 724 4439 relatu.
751 4388 774 4437 l.
826 4377 863 4417 ‘⁸¹
881 4369 945 4433 lm
964 4371 1088 4434 ”illimis

186 4447 249 4500 Editi
267 4459 346 4502 antem
365 4450 458 4502 ταῦτα.
827 4429 889 4485 θῦῑί
904 4430 1016 4502 “luw-

223 4517 239 4567 i·
257 4519 355 4582 Segnrr.
374 4521 431 4585 ling.
449 4521 522 4572 datii.
540 4519 630 4583 duplic.
649 4528 673 4572 et
690 4521 776 4572 ialal-
862 4533 887 4572 n.
903 4519 946 4569 Sic
962 4517 1063 4580 Sanan
1098 4513 1126 4564 ln
1143 4512 1215 4562 aditis
1230 4509 1283 4576 pir
1298 4509 1376 4558 deest
