3226 5308
225 316 289 379 602
624 327 650 370 ε.
665 327 818 372 numu
832 327 1059 374 εεουιεενεεονι
1103 339 1106 346 ⁴

140 472 327 546 μειεελναι·
349 465 549 561 όμοιονγάρ
571 470 617 553 ὥς
639 474 669 542 εί
690 455 833 560 ἐλέγετο·
861 469 1005 562 ἠδύνατο
1027 477 1083 546 καὶ
1104 477 1150 567 μή
1174 475 1260 548 ελναι
1281 477 1410 569 ἀγαθὸς
1436 481 1458 550 ό

224 577 343 663 πατήρ.
381 571 450 642 ἀλλ’
477 572 587 662 ὥςπερ
610 571 740 661 ἀγαθὸς
762 571 814 642 ἀεὶ
835 579 890 644 καί
912 580 953 665 τῇ
977 577 1086 666 φύσει,
1111 577 1218 662 ούτως
1240 577 1291 652 ἀεὶ
1307 609 1456 673 γεννητι-

84 711 90 724 ·
190 703 196 716 “
224 677 281 756 κὸς
301 681 341 765 τῇ
364 676 465 764 φύσει
487 673 505 742 5
526 676 656 763 πατήρ·
678 677 717 743 τό
740 677 777 744 δέ
799 677 920 764 λέγειν·
944 675 963 744 5
985 680 1098 770 πατὴρ
1119 686 1216 752 θέλει
1236 685 1295 752 τόν
1310 686 1381 753 υἱὸν
1395 690 1450 754 καί

225 775 244 844 5
273 777 370 864 λόγος
396 779 493 845 θέλει
513 777 571 844 τὸν
592 784 737 865 πατέρα,
761 775 800 844 ού
822 779 982 867 βούλησιν
1004 791 1256 872 προηγουμένην
1278 788 1449 866 δείκνυσιν,

225 874 311 946 ἀλλὰ
338 878 470 968 φύσεως
496 878 694 967 γνησιότητα
715 883 768 946 καί
792 875 910 960 οάσέας
933 882 1086 971 ἰδιότητα
1107 885 1163 953 καὶ
1186 883 1348 973 ὁμοίωσιν
1369 913 1453 976 γνω-

225 981 318 1068 ρίζει.
355 977 420 1060 ·ὦς
448 979 509 1067 γὰρ
537 983 590 1047 καί
619 979 678 1048 έπὶ
697 984 758 1047 τοῦ
781 975 1047 1069 ἀπαυγάσματος
1067 985 1108 1054 ἀν
1129 1013 1181 1068 τις
1203 989 1298 1057 είποι
1318 993 1371 1057 καλ
1393 993 1452 1056 τού

191 1159 195 1164 ,
227 1083 348 1171 φωτός,
373 1079 485 1149 ὅτιτὸ
508 1079 712 1168 ἀπαύγασμα
733 1077 792 1149 ούκ
815 1083 882 1166 ἔχει
902 1087 963 1170 μέν
976 1086 1136 1174 βούλησιν
1150 1097 1400 1182 προηγουμένην
1417 1091 1452 1159 έν

224 1189 273 1273 τῷ
297 1191 394 1274 φωτί,
419 1185 491 1252 έστι
513 1186 548 1252 δέ
571 1182 670 1272 φύσει
691 1177 793 1250 αύτσῦ
814 1190 965 1272 γέννημα,
988 1187 1172 1272 θελόμενον
1194 1191 1291 1276 παρὰ
1305 1197 1365 1258 τοῦ
1381 1217 1452 1281 φω-

140 1287 284 1366 Ρ.ίῑί.τὸς
305 1291 384 1353 1’τού
416 1290 470 1354 καὶ
499 1286 713 1375 γεννήσαντος
740 1279 822 1351 αὐτὸ
850 1281 907 1352 ούκ
930 1286 964 1353 έν
987 1293 1104 1372 σκέψει
1123 1290 1332 1375 βουλήσεως,
1367 1290 1454 1361 ἀλλὰ
1508 1281 1520 1306 ’

227 1387 329 1474 φύσει
349 1390 403 1454 καὶ
426 1384 587 1474 ἀληθείᾳ·
610 1383 697 1454 σύτω
719 1388 773 1454 κάλ
796 1385 854 1453 έπὶ
874 1390 933 1452 τοῦ
954 1387 1081 1474 πατρὸς
1101 1388 1230 1456 καὶτοῦ
1244 1391 1320 1458 υἱοῦ
1335 1389 1454 1478 ὀρθῶς

227 1487 267 1554 ἀν
288 1479 340 1566 τις
363 1487 470 1564 εἴποι,
495 1483 549 1552 ότι
571 1483 590 1552 5
611 1487 721 1574 πατὴρ
744 1481 858 1576 ἀγαπᾷ
878 1491 932 1555 καί
954 1491 1049 1557 θέλει
1068 1489 1127 1557 τὸν
1148 1490 1233 1571 υίόν,
1257 1492 1312 1557 καὶ
1335 1488 1353 1558 5
1376 1493 1451 1570 υίὸς

226 1584 415 1674 ἀγαπᾷκαὶ
438 1589 534 1654 θέλει
554 1586 612 1654 τὸν
633 1594 772 1675 πατέρα.
958 1579 963 1588 ’
1001 1661 1005 1670 x

312 1695 363 1756 67.
413 1683 538 1756 Ούκούν
558 1689 603 1778 μὴ
627 1692 776 1778 λεγέσθω
791 1691 984 1778 θελήματος
998 1693 1222 1780 ἀημιούργημα
1238 1689 1256 1758 5
1271 1694 1351 1773 υίός,
1368 1695 1451 1778 μηδὲ

225 1790 286 1858 ’τὰ
311 1787 530 1859 Οὐαλεντίνου
553 1791 782 1878 έπειςαγέσθω
804 1796 844 1879 τῇ
868 1793 1031 1881 ἐκκλησίᾳ,
1056 1789 1142 1860 ἀλλά
1160 1795 1262 1882 βουλή
1286 1795 1376 1876 ζῶσα
1397 1797 1451 1861 καλ

227 1887 365 1982 ἀληθῶς
393 1895 493 1982 φύσει
521 1899 662 1981 γέννημα
683 1890 729 1972 ὥς
750 1890 819 1958 τού
833 1893 947 1981 φωτὸς
967 1895 1007 1988 τό
1030 1890 1244 1981 ἀπαύγασμα.
1283 1891 1370 1962 ούτω
1392 1894 1453 1982 γάρ

226 1993 283 2060 καὶ
304 1991 323 2060 ό
344 1997 404 2079 μέν
420 1994 529 2083 πατὴρ
546 1995 687 2082 ε’όρηκεν·
711 1994 902 2083 έξηρεύξατο
917 1991 937 2082 5
953 1997 1074 2082 καρδία
1086 2019 1153 2080 μου
1168 1996 1266 2083 λόγον
1282 1991 1412 2083 ἀγαθόν
1422 1999 1452 2076 ¹),

227 2095 246 2160 5
274 2097 310 2162 δὲ
340 2095 412 2174 υίὸς
440 2093 652 2175 ἀκολούθως·
680 2095 743 2182 έγάι
773 2095 806 2164 έν
828 2098 875 2182 τῷ
897 2099 1001 2181 πατρί
1024 2095 1081 2162 καὶ
1104 2093 1122 2162 5
1145 2097 1259 2186 πατὴρ
1283 2097 1317 2165 έν
1340 2096 1452 2182 ἐμοί’).
1582 2165 1583 2170 ,

225 2197 257 2266 ἐί
278 2197 314 2264 δέ
336 2192 376 2261 ¹5
399 2196 495 2282 λόγος
517 2197 551 2264 ἰν
571 2199 706 2286 καρδίᾳ,
737 2201 805 2264 πού
827 2193 847 2285 5
868 2196 1025 2284 βούλησις
1033 2227 1044 2280 ,·
1077 2201 1131 2264 καὶ
1156 2197 1187 2265 εί
1210 2195 1228 2264 5
1255 2197 1328 2278 υἱὸς
1350 2197 1385 2265 έν
1406 2201 1453 2283 τῷ

227 2303 345 2386 πατρί,
369 2301 436 2364 πού
457 2294 478 2386 5
499 2299 657 2387 θέλησις,·
689 2297 746 2365 καὶ
768 2299 798 2366 εί
819 2295 838 2388 5
861 2299 1017 2387 βούλησις
1039 2283 1154 2380 αότός,
1179 2303 1254 2378 πῶς
1278 2300 1312 2367 έν
1334 2298 1449 2384 βουλή-

227 2423 280 2468 σει
310 2397 331 2489 5
363 2400 486 2487 βουλή,·
528 2397 656 2466 ἀτοπον
689 2398 767 2487 γάρ·
801 2402 858 2468 ἵνα
884 2400 928 2490 μὴ
950 2399 1007 2467 καὶ
1028 2400 1063 2468 έν
1083 2399 1170 2488 λόγῳ
1194 2396 1213 2466 5
1237 2399 1336 2487 λόγος
1357 2395 1453 2467 καλό

226 2501 299 2581 υίὸς
327 2501 361 2572 έν
389 2503 450 2592 υληλ
478 2503 531 2569 καλ
558 2497 578 2590 ή
607 2508 713 2590 σοφία
735 2502 769 2569 έν
792 2509 899 2591 σοφίᾳ
919 2509 1081 2592 γίνηται,
1111 2499 1269 2590 καθάπερ
1292 2500 1455 2579 πολλάκις

227 2604 365 2693 ε’ίρηται.
408 2607 519 2672 πάντα
551 2603 612 2691 γάρ
642 2603 732 2672 ἐστιν
761 2599 874 2683 όυίὸς
894 2607 954 2670 τού
976 2603 1120 2692 πατρός,
1154 2606 1209 2671 καί
1233 2600 1385 2671 ούάένέν
1406 2603 1453 2680 τῷ

227 2705 332 2794 πατρὶ
359 2705 427 2794 πρὸ
455 2710 515 2774 τού
538 2707 646 2794 λόγου.
683 2699 752 2774 ἀλλ’
777 2705 820 2786 ένΙ
832 2709 880 2792 τῷ
903 2705 989 2794 λόγῳ
1011 2709 1065 2774 καὶ
1088 2701 1107 2793 5
1129 2705 1287 2793 βούλησις
1294 2757 1303 2786 ,
1332 2703 1389 2771 καὶ
1411 2697 1453 2769 δι’

227 2801 329 2874 αὐτοῦ
358 2807 400 2875 τὰ
426 2812 485 2875 τού
513 2809 721 2897 βουλήματος
749 2807 796 2888 είς
824 2807 918 2895 ἔργον
944 2809 1145 2888 τελειοῦται,
1181 2803 1226 2886 ὥς
1253 2806 1398 2886 ’ἔδειξαν
1419 2805 1455 2870 αἱ

226 2913 324 2978 θεῖαι
345 2919 480 3000 γραφαί.
519 2913 701 3000 ἐβουλόμην
724 2913 760 2980 δέ
781 2909 859 2989 τοὺς
882 2903 1013 2994 ἀσεβεῖς
1036 2906 1142 2988 ούτως
1164 2909 1212 2987 είς
1233 2903 1371 2993 ἀλογίαν
1394 2929 1455 2973 πε-

227 3013 402 3093 πτωκότας
423 3017 477 3088 καί
500 3014 580 3102 περὶ
600 3015 789 3103 βουλήσεως
811 3015 1053 3095 σκεπτομένους
1075 3013 1131 3076 νῦν
1154 3008 1319 3097 ἒρωτήσαι
1340 3011 1455 3095 μηκέτι

227 3114 287 3190 τάς
307 3114 482 3194 τικτούσας
503 3129 517 3166 ¹
524 3111 633 3182 αύτῶν
654 3128 818 3202 γυναῖκας,
843 3113 882 3193 ἀς
905 3102 998 3180 οὗτοι
1013 3110 1177 3198 πρότερον
1191 3105 1328 3198 ἠρώτων
1344 3110 1455 3194 λέγον-

226 3231 296 3290 τες·
319 3215 349 3279 εί
371 3210 453 3296 είχες
474 3215 548 3281 υίὸν
570 3215 651 3300 πρὶν
672 3217 838 3303 γεννήσεις
844 3245 855 3298 ,·
893 3211 978 3282 ἀλλὰ
999 3211 1077 3290 τοὺς
1098 3217 1247 3298 πατέρας
1269 3209 1327 3276 καὶ
1348 3209 1460 3277 εἰπεῖν

226 3307 356 3392 αύτοίς·
387 3313 531 3398 πότερον
551 3315 787 3398 βουλευόμενοι
808 3321 945 3401 γίνεσθε
966 3317 1107 3395 πατέρες
1128 3307 1151 3394 5
1170 3310 1257 3400 κατὰ
1278 3308 1454 3398 φύσινκαὶ

224 3416 284 3500 τῆς
303 3409 396 3497 ύμῶν
417 3410 606 3496 βουλήσεως
612 3439 624 3491 ,·
656 3407 678 3496 ἢ
699 3417 757 3496 τῆς
780 3413 911 3497 φύσεως
932 3415 986 3476 καί
1010 3403 1125 3486 ούσίας
1139 3405 1232 3491 ύμιῦν
1249 3411 1339 3478 ἔστιν
1355 3407 1456 3496 όμοια

225 3515 268 3601 τὰ
299 3519 412 3592 τέκνα,·
450 3509 506 3574 λ’να
536 3503 596 3594 κᾷν
627 3509 721 3594 παρὰ
752 3514 818 3575 τῶν
846 3513 968 3594 γονέων
999 3508 1207 3593 έντραπῶσι,
1242 3509 1321 3599 παρ’
1347 3501 1393 3579 ὦν
1415 3511 1455 3578 τὸ

226 3618 339 3702 λῆμμα
365 3615 424 3700 τῆς
450 3613 607 3696 γενέσεως
635 3603 810 3698 ἀπήσησαν
841 3610 896 3675 καὶ
925 3603 1004 3697 παρ’
1029 3598 1076 3676 ὧν
1104 3607 1253 3696 ήλπισαν
1285 3611 1369 3696 ἔχειν
1398 3611 1458 3697 τήν

225 3721 356 3804 γνῶσιν.
395 3708 684 3800 ἀποκριθήσονται
705 3709 766 3798 γάρ
790 3707 912 3791 αότοίς,
932 3707 991 3778 Ιότι
1014 3708 1058 3777 h5
1078 3715 1241 3797 γεννῶμεν
1264 3706 1303 3778 ού
1320 3715 1380 3778 τού
1394 3717 1459 3780 θε-

226 3818 372 3907 λήματος
394 3810 462 3885 ἀλλ’
487 3811 580 3904 ήμῶν
602 3813 692 3882 έστιν
715 3809 826 3898 ὅμοια,
854 3806 931 3880 οόόὲ
946 3813 1275 3901 προβουλευσόμενοι
1289 3811 1456 3898 γινόμεθα

226 3929 342 4007 γονεῖς,
367 3915 452 3988 ἀλλὰ
472 3922 530 4007 τῆς
553 3915 685 4006 φύσεως
707 3915 802 3984 ἰ’όιόν-
817 3914 889 3984 ἐστι
910 3914 950 3980 τό
971 3909 1096 4004 γεννᾷν,
1121 3915 1195 3983 ἐπεὶ
1210 3915 1265 3982 καὶ
1279 3910 1375 4001 ἡμεῖς
1387 3915 1457 3979 τῶν

297 4077 1047 4171 nmwmmm.wmmm'

260 4259 284 4292 ε.
301 4245 359 4306 λος.
379 4244 401 4292 ί.
425 4251 449 4292 οι
465 4243 566 4320 θέρμου.
584 4231 621 4292 ὥς
637 4233 692 4354 γὰρ
709 4233 756 4287 καλ
773 4233 818 4288 &nl
867 4231 972 4303 πατρὸς
994 4231 1041 4285 καὶ
1063 4235 1112 4285 τοῦ
1134 4227 1317 4312 υλού.“”(ἔειεεί
1347 4245 1371 4286 εί
1398 4237 1459 4286 editi

141 4309 145 4316 '
227 4311 284 4361 τοῦ.
319 4313 364 4362 Alii
383 4319 407 4360 et
425 4311 480 4358 edili
499 4319 586 4371 ωσπερ
604 4299 637 4355 ln
665 4305 722 4354 τοῦ.
868 4297 912 4354 luz
930 4303 978 4352 τοῦ
996 4299 1101 4370 πατρὸς
1116 4298 1161 4350 καλ
1178 4296 1369 4352 ena-tofina&
1395 4304 1456 4353 lhid.

216 4391 225 4401 ·
259 4381 283 4431 b.
302 4377 580 4442 Βες.1.ει8υρινεεὶεσ.
595 4372 645 4422 τοῦ
660 4366 707 4420 καὶ
723 4368 819 4437 γεννή-
868 4373 926 4434 fleg.
947 4373 968 4420 1.
992 4373 1132 4435 ὃεςοενίιυ.
1151 4368 1247 4444 θαλίην.
1266 4377 1290 4417 ει
1307 4369 1419 4446 Ρείαλωὸ
1435 4373 1457 4420 1.

226 4459 334 4502 σαντες.
369 4436 715 4496 Αίίίειειλλιίκαὶουύιίυοί.
742 4443 829 4490 Paulo·
868 4431 941 4488 εἴποι
959 4431 1008 4486 ότι.
1045 4435 1382 4489 Αίίύειεόὶιίειπσιτουτο,
1403 4448 1456 4486 οτι.

226 4525 283 4582 ροσε
306 4525 407 4580 uterque
432 4515 488 4574 neg.
507 4521 530 4562 ει
547 4510 688 4572 Saguntina.
705 4499 751 4557 ἐπὶ
768 4505 817 4556 τοῦ
903 4523 923 4557 ο.
942 4508 999 4568 fleg.
1012 4507 1033 4556 ί.
1052 4513 1076 4554 ιι
1091 4505 1191 4563 δεςοιε.
1209 4493 1251 4547 τό.
1285 4499 1331 4550 Alii
1349 4505 1374 4550 ει
1397 4503 1459 4554 editi
