3070 5242
473 395 590 439 conam
603 395 822 440 ιιιιιιιιιιιιιιι
836 397 925 442 cmxc
938 397 971 442 ιι.
1150 446 1157 460 ,
1266 385 1328 452 933

46 545 273 608 mixtionem
296 545 447 609 solverint.
491 544 552 606 Nec
573 546 663 625 igitur
683 563 766 608 mors
788 555 892 608 nostra
914 547 974 610 illic
994 547 1092 610 locum
1107 549 1220 625 habuit,
1243 553 1270 614 ιι
1294 570 1415 617 ιιιηιιι

46 646 127 708 Dei
160 645 362 726 separatione
384 645 519 726 corporis
544 646 701 708 exstinctio
725 647 873 726 obtigerit.
919 648 1078 721 Quomodo
1100 658 1199 724 autem
1221 671 1373 734 corpus

51 745 104 808 ab
134 746 373 826 incorruptibili
394 747 456 808 Deo
489 755 657 826 separatum
680 748 711 808 in
733 747 1012 826 incorruptibilitate
1032 767 1188 813 remancre
1209 753 1332 832 poluitl

53 847 118 908 Eo
149 856 264 910 autem
285 849 377 910 modo
400 847 562 909 vulneratio
585 846 704 925 quidem
720 848 867 926 corporis,
891 849 991 928 passio
1006 859 1104 912 antem
1119 851 1208 914 Verbi
1230 855 1329 917 luerit.

54 947 207 1012 Eadem
232 949 312 1011 enim
334 951 371 1010 de
393 967 482 1011 causa
505 954 536 1009 ιι
554 947 648 1009 Deum
671 966 793 1028 passum
814 967 882 1011 esse
904 969 940 1011 ex
962 953 1157 1031 consequenti
1171 953 1328 1033 loquentes

57 1051 286 1124 asseveratis,
309 1051 381 1130 quin
404 1059 433 1112 ιι
455 1067 522 1111 cum
536 1049 660 1110 'Arianis
683 1048 812 1128 idipsum
835 1050 1011 1114 docentibus
1033 1053 1220 1121 consentitis.
1255 1055 1329 1118 Ver-

57 1150 158 1212 bum
188 1157 308 1226 antem,
337 1159 370 1212 ιιι
391 1161 490 1213 restra
512 1151 571 1212 lert
592 1148 711 1230 opinio,
741 1167 776 1212 ex
803 1151 1026 1214 resurrectione
1050 1153 1207 1214 excitatum
1229 1143 1328 1218 luerit.

60 1251 229 1314 Necesse
258 1261 306 1314 est
338 1253 417 1313 enim
439 1252 537 1331 ipsum
559 1249 678 1330 aliquod
700 1251 929 1313 resurrectionis
952 1251 989 1313 ab
1011 1253 1114 1314 inseris
1137 1253 1254 1318 initium
1276 1275 1328 1318 ac-

66 1353 231 1434 cepisse,
261 1362 296 1415 ut
322 1355 452 1433 perlecta
479 1354 559 1414 foret
579 1352 761 1414 resurrectio
784 1362 814 1414 ιι
835 1353 942 1416 mortis
964 1353 1079 1421 solutio
1099 1353 1327 1492 spirituumque,

67 1455 133 1533 qni
162 1453 208 1516 ibi
233 1455 345 1516 detenti
367 1461 461 1528 eraut,
485 1453 632 1516 dimissio.

181 1559 235 1620 17.
280 1556 369 1630 Quod
391 1556 419 1617 si
440 1555 542 1617 baec
534 1573 598 1634 ipsa
622 1553 748 1642 Verbum
770 1555 928 1630 sustinuit,
961 1555 1082 1618 ubinam
1104 1577 1216 1638 quaeso
1238 1559 1329 1622 Verbi

72 1656 320 1718 immutabilitas
343 1665 374 1718 et
394 1655 629 1718 invariabiliter?
671 1637 710 1718 Et
730 1657 881 1736 quomodo
897 1656 1025 1720 Verbum
1040 1659 1136 1738 palam
1157 1660 1189 1720 in
1210 1661 1327 1724 inleruo

75 1757 191 1818 visum
215 1757 246 1818 in
269 1767 367 1818 morte
389 1775 444 1818 sua
472 1757 564 1819 bomo
592 1765 761 1837 reputatum
783 1757 852 1820 est?
896 1759 955 1820 Cur
982 1759 1099 1822 ludaeis
1127 1761 1243 1824 dicebat
1263 1761 1326 1824 llo·

77 1857 213 1920 minus:
235 1859 297 1938 Epo
320 1859 472 1922 ιιιιιιιιιι
497 1879 572 1930 coar,
595 1869 625 1920 et
646 1877 722 1922 non:
745 1859 808 1938 Ego
832 1879 868 1922 ex
882 1859 999 1922 inferno
1014 1859 1165 1940 resurgo?
1198 1863 1232 1924 Si
1247 1863 1328 1926 anim

14 1973 15 2000 ι
85 1959 231 2021 Verbum
252 1967 411 2039 postquam
439 1970 590 2022 mortuum
620 1969 668 2022 est
695 1961 858 2024 suscitante
886 1979 920 2023 se
947 1979 963 2022 a
986 1970 1083 2022 morte
1111 1981 1187 2042 opus
1209 1963 1327 2041 babuit,

81 2079 154 2122 non
179 2059 269 2122 Verbi
292 2061 415 2123 victoria
438 2061 510 2134 erit,
544 2062 598 2122 sed
626 2061 708 2135 ιιιι,
742 2063 794 2141 qui
822 2063 919 2141 ipsum
941 2063 1104 2126 suscitavit.
1149 2063 1329 2126 (iurantem

14 2177 15 2188 ¹
74 2166 148 2242 'per
170 2161 337 2241 Prophetas
360 2163 431 2224 illud
455 2163 491 2222 de
514 2163 611 2224 anima
633 2164 697 2224 eius
718 2162 961 2241 praenunciatum
985 2161 1055 2225 est?
1099 2163 1188 2226 Cur
1180 2181 1246 2244 rpse
1263 2162 1327 2225 Ilo-

85 2263 205 2336 minos,
229 2281 295 2324 cum
316 2263 375 2325 iam
397 2281 539 2343 praesens
556 2263 744 2342 promissum
767 2263 913 2356 impleret,
936 2263 1048 2326 aiebat:
1074 2263 1212 2329 Animam
1232 2281 1329 2326 monor

86 2381 176 2444 porro
197 2382 257 2442 pro
281 2365 387 2426 ouibus
409 2351 507 2426 meis?
531 2382 617 2442 quam
639 2363 767 2426 animam
791 2364 928 2442 spiritum
952 2383 1021 2426 esse
1014 2359 1142 2425 dacrae
1157 2362 1328 2443 Scripturas

14 2489 15 2496 ι
88 2472 198 2542 aperte
221 2464 353 2538 docent,
374 2473 405 2526 ct
425 2463 602 2526 Dominus'
595 2483 670 2544 rpse,
694 2467 744 2544 qui
766 2465 841 2526 dixit
862 2483 971 2545 corpus
995 2462 1114 2543 quidem
1135 2463 1172 2525 ab
1194 2463 1327 2526 bomini·

15 2593 30 2622 a
90 2563 151 2624 bns
175 2565 279 2637 occidi,
303 2565 353 2644 qui
375 2563 503 2628 animam
525 2573 624 2626 tamen
646 2584 707 2627 noo
729 2575 858 2644 possunt
879 2565 1024 2638 occidere,
1047 2563 1156 2644 quippe
1170 2583 1246 2644 qnae
1261 2563 1327 2644 spi·

14 2695 15 2704 ι
91 2664 172 2726 ritus
196 2663 247 2726 sit.
290 2664 355 2725 lloc
376 2665 443 2744 ipso
467 2665 580 2746 Spiritu
602 2665 736 2728 turbatus
758 2673 805 2728 est
825 2667 923 2738 lesus,
946 2665 1036 2726 buius
1055 2665 1186 2744 Spiritus
1208 2665 1412 2737 disces-mar.

14 2797 15 2830 ι
94 2765 143 2825 ιιι
166 2783 183 2825 a
205 2783 331 2845 corpore
352 2766 383 2826 in
406 2765 596 2841 Crucel'acta
618 2773 673 2828 est.
717 2767 754 2829 Et
769 2768 814 2828 sic
829 2753 1005 2828 exstinctum
1028 2773 1074 2826 est
1096 2783 1217 2845 corpus,
1238 2772 1327 2846 atque

93 2867 136 2927 ita
158 2867 281 2946 conligit
302 2861 469 2941 dissolutio,
493 2867 554 2930 [leo
577 2867 673 2930 Verbo
697 2867 850 2930 immutato
872 2874 1046 2928 remanente
1061 2874 1121 2928 tam
1136 2866 1169 2928 iu
1190 2885 1326 2946 corpore,

14 3003 15 3010 ι
95 2985 185 3046 qnam
205 2967 237 3028 in
258 2969 365 3041 anima,
388 2976 476 3048 atque
498 2969 529 3030 iu
552 2969 665 3050 seipso,
690 2969 740 3046 qui
762 2969 793 3028 in
817 2966 885 3028 sinu
906 2967 1005 3028 Patris
1028 2966 1173 3030 existebat
1195 2967 1232 3030 ed
1254 2985 1326 3048 spe-

98 3069 192 3130 cimen
213 3069 468 3132 immutabilitatis.
513 3070 551 3132 Et
577 3070 608 3132 in
638 3087 692 3130 sua
720 3069 756 3130 ad
785 3067 882 3130 nostri
904 3067 1128 3132 similitudinem
1149 3068 1248 3130 lorma
1266 3085 1342 3152 no-¹

14 3206 17 3242 ;
99 3178 190 3232 stram
211 3169 270 3230 illic
292 3170 460 3249 descripsit
472 3180 610 3240 mortem,
634 3179 667 3230 ut
687 3169 718 3231 io
740 3168 789 3230 illa
809 3168 1059 3230 resurrectionem
1074 3186 1131 3247 pro
1146 3167 1235 3230 nobis
1250 3187 1325 3230 oon·

99 3272 244 3345 cinnaret,
273 3289 311 3334 ox
331 3271 447 3334 interno
470 3271 589 3350 quidem
611 3271 754 3344 animam,
790 3289 826 3332 ex
854 3269 993 3350 sepulcro
1022 3278 1120 3333 aulem
1143 3287 1252 3350 corpus
1273 3287 1325 3332 ro-

100 3371 223 3445 ducans,
252 3380 284 3434 ut
311 3373 343 3434 in
376 3381 474 3434 morte
495 3391 550 3453 per
572 3371 784 3434 exhibitionem
807 3370 923 3441 animae
943 3377 1071 3432 mortem
1093 3369 1272 3444 destrueret,
1294 3369 1328 3432 in

101 3471 233 3552 sepulcro
254 3491 309 3552 per
330 3473 511 3552 sepulturam
533 3472 670 3553 corporis
692 3472 914 3554 corruptionem
936 3471 1078 3545 aboleret,
1101 3469 1204 3549 sicque
1226 3485 1263 3530 ex
1277 3469 1326 3530 in-

102 3575 180 3635 lerno
201 3579 235 3642 ιι
258 3591 293 3635 ιι
327 3573 464 3654 sepulcro
487 3573 739 3662 immortalitatem
768 3581 799 3635 et
824 3570 1135 3652 incorruptibilitatem
1164 3569 1326 3644 exhiberet,

104 3693 165 3736 com
185 3673 213 3734 in
235 3675 330 3736 lorma
353 3675 440 3736 nobis
464 3675 614 3766 consimili
635 3683 770 3738 nostram
793 3675 870 3738 riam
893 3691 1034 3736 emensus
1063 3677 1145 3734 esset
1170 3679 1342 3744 nocuum,

105 3793 158 3853 qua
182 3775 380 3836 detentionem
408 3775 559 3838 solvisset.
605 3775 693 3847 Quod
720 3794 792 3838 sano
820 3775 1016 3838 admiratione
1045 3773 1167 3851 dignum
1199 3771 1326 3846 exstitit;

106 3924 242 3974 Feltini.
267 3913 333 3988 ὅπερ
358 3917 395 4002 pir
420 3915 527 3989 nequir.
566 3924 610 3974 llbi
629 3925 685 3976 aditi
736 3916 798 3973 καθ’
827 3925 958 3975 aLeontlo
983 3922 1111 3986 Byzantion
1135 3921 1308 3974 adferantur
1301 3939 1326 3974 ιιι

109 3991 225 4042 ιιιιιιιιι
243 4006 301 4041 mss.
327 3989 385 4044 πῶς
384 3985 507 4068 παρόν.
736 3992 800 4042 libro
824 3990 848 4040 2.
876 3999 959 4040 contra
985 3990 1123 4039 Nestorium
1153 3983 1176 4039 ιι
1204 3991 1327 4054 Eutychen

139 4059 160 4108 d.
176 4057 243 4108 llrsil.
262 4049 472 4124 ἧᾶπιχιιρισιι
510 4057 683 4138 lnlraSrguer.
737 4056 863 4120 [Gallaodi
880 4057 942 4108 bibl.
961 4064 1015 4108 rell.
1034 4057 1097 4106 Patr.
1116 4055 1186 4107 Tom.
1201 4057 1252 4108 llll.
1271 4071 1327 4123 pag.

109 4126 188 4188 taglic
211 4125 307 4178 (loblor.
332 4133 357 4175 ιι
379 4125 485 4176 Felclm.
505 4126 526 4179 l
553 4117 684 4186 catabra
737 4125 796 4176 683.
814 4125 861 4176 col.
874 4121 909 4190 1.]
928 4139 982 4175 cnm
1001 4123 1068 4174 nulla
1085 4123 1263 4188 discrepantia;
1280 4125 1328 4176 ibi-

110 4185 250 4258 γέγονεν
236 4208 251 4251 η
276 4187 485 4273 accersunt.
507 4188 598 4249 licor).
640 4193 685 4244 llii
737 4195 793 4244 dom
817 4194 856 4242 bie
879 4192 942 4242 liber
970 4199 1068 4245 vocatur
1093 4191 1215 4240 secundus
1242 4199 1328 4246 contra

113 4275 158 4312 com
174 4260 239 4310 editis
255 4254 302 4308 καὶ
320 4252 405 4308 obteri
409 4256 542 4338 ydrum
564 4251 680 4319 didon.
735 4259 921 4324 Apollinarium.
955 4257 1207 4338 lbidemSeqnemrt
1225 4257 1264 4310 ιιι.
1276 4261 1326 4312 Go-

142 4319 318 4378 ιιιιιιόνια
334 4321 372 4382 εἷς
388 4321 439 4375 τὸν
455 4321 558 4376 κόλπον
574 4325 683 4376 rodun·
735 4329 797 4380 blor.
816 4337 840 4377 ιι
857 4327 998 4377 ιιιιιιιηι
1015 4317 1047 4376 ἓν
1064 4337 1094 4374 τε
1111 4323 1173 4392 rp’ar
1221 4327 1325 4378 .l'rnlo

113 4387 178 4462 ιρις
174 4396 300 4445 desunt
294 4411 318 4446 m
343 4397 427 4456 oditis,
454 4397 497 4449 sed
523 4396 665 4445 bobeotnr
658 4411 682 4446 ra
734 4404 793 4462 port
809 4395 882 4446 iidem
899 4386 955 4444 ἐκεῖ
970 4387 1046 4462 διέγρ
1049 4395 1112 4457 opo.

113 4466 195 4526 Sequor.
213 4464 301 4544 torpa
320 4463 418 4515 Sobler.
437 4463 621 4522 etFelclle
639 4463 683 4514 sed
768 4465 787 4514 l.
805 4463 904 4514 Gobler
928 4469 953 4512 et
969 4408 1113 4512 Felelml.
1129 4453 1257 4538 λύσῃ.

114 4531 135 4580 in
149 4521 267 4593 loglic
251 4545 319 4579 orto
343 4532 421 4582 deest.
461 4532 563 4592 Sequor.
585 4545 640 4580 raro
659 4540 683 4582 ιι
769 4531 844 4593 elta
863 4533 962 4592 Segaer.
997 4529 1078 4582 liditi
1085 4543 1140 4580 raro
1163 4521 1210 4576 και
1232 4517 1327 4591 τάφοι

116 4598 194 4648 Goblcr
211 4589 332 4652 bobent''
316 4612 385 4648 οντα
401 4593 456 4648 καί.
487 4599 539 4652 tlox
555 4591 586 4648 o
603 4592 632 4647 dd
649 4597 682 4664 τῇ
734 4612 790 4649 cona
808 4597 910 4650 caeteris
926 4611 987 4650 raas.
