3226 5308
528 365 636 430 enarre
651 369 690 422 nv.
706 369 821 417 ceurae
835 371 969 416 munos.
1285 362 1346 426 627

113 542 181 588 eur
203 521 326 587 omnino
349 520 467 586 dilatata
487 519 590 584 Unites
613 520 661 584 sit
706 520 793 595 Quod
815 521 894 586 enim
915 541 977 588 nou
997 522 1074 586 idem
1090 533 1198 600 manet,
1221 529 1274 592 sed
1288 545 1430 608 penae.

114 635 191 688 stea
214 624 368 696 dilatatur,
390 641 509 687 eausam
529 621 635 686 habeat
649 631 780 686 'neeesse
801 633 866 696 est,
887 641 943 704 par
963 643 1051 704 qnam
1071 624 1218 692 dilatetur.
1262 628 1295 692 si
1315 638 1348 692 nt

114 727 257 792 Verbum
279 724 457 810 et'Spiritus
479 743 545 788 eum
567 723 617 786 illo
641 731 732 798 esset,
754 733 980 804 praeposterum
1002 728 1169 814 estdioere
1189 729 1346 804 Ueterem,

115 829 237 892 deinde
264 828 414 896 mamam
440 845 519 890 asse.
568 825 629 888 Nee
656 825 736 888 enim
756 827 905 916 posterius
934 837 981 890 est
1000 828 1127 894 Verbum
1156 840 1187 894 et
1207 832 1346 912 Spiritus,

117 931 179 994 sad
204 949 340 1014 semper,
369 948 407 996 ue
427 928 562 994 videlieet
583 927 662 992 bens
684 927 749 991 siue
771 928 867 990 Verbo
896 948 949 992 seu
970 930 1095 996 Ratione
1121 951 1191 996 esse
1217 941 1346 1014 putetur,

118 1034 169 1096 uti
193 1033 327 1096 sentiunt
340 1030 449 1096 Ariani.
493 1029 637 1103 Quocirca
659 1029 684 1092 si
706 1047 824 1109 semper
845 1029 902 1092 luit
916 1031 1044 1096 Verbum
1059 1040 1089 1095 et
1102 1033 1241 1113 Spiritus,
1264 1055 1346 1098 sem·

118 1154 182 1216 per
211 1153 329 1215 qnoque
356 1133 474 1199 dilatata
501 1133 571 1206 tuit,
599 1149 660 1194 non
688 1140 785 1194 autem
812 1131 941 1212 primum
968 1134 1023 1196 luit
1048 1135 1181 1198 Unima-
1206 1137 1294 1211 Qued
1321 1137 1347 1202 si

120 1238 282 1318 posterius
304 1235 417 1300 dilatata
440 1242 502 1308 est,
534 1233 685 1314 posterius
713 1233 802 1314 igitur
824 1244 872 1296 est
891 1235 1029 1300 Verbum.
1073 1237 1106 1302 Si
1126 1256 1196 1301 vero
1225 1247 1348 1318 propter

121 1339 277 1402 humanae
296 1348 417 1402 naturae
439 1336 652 1401 assumtionem
674 1335 792 1400 dilatata
814 1345 870 1414 est,
893 1346 1021 1418 tonoque
1041 1341 1114 1402 taeta
1137 1350 1184 1403 est
1198 1339 1346 1416 Trinitas3

119 1441 217 1521 igitur
247 1449 314 1506 aute
332 1449 468 1504 naturam
490 1439 648 1502 humanam
670 1439 986 1504 assumtamuondum
1009 1449 1072 1505 erat
1092 1441 1231 1508 Trinitas.
1274 1442 1347 1506 lnde

119 1545 198 1606 item
220 1550 370 1624 sequetur,
392 1549 426 1606 ut
446 1541 533 1605 Pater
554 1559 622 1606 earo
644 1541 737 1604 iaetus
753 1540 801 1616 sit,
825 1541 851 1604 si
868 1559 975 1622 nempe
990 1541 1067 1622 ipsa,
1089 1543 1139 1624 qni
1154 1543 1257 1608 Unitas
1273 1552 1345 1620 erat,

118 1645 279 1710 hominem
301 1641 480 1732 assumendo
502 1641 638 1706 dilatante
661 1651 722 1716 est;
745 1643 796 1722 qui
817 1650 848 1705 et
868 1642 945 1706 idem
965 1644 1102 1706 fortassis
1118 1643 1220 1708 Unitas
1241 1655 1347 1726 postea

117 1748 193 1820 erit,
217 1756 248 1810 et
268 1764 349 1817 earo,
370 1751 400 1808 et
421 1742 499 1822 quod
521 1743 643 1806 tertium
663 1753 711 1806 eat
732 1743 871 1824 Spiritus,
894 1745 920 1808 si
940 1764 1048 1826 nempe
1069 1745 1134 1826 ipse
1155 1755 1209 1822 est,
1232 1747 1282 1828 qui
1297 1747 1345 1808 di-

118 1847 235 1910 latatus
257 1856 320 1920 est3
346 1865 381 1910 ae
401 1842 527 1928 proinde
549 1843 614 1908 solo
636 1845 757 1908 nomine
778 1846 907 1910 Trinitas
928 1849 1026 1912 lutura
1048 1855 1105 1912 est.
1150 1847 1237 1922 Quod
1261 1848 1287 1910 si
1308 1848 1346 1914 ad

122 1949 289 2012 creandum
311 1947 427 2012 dilatata
449 1947 578 2020 dicatur,
606 1946 637 2008 id
666 1965 782 2028 quoque
804 1948 965 2013 absurdum
988 1957 1043 2010 est
1086 1948 1165 2012 Fieri
1186 1950 1264 2012 euim
1286 1969 1343 2030 pe·

123 2059 220 2125 terat,
252 2059 285 2114 ut
311 2051 375 2130 ipsa
402 2066 527 2114 maneus
549 2047 652 2112 Unitas
682 2049 780 2112 omnia
806 2049 946 2112 ettieeret
988 2049 1048 2112 Neo
1070 2048 1148 2112 emm
1174 2050 1344 2116 dilatatione

122 2151 278 2232 indigebat
299 2151 410 2226 Unitas,
432 2169 489 2216 nee
508 2149 624 2214 indrma
646 2159 715 2224 erat,
729 2151 903 2232 priusquam
923 2151 1104 2219 dilataretur.
1147 2152 1221 2218 Nam
1234 2154 1342 2218 absur-

120 2257 197 2320 dum
226 2263 256 2318 et
282 2255 403 2336 impium
431 2261 479 2316 est
505 2252 534 2318 id
561 2253 599 2316 de
620 2253 681 2314 Deo
704 2254 816 2316 sentire
838 2261 868 2315 et
888 2253 995 2316 dicere.
1037 2254 1124 2318 utino
1143 2255 1268 2338 iusuper
1288 2255 1343 2318 ab·
1449 2327 1453 2338 ,

121 2358 250 2422 surdum
271 2356 339 2420 inde
361 2363 569 2435 consequetur.
620 2355 652 2416 Si
680 2354 757 2420 euim
786 2374 886 2418 rerum
914 2365 1074 2420 creatarum
1103 2359 1197 2436 metit
1213 2357 1346 2420 'dilatate

125 2471 189 2535 est,
219 2461 245 2522 si
268 2459 406 2544 mramdin
428 2464 492 2523 orat
513 2455 632 2531 Unitas,
654 2457 751 2520 nullae
773 2466 926 2550 erantures
948 2468 1078 2532 creataee
1110 2477 1177 2522 oum
1197 2466 1269 2539 post
1289 2457 1344 2520 ab·

125 2562 252 2624 solutam
269 2561 453 2624 'creationem
475 2577 582 2624 rursus
604 2579 620 2620 e
642 2558 759 2624 dilatata
780 2560 845 2622 lieri
867 2559 973 2624 debeat
992 2561 1115 2634 Unitas,
1137 2559 1239 2642 utique
1261 2561 1344 2648 dele·

126 2659 237 2724 buntur
264 2679 380 2740 quoqne
408 2679 457 2725 res
485 2669 608 2724 creatae.
651 2660 690 2724 Ut
717 2662 794 2724 euim
825 2663 943 2726 creandi
966 2665 1056 2728 eausa
1076 2659 1192 2724 dilatata
1215 2670 1275 2742 est,
1303 2663 1344 2726 ita

126 2779 195 2824 oum
217 2761 334 2824 dilatata
354 2781 423 2826 esse
445 2761 569 2840 desinet,
593 2762 717 2826 existere
739 2763 874 2826 similiter
896 2763 1033 2826 desinent
1052 2780 1102 2822 res
1124 2770 1249 2826 creatae.

215 2868 263 2962 ¹⁵:
307 2863 386 2926 llaeo
406 2863 502 2942 itaque
524 2863 649 2928 absurda
671 2885 706 2926 er
726 2865 774 2928 illa
796 2866 931 2927 orientur
952 2863 1103 2945 opinione,
1125 2883 1182 2944 qua
1196 2864 1297 2926 Unitas
1312 2863 1343 2926 in

127 2965 303 3042 Trinitatem
325 2964 438 3026 dilatari
459 2965 573 3029 dieitur.
618 2966 742 3039 Quando
769 2985 839 3028 vero
863 2965 912 3044 qui
933 2965 974 3026 ita
995 2965 1142 3039 sentiunt,
1163 2965 1291 3028 Verbum
1314 2974 1344 3028 et

127 3069 232 3132 Filium
254 3067 385 3130 dividere
406 3066 525 3138 audent,
547 3067 784 3146 oontenduntque
805 3065 883 3128 aliud
905 3085 971 3128 esse
986 3065 1112 3130 Verbum
1134 3075 1163 3130 et
1183 3067 1272 3130 adum
1289 3067 1428 3130 Fines.
1451 3077 1456 3094 '

128 3170 213 3243 lium,
244 3169 328 3250 prius
349 3168 490 3234 Verbum¹
507 3187 591 3243 esse,
620 3167 725 3230 deinde
747 3167 869 3243 Filium3
901 3187 954 3248 age
981 3169 1038 3234 ista
1059 3187 1177 3251 quoque
1200 3169 1226 3232 si
1245 3171 1342 3251 piaret

127 3273 353 3353 perpendamus.
399 3271 481 3336 Varia
510 3279 607 3334 autern
635 3271 751 3334 illorum
780 3279 827 3334 est
853 3270 1014 3346 temeritas,
1056 3271 1114 3334 liii
1142 3271 1219 3334 enim
1241 3273 1340 3336 bomi-

129 3393 204 3447 nem,
227 3393 314 3454 quem
331 3373 464 3436 Salvator
478 3373 629 3447 assumsit,
651 3372 757 3436 Filium
772 3391 839 3436 esse
854 3373 964 3446 volunt,
986 3373 1035 3434 alii
1050 3381 1217 3454 utrumque,
1235 3391 1341 3454 nempe

130 3477 277 3542 bemineru
299 3484 328 3538 et
348 3475 492 3549 Verbum,
516 3483 587 3536 tuno
606 3473 711 3538 Filium
734 3477 841 3536 laetum
861 3475 957 3536 luisse
978 3483 1097 3555 putant,
1120 3493 1187 3540 eum
1207 3477 1284 3538 inter
1306 3497 1341 3540 se

110 3578 254 3658 'copulati
276 3569 355 3640 sbnt.
399 3577 454 3640 lm
475 3585 572 3642 autem
593 3575 782 3651 arbitrantur,
803 3577 901 3656 ipsum
924 3576 1051 3640 Verbum
1073 3585 1144 3640 tuno
1163 3577 1268 3640 Filium
1293 3580 1339 3641 ta·

131 3689 204 3744 otum
228 3699 304 3756 esse,
328 3699 393 3744 oum
414 3681 506 3744 homo
528 3679 622 3744 sactus
645 3688 707 3754 eat3
729 3679 875 3759 siquidem
897 3697 933 3740 ar
951 3677 1056 3754 Verbo,
1078 3678 1223 3758 inquiunt,
1245 3681 1339 3742 laetus

132 3789 175 3844 εει
193 3781 301 3854 Filius,
331 3783 381 3861 qui
407 3791 492 3846 antea
519 3799 579 3842 non
601 3781 706 3866 Filium,
736 3781 789 3844 sed
818 3781 958 3844 duntaxat
978 3781 1105 3844 Verbum
1128 3789 1200 3844 erat
1243 3780 1338 3844 Porro

132 3891 248 3962 uterque
269 3900 354 3944 error
375 3883 544 3944 Stoioorum
565 3889 620 3955 est,
642 3901 700 3960 quo
722 3889 752 3944 et
765 3881 844 3944 Deus
866 3881 981 3944 dilatari
1002 3881 1109 3944 dieitur
1132 3881 1265 3944 etl'ilius
1281 3902 1336 3944 ne-

134 3995 221 4065 pour.
267 3971 354 4046 Valde
380 3990 477 4044 autem
499 3981 571 4044 illud
592 3981 722 4060 ineptum
746 3991 807 4055 est,
835 3982 915 4062 quod
941 3999 1008 4044 cum
1030 3982 1155 4044 Verbum
1177 3995 1338 4064 agnoscant

132 4095 160 4149 et
178 4084 345 4159 nominent,
375 4085 472 4164 ipsum
493 4082 598 4146 Filium
619 4101 687 4146 esse
708 4081 884 4148 innuantur.
927 4082 1083 4146 Enimvero
1105 4085 1131 4146 si
1153 4085 1279 4150 Verbum
1301 4106 1336 4152 ex

162 4343 182 4393 d.
199 4343 239 4393 Sie
257 4356 314 4392 mss.
355 4339 381 4390 ln
405 4339 509 4390 editione
534 4347 613 4390 antem
632 4339 705 4390 Com·
755 4339 1056 4404 proeterFelolmannil.
1093 4342 1118 4392 ln
1142 4343 1196 4392 aliis
1218 4351 1241 4392 at
1265 4343 1335 4394 editis
1451 4367 1459 4392 ε

134 4411 181 4462 mel
196 4425 217 4458 π
237 4403 252 4459 e'
269 4412 344 4461 deest.
754 4409 823 4458 deest
838 4403 875 4460 δέ.

48 4486 50 4494 ’
163 4493 181 4528 a.
197 4493 251 4544 γαρ
276 4479 343 4530 abest
365 4493 377 4528 a
396 4476 467 4527 [iasii.
491 4484 515 4528 et
531 4477 636 4540 laelio,
680 4478 703 4528 ui
787 4491 809 4539 p.
827 4477 883 4539 Rae.
901 4476 1000 4540 Segner.
1019 4485 1042 4526 et
1058 4476 1179 4542 lnglirsn.
1196 4469 1286 4537 ἐπειδὴ
1305 4472 1335 4527 δὲ

134 4543 213 4608 lnglio.
233 4562 285 4598 mox
303 4547 373 4598 labet
398 4539 444 4594 aul
461 4537 496 4598 alr
514 4539 542 4596 dl
559 4537 647 4611 μονὰς
662 4490 703 4606 lv.
754 4535 788 4595 εἴ.
824 4546 901 4596 Ceteri
920 4553 943 4596 et
961 4546 1016 4595 editi
1034 4537 1092 4596 luel
1109 4539 1138 4595 dl
1155 4538 1188 4594 el

163 4613 177 4663 l.
199 4615 238 4665 Sir
254 4616 311 4678 lleg.
335 4623 358 4666 et
374 4615 514 4678 Segueriau·
537 4615 626 4680 altique
643 4629 702 4668 meu
786 4613 810 4669 b·
828 4613 899 4666 basil.
918 4621 941 4664 et
952 4613 1042 4678 duplic.
1060 4600 1119 4662 elau
1136 4607 1166 4664 dl
1183 4607 1231 4662 τὸν
1247 4605 1318 4664 υἱόν.

1077 4695 1133 4748 tu*
