3176 5304
696 301 875 346 suasano.
1046 303 1053 314 ·
1338 281 1380 341 37

123 454 330 535 complexum.
360 453 508 514 Nimirum
531 411 620 516 huiuis
643 451 812 531 theologiae
830 453 857 513 si
874 471 967 514 mom
982 452 1111 530 aliquem
1126 452 1287 511 nominare
1302 449 1376 508 reli-

122 575 193 618 mus
218 565 392 636 parentem,
423 555 450 616 is
474 573 535 616 uon
558 555 616 616 erit
635 555 826 626 Athanasius,
852 555 906 617 aed
929 555 1033 632 potius
1056 552 1203 630 Origenes
1226 544 1246 612 ὁ
1269 549 1374 612 :soie

118 649 245 743 μἀθὴς
266 656 321 722 καὶ
346 653 545 742 φιλόπονος,
569 673 628 736 quo
651 659 830 734 cognomine
858 655 896 716 ah
925 655 977 716 illo
1006 655 1038 714 in
1065 653 1122 733 Ep.
1137 654 1186 714 li'.
1208 654 1245 712 ad
1268 653 1370 733 Serap.

121 781 192 841 rap.
212 763 244 824 8.
267 758 415 821 laudatur.
453 759 554 838 luepta
569 775 641 819 tero
655 757 805 820 videbitur
826 757 1000 837 appellatio,
1023 757 1050 816 si
1073 755 1244 831 theologiae
1265 771 1369 818 nomen

120 861 299 940 significatu
323 859 540 939 angustissimo
557 859 747 939 accipiamus,
771 868 805 920 ut
819 859 884 920 sola
900 859 1036 920 domtiua
1048 857 1086 918 de
1095 857 1252 918 divinitate
1264 855 1369 920 Christi

122 965 172 1026 rel
198 965 236 1024 de
261 962 393 1024 trinitate
415 961 463 1022 dei
485 961 683 1041 intelligatur:
706 979 766 1040 quo
784 961 952 1040 significatu
970 961 1091 1040 saepius
1112 956 1266 1037 legiturin
1281 959 1368 1020 Atha-

122 1065 207 1127 nasii
223 1064 412 1143 aliorumque
433 1073 567 1126 veterum
589 1063 721 1141 scriptis,
743 1061 822 1124 seint
845 1064 929 1124 Orat
945 1061 969 1123 l.
993 1071 1095 1124 conus
1110 1060 1214 1122 Ariau.
1237 1077 1301 1138 cap.
1320 1067 1366 1128 18.

125 1187 158 1246 p.
176 1169 252 1231 tat.
277 1167 463 1244 Quamquam
480 1164 664 1226 recentiores
676 1181 795 1243 quoque
811 1183 875 1224 mm
891 1163 1045 1225 doctrinae
1059 1181 1163 1224 sacrae
1176 1171 1300 1242 partem,
1313 1185 1366 1245 qua

126 1272 168 1332 de
187 1269 247 1330 deo
263 1268 387 1347 eiusque
408 1267 644 1347 proprietatibus
667 1275 698 1326 et
713 1264 856 1346 operibus
872 1285 906 1327 ac
919 1265 958 1326 de
974 1264 1103 1326 trinitate
1122 1265 1290 1336 disseritur,
1313 1287 1364 1330 se·

18 1438 21 1447 ,
125 1371 259 1452 paratim
290 1369 470 1448 theologicos
492 1376 613 1442 vocant,
643 1366 895 1447 quemadmodum
917 1376 1032 1428 veteres
1052 1365 1234 1450 θεολογίαν
1255 1369 1290 1430 ah
1312 1369 1362 1437 ο).

17 1512 22 1543 ,
123 1476 273 1556 κονομίᾳ
296 1470 501 1550 seiungsbant,
524 1489 614 1532 neruo
639 1479 736 1530 tamen
752 1469 946 1530 Athanasium
966 1480 1084 1550 putrem
1100 1471 1264 1534 hodiernos
1279 1475 1361 1540 theo.

14 1616 18 1663 t
129 1577 233 1658 lopioe
256 1573 483 1654 praedicaverit,
512 1573 537 1634 si
561 1581 681 1653 praeter
701 1571 822 1634 Nicaeoi
845 1571 991 1651 dogmatis
1013 1575 1218 1635 auctoritatem
1241 1575 1310 1639 nihil
1332 1581 1359 1644 ei

130 1678 266 1740 tribuere
294 1676 372 1738 velit.
418 1675 519 1754 ltaque
547 1673 698 1754 theologia
726 1674 913 1754 intelligenda
942 1684 1005 1748 est,
1040 1693 1128 1754 quam
1157 1676 1246 1738 hodie
1275 1682 1357 1763 rulgo

13 1782 16 1805 ¹
133 1780 261 1841 dicimus
284 1777 494 1858 dogmaticam,
516 1776 562 1837 rel
583 1777 686 1856 potius
709 1777 881 1856 complexus
903 1776 1071 1855 dogmatum
1093 1777 1164 1838 lidei
1187 1778 1217 1838 iu
1240 1782 1358 1848 ecclesia

14 1926 15 1952 ,
136 1879 250 1960 publice
271 1891 481 1959 receptorum,
510 1886 542 1938 ut
563 1878 821 1969 Athanasius'hoc
842 1897 935 1940 sensu
958 1879 1123 1960 theologiae
1144 1881 1358 1952 ecchas‘ostr'coe

137 2000 247 2062 parcns
271 1993 301 2045 et
330 1992 434 2044 stotor
459 1980 657 2059 praedicetur.
700 1981 782 2042 idem
811 1981 947 2061 prolecto
970 1980 1151 2062 Epiphanius
1173 1983 1278 2064 aliique
1298 2007 1355 2052 no-

12 2086 15 2155 !
133 2083 212 2146 mine
238 2084 298 2170 τῆς
327 2075 543 2166 ὀρθοδοξίας,
579 2101 638 2163 quo
667 2085 788 2162 proprie
816 2092 898 2144 recta
927 2082 963 2143 de
985 2083 1043 2145 lide
1065 2083 1190 2147 Nicasna
1212 2092 1353 2156 sententia

131 2185 282 2258 laudatur,
317 2183 485 2265 significare
516 2187 688 2256 voluerunt,
723 2185 871 2266 siquidem
906 2184 945 2246 iili
978 2203 1153 2264 persuasum
1183 2187 1352 2270 hahuemnt,

131 2287 270 2366 dogmate
298 2287 336 2348 de
366 2285 496 2348 trinitate
523 2297 552 2348 et
579 2287 782 2350 incarnatione
812 2288 860 2348 dai
889 2287 1033 2366 integram
1057 2288 1144 2350 fidem
1167 2290 1352 2360 christianam

132 2388 172 2450 ita
201 2388 370 2458 contineri,
400 2399 434 2449 ut
459 2387 509 2466 qui
539 2389 576 2450 de
598 2389 655 2450 hoc
675 2399 755 2452 recte
778 2390 902 2464 sentiat,
932 2391 969 2452 dc
992 2391 1113 2471 reliquis
1135 2393 1250 2470 gravius
1273 2405 1302 2458 et
1322 2401 1352 2462 in

129 2491 345 2552 detrimentum
369 2481 473 2548 salutis
493 2507 591 2551 errare
612 2508 672 2551 non
694 2493 809 2571 possit,
834 2493 1027 2556 Athanasium
1048 2511 1119 2554 vero
1142 2513 1188 2568 eu,
1211 2515 1269 2576 quo
1283 2499 1352 2576 diri,

133 2607 231 2650 sensu
251 2597 374 2668 putrem
398 2589 556 2649 hodiernos
578 2590 741 2670 theologice
763 2595 827 2655 iure
849 2595 1014 2674 meritoque
1036 2596 1151 2667 vocari,
1174 2597 1204 2657 id
1226 2598 1282 2658 nisi
1305 2619 1353 2662 ra-

138 2689 223 2748 tiuue
252 2687 347 2763 magis
370 2687 491 2758 idonea,
513 2705 598 2764 quam
621 2709 676 2767 qua
697 2693 931 2754 hlontiauconius
954 2713 1028 2757 usus
1051 2706 1114 2770 est,
1137 2699 1355 2776 comprobetur,

138 2787 231 2848 etiam
255 2805 335 2849 nunc
357 2795 443 2845 erunt
465 2786 513 2864 qui
535 2787 714 2862 addubitent,
736 2793 814 2852 sicut
836 2793 1134 2858 olimSohroeclrhius
1156 2797 1356 2864 tullissent.

137 2889 204 2950 Vol.
221 2888 286 2949 llll.
310 2905 342 2967 p.
358 2888 432 2949 241.
456 2887 500 2947 ed.
517 2889 546 2949 2.
570 2887 755 2952 addubitavit
800 2892 914 2954 Etenim
942 2897 1163 2958 concedendum
1187 2907 1247 2970 est,
1277 2899 1354 2966 illum

135 2991 215 3053 hanc
243 2989 363 3052 laudem
391 3005 452 3049 nun
475 3007 510 3048 eo
533 2987 695 3064 meruisse,
725 2991 802 3070 quod
826 2995 939 3072 primus
962 2996 1104 3074 singulari
1128 2997 1201 3058 lihro
1225 2998 1355 3080 dogmata

134 3093 203 3156 odet
226 3111 283 3154 suo
308 3099 444 3170 tempure
465 3091 588 3170 probata
611 3091 782 3172 completus
804 3105 887 3156 essct
908 3113 999 3176 eaque
1021 3097 1056 3157 ad
1081 3099 1219 3162 ecclesiae
1233 3113 1353 3170 senteu-

135 3198 207 3258 tiam
229 3193 381 3257 subtiliter
402 3193 602 3273 exposuisset.
638 3195 712 3258 Nam
734 3197 785 3276 qui
809 3195 879 3258 olim
902 3197 979 3260 inter
999 3199 1141 3262 eiusmodi
1162 3201 1253 3267 libros
1276 3209 1351 3292 dog-

135 3295 450 3402 maticos'rstuleruut
470 3295 618 3359 Athanasii
641 3297 796 3380 synopsin
818 3305 991 3381 scripturae
1011 3321 1119 3366 socrus
1140 3315 1169 3369 at
1189 3307 1352 3390 Spntopmo

134 3403 301 3470 doctrinae,
325 3397 479 3478 dupliciter
500 3410 680 3463 erraverunt.
725 3401 873 3484 Synopss's
896 3419 954 3464 non
977 3413 1022 3468 sat
1042 3411 1203 3487 argumenti
1226 3411 1350 3493 dogma-

135 3503 184 3564 tici
207 3519 304 3581 ueque
319 3501 455 3580 hlagnum
470 3500 659 3564 Athanasium
681 3503 768 3566 habet
790 3515 949 3581 auctorem,
970 3507 1023 3570 ssd
1045 3508 1160 3572 videtur
1181 3531 1248 3575 esse
1266 3533 1349 3578 cum-

136 3601 297 3666 menterius
330 3603 360 3664 iu
382 3601 620 3666 Stichumstriam
647 3605 804 3686 Nicephori
837 3607 873 3670 ab
901 3610 1060 3672 Athanasio
1088 3612 1185 3694 aliquo
1220 3615 1350 3680 obscuro

137 3723 196 3766 non
218 3714 285 3766 ante
308 3722 384 3766 saec.
402 3704 436 3766 X.
459 3707 657 3787 conscriptus
703 3709 764 3771 vio.
787 3709 918 3773 Credner
939 3713 1002 3775 Zur
1025 3713 1192 3780 Geschs'shte
1215 3719 1264 3780 des
1287 3717 1349 3780 Ko-

136 3825 214 3869 sona
237 3805 331 3872 (Halle
355 3808 459 3882 1847.)
480 3827 511 3887 p.
530 3811 588 3873 127
604 3829 664 3890 sq.·
692 3809 856 3892 Syntopnro
877 3821 984 3887 autem,
1007 3815 1048 3876 uti
1064 3815 1099 3876 ab
1118 3817 1207 3880 Andr.
1220 3819 1349 3882 Arnoido

138 3907 265 3986 primum
289 3906 396 3981 (Paris.
416 3911 519 3984 1685.)
543 3910 650 3974 editum
674 3921 720 3972 cst
741 3921 771 3972 et
791 3913 869 3974 inter
889 3915 1039 3976 Athanasii
1063 3917 1158 3998 Opera
1181 3921 1238 3997 (cd.
1251 3921 1348 3984 Palas.

138 4009 224 4070 Tum.
240 4007 276 4068 il.
306 4027 335 4088 p.
358 4011 421 4074 304
443 4015 502 4089 sq.)
522 4009 646 4090 legitur,
679 4031 795 4074 murum
823 4014 953 4095 vitaeque
978 4029 1134 4100 praecepta
1161 4023 1286 4084 maxime
1319 4025 1349 4085 in

137 4129 225 4172 usum
255 4111 465 4173 monachorum
488 4112 621 4174 continet
639 4113 768 4194 itemque
789 4115 825 4178 ab
847 4117 896 4178 ilio
919 4117 1140 4184 abiudicandom
1164 4133 1220 4186 cst.
1264 4125 1347 4188 Conl.

138 4211 250 4274 Oudini
274 4212 431 4276 commem.
455 4215 711 4296 descriptoribus
734 4219 837 4282 eccles.
860 4231 923 4282 ont.
947 4221 1010 4283 Vol.
1025 4222 1047 4284 1.
1075 4241 1106 4302 p.
1128 4227 1190 4290 374
1205 4245 1249 4306 sq.
1286 4228 1349 4290 Alia

138 4313 257 4394 quidem
285 4324 381 4376 exstat
407 4315 494 4376 istius
516 4317 605 4379 libelli
626 4320 720 4380 torma
743 4321 772 4380 in
795 4321 860 4402 cod.
883 4322 1016 4384 Noniano
1039 4341 1082 4404 gr.
1097 4323 1209 4402 thlt,
1233 4345 1267 4390 ex
1290 4321 1349 4410 imo

138 4415 337 4494 llingarsllius
354 4429 357 4442 ¹
375 4417 451 4497 typis
485 4417 708 4482 describendum
740 4423 851 4484 curavit
882 4424 911 4484 in
946 4423 1082 4504 contego
1116 4427 1159 4489 sic
1190 4429 1349 4510 inscripto:

141 4517 249 4582 Graeci
269 4519 354 4608 codd.
373 4537 444 4583 nus.
467 4521 675 4600 opudNonios
697 4529 849 4587 asservati
868 4525 995 4603 (Bonon.
1013 4529 1350 4609 1784.)p.107-114.
