3234 5282
250 293 315 368 '420
653 315 680 358 ε.
695 297 1086 362 ιτεικιλοικοοιεειεεονι

165 457 311 532 mmo&
339 469 452 552 γέγονε
480 463 535 530 καλ
557 461 591 530 ἐν
613 455 703 550 αάτῶ
725 468 915 551 συνέστηκε,
944 467 1020 543 πῶς
1042 463 1180 534 δόναται
1199 467 1254 534 καί
1275 467 1394 548 κτίζων
1416 467 1482 557 τήν

250 571 359 636 κτίσιν
385 567 440 632 καλ
462 555 530 642 ἐλς
551 557 637 630 ελναι
657 565 723 630 τῶν
745 563 780 632 ἐν
802 557 892 650 αὐτῷ
914 565 1176 654 συνεοτηκότωνς
1208 561 1337 634 ἀτόπου
1359 567 1396 636 δέ
1417 571 1483 666 τῆς

249 665 405 754 τοιαύτης
434 659 543 732 αάτῶν
571 663 723 743 ἐπινοίας
750 671 966 753 φαινομένης,
996 667 1182 754 ἐλέγχονται
1202 667 1297 754 παρὰ
1316 671 1375 755 τῆς
1396 663 1483 757 ἀλη-
1523 717 1528 724 -

248 774 365 848 θείας,
396 761 451 832 ότι
478 763 691 852 πρωτότοκος
711 766 772 850 μὲν
794 764 828 835 ἐν
849 767 991 848 πολλοῖς
1012 763 1173 858 ἀδελφοῖς
1194 769 1316 859 ἐκλήθη
1340 769 1397 839 διὰ
1416 770 1480 858 τήν

248 871 309 956 τής
337 865 459 956 σαρκὸς
487 871 690 954 συγγένειαν,
719 867 932 953 πρωτότοκος
954 869 991 936 δὲ
1013 869 1048 938 ἐκ
1068 875 1135 939 τῶν
1157 874 1280 960 νεκρῶν
1301 871 1358 940 διὰ
1378 871 1418 938 τὸ
1440 871 1482 952 ἐξ

249 962 351 1036 αάτοῦ
373 969 428 1036 καλ
448 961 518 1054 μετ’
544 961 644 1036 αάτδν
665 961 753 1035 ελναι
771 966 831 1056 τήν
851 971 919 1037 τῶν
941 973 1064 1058 νεκρῶν
1086 966 1277 1054 ἀνάστασιν,
1300 973 1477 1061 πρωτότο-

247 1091 306 1149 κος
328 1070 364 1136 δλ
386 1067 498 1154 πόσης
517 1076 654 1148 κτίσεως
676 1067 734 1136 διὰ
754 1067 813 1160 τήν
836 1071 1100 1158 φιλανθρωπίαν
1121 1076 1182 1141 τοῦ
1203 1075 1346 1162 πατρός,
1370 1068 1411 1142 δι’
1434 1073 1479 1161 ἣν

248 1169 283 1240 ἐν
310 1173 358 1258 τῷ
380 1169 466 1258 λόγῳ
488 1163 589 1237 αάτοῶ
611 1163 651 1235 οὐ
670 1167 774 1254 μόνον
795 1169 838 1236 τὰ
853 1161 971 1240 ’πάντα
992 1176 1220 1262 ισυνέστηκεν,
1251 1171 1320 1244 ἀλλ’
1345 1172 1399 1243 ότι
1420 1178 1478 1258 καί

248 1265 330 1360 αόκή
351 1266 372 1360 ή
393 1278 508 1351 κτίσις,
531 1273 610 1358 περὶ
631 1257 670 1358 ἧς
692 1265 784 1338 εἶπεν
807 1265 1040 1354 όάπόστολος,
1056 1269 1298 1363 ἀπεκδεχομένη
1312 1275 1372 1363 τήν
1387 1271 1478 1347 ἀπο,

246 1371 392 1458 κάλυψιν
412 1375 479 1438 τῶν
501 1371 680 1438 ὐλῶνποῧ
701 1375 786 1440 θεοῦ
809 1371 1118 1461 ἐλευθερωθήσεταί
1137 1397 1223 1442 ποτε
1237 1371 1308 1442 ἀπὸ
1321 1378 1382 1462 τῆς
1396 1377 1477 1443 δαυ-

247 1473 339 1552 λείας
364 1473 424 1559 τῆς
452 1475 588 1561 φθορᾶς
616 1471 664 1552 είς
690 1470 749 1559 τήν
771 1471 962 1561 ἐλευθερίαν
982 1477 1042 1560 τῆς
1062 1473 1160 1562 δόξης
1179 1477 1247 1542 τῶν
1266 1480 1390 1542 τέκνων
1411 1481 1475 1544 τοῦ

244 1575 369 1655 θεοῦλ).
408 1568 515 1653 οότως
542 1573 578 1640 δλ
606 1569 707 1660 αότής
728 1571 1025 1662 ἐλευθερωθείσης,
1055 1576 1149 1642 ἐσται
1169 1577 1244 1644 λκαλ
1267 1569 1367 1664 αότής
1383 1576 1473 1660 μετὰ

118 1695 124 1706 ·
245 1672 303 1740 καί
323 1672 459 1742 πάντων
480 1676 547 1741 τῶν
568 1679 876 1762 τεκνοποιήθέντων
897 1676 1109 1763 πρωτότοκος
1132 1673 1150 1743 ό
1171 1675 1291 1764 κύριος,
1313 1670 1354 1744 ἐν’
1372 1675 1406 1743 ἐν
1419 1677 1469 1763 τῷ

245 1775 407 1864 λέγεσθαι
426 1776 578 1862 ’πρῶτον
601 1769 700 1842 αὐτὸν
721 1773 764 1842 τό
784 1769 853 1860 μετ’
879 1771 979 1845 αάτὸν
1001 1778 1169 1865 διαμείνῃ,
1192 1773 1301 1863 ῶςπερ
1325 1777 1360 1844 ’ἐκ
1379 1799 1471 1854 τινος

246 1869 345 1966 ἀρχῆς
365 1879 425 1944 τοῦ
446 1875 545 1963 λόγου
566 1880 762 1962 συνημμένα.

154 1993 238 2048 τῶν.
297 2023 299 2028 ·
331 1983 381 2050 64.
421 1973 641 2063 Ἡγοῦμαιδὲ
662 1975 815 2056 καὶτοὺς
836 1970 969 2064 ἀσεβεῖς
990 1972 1111 2059 αότοός
1132 1975 1410 2066 ἐντραπήσασθαι
1438 1975 1474 2045 ἐκ

243 2081 303 2166 τής
329 2076 484 2168 τοιαύτης
512 2077 678 2158 διανοίας·
711 2077 743 2146 εί
768 2077 829 2164 γὰρ
854 2077 900 2165 μή
923 2075 1030 2158 οὕτως
1051 2080 1136 2164 ἐχοι,
1171 2075 1299 2165 ’ῶςπερ
1321 2079 1471 2164 εἴπομεν,

246 2173 316 2246 ἀλλ’
341 2175 388 2259 ῶς
414 2181 455 2266 τῇ
483 2173 582 2268 οόσίᾳ
608 2185 730 2264 κτίσμα
757 2177 791 2246 ἐν
811 2184 987 2262 κτίσμασιν
1008 2178 1225 2264 πρωτότοκον
1247 2174 1348 2247 αάτὸν
1369 2178 1474 2265 θελή-

185 2272 193 2283 ’
244 2301 361 2350 σουσιν
383 2275 469 2348 ελναι
489 2280 601 2368 πόσης
621 2283 680 2367 τής
699 2286 847 2360 κτίσεως,
870 2285 1099 2348 σκοπείτωσαν
1122 2277 1176 2346 ότι
1189 2283 1244 2348 καί
1259 2282 1327 2347 τῶν
1342 2275 1472 2366 ἀλόγων

241 2385 297 2450 καλ
324 2384 391 2450 τῶν
419 2376 557 2470 ἀψύχων
579 2375 700 2449 Ιαότὸν
722 2376 868 2470 ἀδελφὸν
889 2383 943 2448 καί
966 2375 1082 2467 όμοιον
1104 2376 1351 2468 ἀπονοήσουσιν
1373 2375 1469 2448 εἶναι.

155 2498 158 2504 “
241 2483 436 2573 πόσηςγάρ
457 2485 516 2571 τής
537 2486 675 2561 κτίσεως
695 2479 751 2548 καλ
771 2485 878 2550 ταῦτα
897 2487 979 2570 μέρη
1001 2480 1150 2572 τυγχάνει
1171 2479 1274 2549 όντα·.
1293 2477 1415 2569 ἀνάγκη
1432 2481 1469 2550 δέ

240 2583 299 2653 τὸν
327 2583 540 2672 πρωτότοκον
569 2582 661 2670 μόνῳ
688 2583 750 2667 μὲν
771 2585 819 2670 τῷ
838 2581 947 2671 χρόνῳ
969 2585 1103 2672 πρῶτον
1126 2577 1224 2664 εἶναι,
1252 2584 1301 2669 τῷ
1324 2582 1361 2650 δέ
1381 2587 1469 2667 γένει

216 2707 224 2718 ’
240 2683 297 2754 καλ
316 2689 357 2774 τῇ
380 2681 553 2773 ὁμοιότητι
573 2683 631 2752 τὸν
654 2678 754 2752 αὐτὸν
770 2679 957 2770 εἶναιπρὸς
971 2684 1108 2765 πάντας.
1138 2687 1213 2765 πῶς
1228 2673 1286 2752 σάν
1299 2685 1354 2778 καλ
1369 2686 1471 2751 τοῦτο

240 2788 390 2877 λίγοντες
417 2783 456 2853 οό
478 2789 591 2854 πᾶσαν
614 2779 769 2871 ἀσέβειαν
791 2782 1073 2871 όπερβόλλουσιν;
1105 2780 1127 2872 ἢ
1147 2792 1199 2866 τίς
1221 2779 1371 2866 ἀνέξεται
1391 2785 1471 2852 τοό·

239 2911 307 2958 των
328 2891 453 2958 1’ταότα
480 2886 659 2976 λεγόντωνς
692 2879 714 2972 ἢ
741 2889 817 2967 πῶς
843 2884 906 2953 καὶ·
926 2883 1030 2972 μόνον
1060 2882 1179 2968 αὐτοὺς
1200 2887 1468 2972 ἐνθυμουμένους

239 2993 379 3060 τοιαῦτα
399 2983 439 3057 αὖ
460 2989 630 3080 μισήσειεν
654 2985 694 3057 ἀν
715 3011 785 3072 τις,·
818 2991 906 3055 πᾶσι
925 2986 987 3074 γάρ
1010 2987 1082 3056 ἐστι
1104 2989 1213 3075 δῆλον,
1237 2984 1290 3055 ότι
1310 2986 1401 3056 ίοότε
1423 2983 1466 3056 δι’

240 3089 358 3160 ἑαυτὸν
385 3087 432 3172 ῶς
458 3099 581 3177 κτίσμα
610 3084 656 3159 ῶν
685 3087 762 3158 οἵτε
789 3088 847 3157 διὰ
873 3089 912 3156 τὸ
942 3089 1129 3176 συγγένειάν
1156 3115 1233 3157 τινα
1257 3086 1326 3156 κατ’
1351 3083 1470 3157 οόσίαν

238 3191 326 3275 πρὸς
346 3195 461 3258 πᾶσαν
482 3193 669 3279 τήνκτίσιν
692 3192 776 3276 ἐχειν
797 3189 1010 3278 πρωτότοκος
1030 3188 1153 3280 λαάτής
1167 3189 1300 3278 ἐκλήθη,
1324 3184 1393 3257 ἀλλ’
1412 3187 1465 3257 ότι

110 3301 113 3306 “
235 3291 294 3356 καλ
321 3285 390 3356 κατ’
415 3285 516 3379 ἀρχήν
542 3291 603 3377 μέν
631 3293 837 3378 δημιουργῶν
860 3288 879 3356 ό
901 3291 998 3378 λόγος
1018 3290 1061 3357 τὰ
1081 3299 1245 3376 κτίσματα
1267 3297 1467 3379 συγκαταθέ-

237 3396 318 3478 βηκε
337 3399 411 3468 τοῖς
431 3402 589 3478 γενητοῖς,
612 3391 669 3457 λ’να
682 3397 842 3474 γενέσθαι
855 3394 960 3457 ταῦτα
974 3391 1111 3478 δυνηθῇ.
1146 3387 1205 3460 οάκ
1219 3386 1259 3460 ἀν
1274 3392 1336 3480 γὰρ
1357 3391 1462 3480 Ιήνιγ-

237 3515 292 3562 κεν
320 3485 421 3559 αότοῶ
448 3489 507 3578 τήν
536 3489 639 3577 φύσιν
666 3486 808 3576 ἀκρατον
838 3486 895 3554 καὶ
922 3491 1083 3579 πατρικήν
1111 3483 1214 3560 οὖσαν
1236 3493 1462 3583 λαμπρότητα,

237 3591 333 3680 ελμή
357 3591 603 3681 φιλανθρωπίᾳ
624 3593 768 3678 πατρική
792 3589 997 3676 συγκαταβὰς
1018 3585 1215 3679 ἀντελάβετο
1230 3599 1285 3664 καλ
1301 3595 1467 3686 κρατήσας

307 3781 333 3846 1)
349 3778 418 3834 nom.
437 3781 462 3846 ε,
482 3780 521 3833 ιο.
540 3779 582 3830 ιι.

236 3919 438 4038 wemma
458 3919 480 3970 ι.
499 3915 559 3973 noxe
576 3901 625 3967 σίν
647 3908 778 3973 σίνεται.
803 3898 826 3963 δ
874 3915 1052 4049 figam.
1077 3923 1100 3968 ιι
1108 3917 1222 4038 φηηω.
1243 3920 1265 3971 1.
1281 3913 1366 4039 φησι
1382 3912 1469 4039 «οτηη

231 3995 251 4036 ὀ
286 4000 320 4037 ιι.
1036 3999 1082 4034 ων.
1127 3991 1263 4040 cemanni
1300 4025 1305 4039 .
1338 4001 1434 4040 σταικ

270 4070 297 4106 n:
309 4039 347 4109 ελε
363 4054 433 4105 τουτί
450 4071 462 4104 ι
481 4055 586 4104 λελείαν.
605 4053 629 4103 2.
647 4062 671 4104 et
683 4054 708 4104 4.
732 4052 824 4103 Ibidem
876 4041 960 4112 αιλτήτ
974 4047 1046 4120 μετὰ
1063 4049 1094 4104 δὲ
1110 4048 1231 4108 πάντων.

235 4125 335 4187 ειςυετ.
353 4119 412 4170 τῶν
428 4114 459 4170 ίν
476 4113 559 4186 αάτηλ.
593 4121 638 4171 Ani
656 4128 681 4171 εί
698 4119 755 4172 editi
767 4119 825 4168 τῶν
909 4135 930 4170 ι.
955 4122 1059 4172 λελείαν.
1085 4123 1110 4172 6.
1133 4117 1316 4190 πρωτότοκον.
1368 4125 1462 4176 Ibidem

230 4185 266 4244 ’ἐν
282 4181 359 4257 αότή.
875 4187 973 4250 8εςοει.
993 4190 1090 4241 ίλοίνίει.
1103 4191 1206 4241 λἰλείιο.
1226 4191 1248 4239 1.
1267 4197 1290 4240 εί
1307 4191 1331 4239 ί.
1350 4186 1386 4238 τὰ
1401 4183 1461 4258 μετ’

269 4251 820 4320 1).διχαῦοολῖείείισθειίσυνίστησεν.
873 4247 958 4304 αὐτὸν
974 4249 1108 4326 διαμείνη,
1135 4247 1219 4320 ῶιπερ
1237 4247 1266 4304 ἔκ
1282 4269 1358 4308 τινος
1375 4250 1466 4321 ἀρχῆς·

267 4341 290 4376 α.
309 4327 410 4388 Seguer.
428 4331 452 4374 εί
470 4321 609 4372 ἐσεῖταί.
629 4319 685 4370 τῶν
701 4315 777 4382 υλῶν,
795 4331 823 4374 αῖ
867 4321 922 4372 Ὶτοῦ
938 4315 1021 4403 λόγου
1039 4319 1205 4404 συνημμένα.
1233 4322 1338 4372 θελελοι.
1355 4323 1376 4372 ί.
1390 4337 1461 4374 men-

234 4401 259 4445 εῖ
282 4391 354 4442 habet
380 4391 511 4455 scripturn.
555 4389 617 4440 Εδλίί
647 4399 670 4441 εί
699 4390 739 4440 ulii
765 4389 822 4438 τῶν
873 4391 932 4440 δοκε
951 4406 986 4440 κα
1001 4385 1039 4458 μή
1054 4383 1084 4439 ίν
1097 4381 1181 4438 αυτόν
1209 4403 1235 4440 ro
1249 4381 1353 4456 τάμεδ
1365 4381 1459 4442 νῶτόν.

228 4457 343 4511 -τέιικων,
369 4459 460 4508 Ibidem
471 4468 538 4506 ποτε
549 4457 619 4509 abest
636 4458 821 4522 :Saguntinum
872 4457 999 4510 Βεελλὶεαι.
1017 4473 1072 4510 τινα
1095 4452 1130 4506 τὰ
1146 4405 1205 4524 we
1223 4448 1308 4508 αότόν
1325 4449 1412 4526 ῶςτιερ
1429 4451 1460 4508 ἔκ

227 4527 333 4579 (λαλιλεε.
350 4526 455 4578 λἰλελια.
476 4527 498 4577 λ.
516 4531 541 4576 ιλ
558 4525 582 4576 4.
870 4537 947 4581 τινος
969 4519 1056 4593 ἀρχῆς
1078 4517 1162 4584 αὐτοῦ
1184 4525 1234 4576 τοῦ
1257 4521 1340 4595 λόγου
1358 4539 1463 4595 συνημ-
