3226 5280
482 407 1014 454 srarouoesmrenrnmonrsn.
1304 391 1362 454 125

22 539 23 542 Ἴ
133 572 164 624 et
182 560 317 622 dividunt
338 559 466 624 Verbum
488 580 505 622 e
527 559 599 632 Deo,
620 559 652 624 id
674 559 723 620 ille
744 557 892 640 improbat
912 579 979 622 rum
1001 561 1052 632 sit,
1079 559 1264 629 Trinitatem,
1285 573 1447 640 quaem

133 681 187 724 nee
208 661 300 724 dividi
321 679 379 724 nee
399 661 492 724 minui
513 669 631 742 potest,
654 659 686 722 in
707 659 853 724 lluitatem
875 660 1022 723 mutrabi.
1067 661 1154 732 Quod
1174 679 1246 722 rere
1267 661 1360 738 aiunt,

132 765 261 827 nimrim
282 781 351 826 osse
365 761 472 824 Filium
493 761 691 825 asubstnntia
705 761 812 836 Patris,
834 770 938 842 aperte
958 761 1076 839 rapuit
1095 779 1162 821 eum
1184 761 1264 834 dicit,
1284 781 1360 824 eou-

132 864 358 928 substeutialem
380 864 460 926 Petri
482 883 551 926 esse
571 863 688 926 Filium.
732 862 789 924 llio
815 881 889 924 sane
917 879 1110 940 summopere
1139 861 1272 922 minnela
1302 865 1362 924 im-

131 965 251 1046 piorum
274 966 427 1030 hominum
450 965 648 1045 impudentia,
671 963 815 1044 lliouysio
836 981 980 1042 nemque,
1009 979 1099 1041 quern
1120 960 1273 1024 doetrinae
1292 981 1365 1028 enee

131 1070 214 1148 paria
243 1067 379 1130 sensisse
405 1067 566 1138 affirmet,
599 1065 716 1129 dieeute
743 1063 1026 1126 oeusnbstsutlalem
1055 1081 1124 1126 ease
1151 1063 1273 1137 Filium,
1306 1064 1364 1144 ipsi

132 1181 232 1232 nmen
254 1167 332 1228 band
354 1187 443 1230 seeum
463 1185 552 1247 quam
574 1167 685 1229 euliees
705 1167 933 1246 eirutmqnaqoe
954 1174 1128 1236 susurrant,
1157 1165 1243 1244 qussi
1264 1165 1364 1246 Syno-

132 1271 191 1332 dus
213 1267 482 1332 Consubstantialis
503 1285 608 1330 roeem
629 1267 708 1329 band
729 1276 810 1328 rente
832 1266 943 1346 scripto
965 1266 1121 1330 mandarit.
1153 1265 1186 1328 Si
1208 1267 1288 1330 enim
1304 1265 1364 1330 sibi

132 1373 260 1435 amium
282 1371 454 1450 Dionysium
476 1370 659 1440 existimant,
688 1387 727 1430 ue
755 1368 920 1430 doetrinam
949 1377 1057 1448 negent
1086 1367 1142 1430 riri
1164 1386 1267 1431 sentem
1289 1388 1364 1432 seu·

133 1473 248 1537 tieutis.
293 1471 380 1546 Quod
402 1471 428 1531 si
451 1478 557 1550 putant
577 1469 607 1532 id
630 1487 690 1530 non
712 1479 792 1532 reete
813 1468 1050 1546 dietnmluiese,
1073 1488 1162 1549 quere
1177 1469 1362 1550 Dionysium,

132 1574 183 1654 qni
205 1574 235 1635 id
257 1573 356 1653 ipsum
379 1572 435 1640 ait,
463 1569 549 1652 qnasi
571 1589 674 1632 seeum
696 1571 873 1634 sentientem
901 1569 1056 1633 iactitant?
1088 1589 1156 1633 eum
1183 1573 1360 1650 passerem

133 1677 161 1738 is
181 1693 244 1738 uon
267 1673 365 1736 obiter
386 1671 444 1734 boc
464 1673 557 1746 diest,
585 1671 638 1734 sed
664 1670 731 1733 aliie
758 1681 841 1734 entes
870 1672 972 1734 missis
999 1671 1134 1752 epistolis
1155 1691 1224 1746 eos,
1253 1675 1304 1753 qui
1326 1693 1363 1738 se

130 1775 360 1848 insimulabant,
393 1773 476 1852 quasi
504 1773 615 1835 dioeret
642 1773 748 1834 Filium
774 1791 837 1835 non
866 1793 935 1836 esse
962 1773 1043 1836 Patri
1068 1773 1360 1850 eensubslantialem,

129 1876 280 1970 mendacii
302 1883 459 1952 coarguat,
491 1873 558 1934 illes
585 1892 671 1942 vero,
705 1863 766 1953 qrri
783 1874 925 1954 putabant
950 1893 983 1936 se
1005 1874 1119 1936 dixisse
1141 1873 1271 1936 Verbum
1294 1895 1362 1938 esse

12 2017 13 2032 ,
131 1981 261 2047 leolum,
290 1974 419 2042 refellat,
449 1991 561 2053 negem
583 1994 619 2036 se
639 1975 790 2056 proutilli
812 1977 982 2038 existiment
1002 1977 1128 2048 sentire,
1157 1977 1211 2038 sed
1240 1978 1360 2040 tametsi

11 2109 12 2142 l
130 2095 223 2142 rores
247 2075 311 2138 illas
332 2074 470 2156 protulit,
499 2095 536 2138 eo
557 2077 655 2140 solum
676 2077 747 2140 illud
769 2097 803 2140 se
825 2077 938 2142 dixisse
964 2084 1105 2150 testam,
1133 2087 1168 2138 ut
1187 2079 1363 2142 ostenderet

11 2189 12 2192 ’
131 2197 194 2245 non
216 2179 333 2242 Patrem
356 2177 409 2240 sed
430 2177 536 2240 Filium
558 2197 637 2253 esse,
660 2181 711 2259 qui
732 2179 896 2253 condimen,
917 2187 1046 2240 murm
1069 2188 1099 2242 et
1119 2179 1228 2242 iamim
1248 2199 1360 2262 eorpus

133 2281 237 2354 induit,
260 2282 398 2362 quocirca
419 2279 509 2344 Filius
531 2281 680 2354 eonditus,
701 2283 797 2343 lectus
819 2289 851 2342 et
872 2289 987 2342 creatus
1009 2280 1104 2342 luisse
1125 2279 1243 2343 dieitur.

217 2588 270 2652 20.
314 2585 401 2646 Certe
428 2603 497 2646 eum
524 2584 572 2645 ille
600 2581 690 2645 verba
717 2584 799 2663 prins
828 2585 998 2666 smipsertt,
1032 2585 1149 2648 Arianis
1171 2585 1290 2666 quidem
1312 2589 1446 2648 la-nntt·

135 2701 257 2746 eessere
278 2685 388 2754 iussis,
420 2682 598 2744 benevolum
620 2684 748 2746 animum
770 2685 806 2746 ab
827 2685 865 2748 iis
886 2687 1035 2767 postulat,
1063 2687 1100 2748 ad
1122 2705 1249 2766 qnorum
1269 2703 1362 2747 eures

136 2785 212 2842 haee
231 2783 436 2861 pervenerint,
464 2790 498 2843 nt
524 2783 726 2846 animaduersa
752 2785 857 2847 barum
879 2787 1088 2865 quaestionum
1110 2786 1281 2847 difficultate
1303 2787 1363 2847 imo

136 2881 240 2962 polion
268 2881 620 2960 incomprehensibilitate
640 2903 702 2944 nou
722 2886 827 2958 verba,
861 2886 914 2947 sed
936 2887 1098 2966 Smiptoris
1125 2885 1256 2946 animum
1285 2885 1365 2946 ludi-

136 2989 250 3054 earent,
273 2999 341 3043 eum
362 2981 551 3062 potissimum
573 2983 627 3044 alia
649 2985 841 3062 eomplurime
862 3005 960 3048 reram
982 2987 1048 3046 eius
1070 2993 1202 3046 mentem
1222 2987 1364 3064 aperiant.

136 3085 185 3146 llit
207 3084 299 3162 igitur
317 3082 400 3162 ipse:
434 3083 608 3158 „Eiusmodi
638 3084 771 3164 exemplu
799 3095 832 3146 ut
858 3087 958 3148 minus
988 3085 1070 3147 utilia
1102 3085 1212 3144 emim
1244 3087 1363 3164 promti,

136 3185 306 3257 „nimirum
329 3185 365 3246 de
386 3183 486 3264 planta
510 3192 541 3245 et
561 3183 706 3264 agricola3
733 3195 855 3246 umorue
881 3184 1148 3248 aeeemmodatioru
1175 3186 1269 3248 insius
1290 3205 1361 3268 per-

136 3284 296 3358 „iraenei
319 3303 354 3346 ae
375 3287 491 3348 veriora
514 3285 648 3366 plinibus
671 3288 829 3364 exposui.“
861 3287 923 3348 lam
938 3287 987 3366 qni
1004 3286 1076 3347 baee
1096 3285 1233 3365 loquitur,
1255 3299 1359 3352 uteo-

136 3387 187 3457 dlt,
210 3387 310 3448 verius
332 3387 389 3448 «liei
411 3387 516 3448 l'ilinm
539 3395 693 3448 aeterntnn
713 3395 744 3450 et
765 3407 800 3450 ex
821 3387 909 3448 Patre
932 3407 1011 3460 esse,
1039 3405 1125 3467 qnam
1145 3405 1213 3449 esse
1235 3390 1360 3466 laetum

137 3503 203 3548 nam
224 3487 284 3548 boe
305 3486 424 3566 quidem
448 3487 601 3560 venabulo,
624 3487 704 3566 quod
726 3505 902 3568 corporeum
925 3489 1020 3550 estin
1042 3489 1180 3561 llomino,
1203 3491 1360 3566 indicatur,

139 3585 192 3647 illis
214 3605 286 3648 vero
316 3588 476 3650 selemites
510 3587 669 3650 divinitatis
692 3589 767 3652 eius.
809 3589 870 3650 Eos
893 3590 995 3670 igilur,
1029 3589 1079 3670 qui
1108 3609 1143 3652 se
1170 3593 1358 3667 armabant,

138 3695 169 3746 nt
190 3687 240 3766 qni
262 3699 384 3768 negaret
404 3687 509 3750 Filium
536 3709 604 3750 esse
625 3690 705 3751 Patri
733 3690 1028 3764 consubstantialem,
1061 3691 1109 3752 bis
1137 3693 1360 3770 argumentis:
1396 3675 1401 3682 ⁶

139 3803 171 3846 se
192 3789 359 3850 confutatos
382 3788 520 3862 declaret,
542 3790 619 3852 haud
642 3791 696 3853 leri
718 3793 818 3864 modo,
841 3792 894 3852 sed
910 3790 1130 3870 sapientissime
1152 3801 1182 3850 et
1202 3809 1269 3852 eram
1291 3811 1360 3854 rere

140 3886 409 3960 demonstratione,
439 3889 508 3950 dnm
530 3889 602 3951 haee
624 3891 679 3952 ait:
710 3891 794 3962 „Etsi
820 3893 898 3952 bane
924 3909 1027 3950 rocem
1055 3888 1269 3969 institutoris
1297 3910 1360 3953 non

139 3986 279 4059 ,‚iuvoni,
313 3997 441 4050 attamen
474 3988 635 4049 earundem
658 3990 876 4069 Scripturarum
914 3997 1043 4050 mentem
1070 3989 1212 4070 colligens
1241 3993 1360 4072 amanei,

139 4131 157 4158 „
165 4085 274 4166 ipsum,
297 4107 365 4150 enm
386 4081 479 4149 Filius
502 4095 531 4150 et
546 4087 673 4151 Verbum
694 4089 745 4164 sil,
766 4107 827 4150 uon
847 4107 943 4170 posse
964 4089 1091 4154 aPatris
1112 4091 1276 4154 substantia
1292 4109 1361 4154 esse

139 4187 325 4258 „alienum.“
370 4189 458 4262 Quod
480 4198 578 4250 annm
599 4187 704 4252 Filium
733 4207 795 4252 nou
822 4192 951 4254 senserit
978 4211 1045 4254 esse
1066 4211 1130 4254 rem
1162 4201 1289 4256 creatam
1311 4199 1361 4255 unt

137 4405 201 4456 dore.
240 4407 337 4457 Teurlu.
349 4409 404 4457 item
415 4410 477 4458 lutra
496 4399 511 4455 d
529 4402 561 4458 τὸ
578 4403 718 4474 γεννητόν.
806 4427 830 4476 3.
854 4411 923 4462 Cnlb.
947 4410 998 4460 τοῦ
1022 4405 1185 4478 φράζοντος.
1224 4411 1276 4462 Uos
1295 4410 1359 4462 idem

168 4475 187 4524 l.
211 4475 311 4525 'l'eurln
336 4476 403 4526 colb.
427 4477 473 4526 les.
497 4469 614 4542 ἐλήφθη.
666 4479 720 4528 llos
772 4493 827 4529 eum
845 4479 942 4529 laurio.
961 4489 986 4528 et
1003 4480 1050 4528 les.
1066 4471 1188 4543 μάλιστα
1203 4469 1281 4528 ὅταν.

135 4539 191 4602 lter.
211 4541 309 4592 leuno.
329 4543 373 4593 len
391 4536 500 4610 ματρός
518 4545 575 4595 erlltl
594 4559 650 4595 rere
666 4559 719 4610 μα·
805 4547 829 4594 b
847 4545 917 4596 colb.
935 4541 1161 4612 προφυεστέρικ.
1196 4543 1248 4595 lox
1260 4545 1359 4595 Teuris-

133 4602 211 4675 ιράν.
771 4613 841 4664 cato.
859 4613 906 4662 n..
923 4608 1019 4660 nnus
1035 4605 1160 4670 tentem.
