3176 5304
438 311 583 356 rrrsroua
596 310 635 354 ne
650 309 794 354 nscnsrrs
808 309 952 353 arcissae
969 309 1088 354 emona.
1335 297 1377 364 33

139 463 345 543 intelligentes
373 461 597 543 respondeatis,
619 460 725 524 Filium
752 460 820 522 licet
848 467 978 524 creatum
1006 463 1141 542 potuisse
1170 483 1187 526 a
1215 466 1463 530 non-omues

142 567 225 640 [ἰωὴ
248 582 374 626 necesse
397 573 444 626 est
465 563 553 625 etiam
575 561 752 638 concedatis,
775 561 846 624 alias
867 581 919 624 res
943 581 1060 638 omnes,
1082 583 1157 643 quae
1178 567 1272 630 sectae
1294 579 1375 644 sunt,

142 667 286 749 potuisse
309 685 323 728 a
345 666 503 726 non-iacto
525 664 688 744 procreari:
712 665 821 744 quippe
843 683 909 725 cum
933 665 999 743 ipse
1022 665 1114 726 Filius
1137 671 1298 732 secundum
1319 691 1375 734 vos

142 771 186 830 sit
208 787 329 848 quoque
350 785 401 828 res
425 774 537 840 creata,
566 776 597 827 ut
624 773 654 826 ct
675 785 725 826 res
749 784 855 827 omnes
878 773 1004 826 ceterae.
1049 766 1206 830 Praeterea
1228 789 1264 830 ex
1284 772 1374 851 impio

143 881 178 932 et
208 869 301 931 stulto
336 867 507 930 huiusmodi
534 877 634 929 vestro
662 873 831 928 commento
862 865 1012 945 sequitur,
1042 867 1178 928 inutilem
1201 887 1270 930 esse
1289 871 1377 933 Verbi

146 971 387 1051 generationem,
417 988 483 1031 cum
511 977 541 1030 et
561 967 642 1030 Deus
672 967 772 1029 omnia
800 986 855 1048 per
882 968 1014 1048 scipsum
1035 969 1169 1048 potuerit
1190 969 1320 1043 efficere,
1349 981 1378 1033 et

146 1093 197 1134 res
227 1090 332 1134 omnes
361 1072 453 1133 iactae
481 1070 618 1132 invictam
639 1068 693 1132 Dei
721 1087 841 1132 manum
869 1072 946 1132 serre
973 1070 1136 1149 potuerint.
1179 1071 1284 1150 Itaque
1312 1089 1378 1134 cum

148 1175 248 1252 inepta
271 1193 306 1236 ac
326 1173 417 1235 iutibs
440 1173 480 1234 sit
500 1173 573 1234 baec
596 1172 713 1234 illorum
734 1172 827 1245 ratio,
851 1171 1051 1251 expendemus
1075 1191 1111 1232 an
1133 1190 1195 1232 non
1218 1171 1298 1234 aliud
1320 1173 1378 1234 im·

148 1276 268 1356 piorum
297 1275 451 1354 sophisma
480 1276 567 1336 etiam
596 1273 690 1352 magis
712 1291 798 1352 quam
822 1283 937 1334 ceterae
959 1274 1094 1353 ipsorum
1115 1273 1247 1352 argutiae
1269 1275 1378 1337 absur-

150 1378 221 1440 dum
242 1375 398 1438 videbitur.
443 1377 535 1438 Adam
565 1375 648 1436 solus
677 1393 693 1435 a
716 1373 781 1435 solo
803 1375 865 1435 Deo
888 1395 943 1455 per
964 1373 1094 1435 Verbum
1116 1376 1210 1437 iactus
1232 1385 1294 1439 est:
1324 1395 1378 1438 ve·

151 1499 217 1540 rum
245 1497 334 1540 nemo
357 1478 466 1539 idcirco
490 1477 610 1550 dixerit,
632 1476 776 1538 Adamum
799 1475 908 1555 aliquid
930 1475 1055 1556 amplius
1080 1477 1185 1538 ceteris
1206 1477 1378 1540 bominibus

151 1579 276 1650 babere,
306 1579 351 1640 vel
379 1598 395 1639 a
423 1579 554 1659 posteris
583 1578 719 1652 differre,
752 1579 831 1656 qood
854 1579 918 1657 ipse
940 1579 1057 1658 quidem
1082 1579 1165 1642 solus
1189 1599 1205 1640 a
1226 1580 1293 1641 scio
1316 1581 1378 1642 beo

152 1679 251 1742 factus'
267 1690 297 1741 et
318 1679 464 1741 formatus
488 1681 543 1754 sit,
572 1698 628 1739 nos
657 1672 754 1740 autem
777 1697 883 1742 omncs
905 1699 941 1740 ex
962 1679 1075 1742 suano
1096 1689 1240 1760 perpetua
1262 1683 1379 1758 generis

152 1782 374 1843 continuatione
402 1798 560 1841 nascamur
589 1789 619 1842 et
646 1798 853 1858 procreemur:
883 1782 1022 1860 quamdiu
1045 1781 1158 1842 scilicet
1179 1789 1291 1840 certum
1314 1783 1379 1854 erit,

153 1883 249 1962 ipsum
273 1883 360 1943 etiam
383 1899 418 1942 ex
441 1889 519 1942 terra
541 1881 699 1942 formatum
722 1899 806 1956 esse,
836 1882 936 1960 etqui
960 1889 1045 1942 antee
1066 1901 1128 1944 non
1150 1889 1248 1956 esset,
1276 1889 1382 1962 postca

152 1985 255 2046 fuisse.

235 2189 266 2251 9.
311 2185 399 2260 Quod
422 2186 448 2246 si
470 2185 566 2265 pn‘mo
587 2187 704 2266 parenti
726 2183 836 2266 aliquid
859 2185 967 2246 ceteris
990 2184 1117 2265 amplius
1138 2184 1268 2247 tribucre
1282 2187 1379 2261 bbeat,

150 2289 201 2368 qui
224 2307 332 2369 nempe
354 2289 394 2350 ita
416 2288 483 2350 felix
504 2288 568 2362 rou,
590 2297 624 2350 ut
638 2288 692 2350 uei
714 2307 804 2350 manu
820 2288 1018 2361 formaretur:
1042 2305 1144 2348 verum
1159 2287 1239 2348 istud
1254 2292 1378 2372 amplius

150 2391 182 2454 in
211 2391 325 2452 honore
355 2410 415 2451 non
444 2391 475 2451 in
502 2399 606 2452 natura
635 2391 802 2452 consistere
831 2389 1056 2470 intelligendum
1084 2397 1140 2450 est.
1184 2389 1315 2471 Namque
1344 2411 1379 2454 er

151 2502 232 2554 terra
254 2493 346 2554 iaetus
370 2500 426 2564 est,
449 2493 484 2552 ut
503 2491 552 2552 alii
574 2511 693 2565 omues,
718 2501 891 2564 ecmonus,
914 2511 990 2572 quae
1012 2499 1083 2552 tuuc
1103 2491 1246 2554 Adamum
1268 2495 1380 2554 forma-

150 2594 213 2662 vit,
241 2594 306 2668 ipsa
328 2599 358 2650 et
378 2609 459 2650 nunc
481 2601 510 2648 et
531 2609 649 2669 semper
670 2609 775 2654 omnes
797 2593 862 2654 eius
884 2601 1026 2672 posteros
1049 2594 1156 2654 format
1170 2612 1204 2653 ac
1218 2592 1382 2671 componit.

157 2692 194 2750 id
218 2690 283 2764 ipse
303 2688 382 2748 Deus
404 2687 441 2745 ed
462 2687 625 2762 Ieremiam,
648 2697 680 2750 ut
700 2693 782 2770 prius
805 2695 917 2766 monui,
941 2693 1030 2754 dixit:
1054 2693 1238 2772 Priusquam
1262 2701 1290 2751 te
1312 2693 1383 2768 sor·
1414 2757 1418 2762 ,

162 2803 279 2848 morem
300 2790 333 2844 iu
353 2794 457 2854 utero,
486 2792 557 2847 uooi
581 2799 619 2849 tc.
661 2789 703 2850 De
730 2793 869 2852 omnibus
893 2801 990 2853 autem
1013 2793 1078 2854 aliis
1102 2793 1157 2852 ait:
1188 2791 1298 2850 Morsus
1321 2807 1386 2849 urso

155 2890 237 2970 serit
266 2886 336 2948 baec
365 2890 474 2948 omniu.
517 2885 554 2947 Et
580 2905 686 2962 rursus
708 2908 761 2966 per
781 2889 913 2952 Esaiam:
941 2891 1022 2954 Hocc
1051 2895 1121 2954 dicit
1144 2891 1308 2960 Dominus,
1337 2893 1390 2970 qui

155 2991 282 3052 redimit
303 3000 333 3050 tc
354 2998 385 3048 et
404 2985 522 3064 formet
543 2998 572 3050 tc
593 2991 626 3049 iu
648 2999 746 3049 utero.
791 2989 852 3069 Epo
867 2991 1025 3060 Dominus,
1049 2995 1101 3070 qui
1123 2993 1224 3049 omniu
1242 2989 1387 3069 perficio:

156 3091 282 3152 entmdr‘
301 3089 419 3150 coelum
441 3089 527 3151 aolus
550 3101 579 3151 ct
601 3089 737 3152 stobib'm'
757 3104 883 3153 terrem.
915 3091 1006 3152 David
1029 3107 1157 3169 quoque,
1182 3090 1227 3150 cui
1248 3091 1304 3152 ista
1325 3109 1467 3162 nonnam,

154 3191 292 3262 latebant,
315 3189 454 3252 canebat:
478 3191 588 3254 Morcus
612 3203 683 3254 tuoe
702 3193 846 3272 feceruut
867 3209 913 3253 mc
934 3203 963 3252 ct
982 3192 1198 3270 formaverunt
1211 3211 1262 3254 mc
1295 3192 1332 3253 Et
1346 3192 1384 3268 is,

158 3295 240 3355 cuius
263 3294 337 3354 baec
358 3293 435 3372 apud
457 3292 574 3354 Esaiam
597 3293 737 3372 teguntur
758 3293 864 3354 verba:
893 3293 943 3354 Sic
965 3295 1036 3356 dicit
1056 3292 1217 3366 Dominus,
1240 3299 1294 3376 qui
1310 3295 1383 3374 sor-

158 3401 250 3455 mcoit
272 3413 316 3455 me
341 3413 378 3455 en
399 3405 488 3456 utero
511 3415 632 3457 seruum
655 3396 728 3468 sibi,
758 3397 836 3457 idem
867 3397 955 3457 etiam
983 3393 1137 3474 significat.
1181 3393 1281 3474 ltaque
1310 3395 1383 3457 nihil

160 3495 282 3556 anobis
305 3504 410 3554 natura
433 3495 574 3570 differret,
597 3495 665 3558 iicet
686 3515 741 3559 nos
763 3507 898 3577 tempore
921 3497 1123 3569 antecesserit,
1147 3497 1287 3574 quamdiu
1309 3515 1382 3557 con-

161 3595 257 3668 stabit,
278 3615 335 3656 nos
358 3615 462 3657 omnes
485 3597 587 3658 cadem
610 3617 698 3658 manu
723 3599 861 3660 constitui
885 3607 914 3660 et
936 3600 1068 3660 formari.
1113 3599 1145 3658 Si
1163 3598 1263 3678 igitur,
1287 3597 1383 3657 obri-
1474 3603 1478 3611 “

162 3698 216 3770 aui,
239 3706 336 3758 restra
357 3697 430 3759 baec
451 3708 497 3760 est
519 3700 555 3760 de
570 3699 643 3760 Filio
660 3699 713 3760 Dei
736 3701 893 3774 sententia,
915 3701 997 3761 illum
1019 3717 1127 3777 nempe
1150 3697 1193 3759 sic
1208 3697 1297 3758 etiam
1311 3715 1385 3776 pro-

161 3797 279 3860 ductum
302 3807 332 3859 et
351 3801 458 3860 iactum
480 3801 586 3862 tuisse:
610 3801 683 3862 nibil
706 3801 868 3863 secundum
890 3819 943 3862 vos
966 3801 1043 3860 inter
1066 3817 1134 3859 eum
1157 3807 1186 3858 et
1200 3799 1283 3872 alios,
1307 3797 1386 3876 quod

162 3900 198 3962 ad
227 3907 361 3962 naturam
389 3900 535 3978 pertinet,
564 3902 717 3974 intererit,
739 3903 809 3962 dum
832 3901 945 3962 scilicet
967 3898 1152 3960 contendetis
1175 3899 1288 3980 ipsum,
1320 3915 1386 3959 cum

164 4008 249 4062 antea
268 4021 330 4062 non
353 4009 444 4077 esset,
466 4009 572 4080 postea
595 4001 699 4074 fuisse,
722 4010 809 4078 atque
831 4019 893 4060 non
915 4000 974 4061 nisi
997 3999 1035 4061 ob
1057 3999 1195 4061 virtutem
1217 3999 1306 4060 huius
1328 4017 1387 4060 no-

163 4102 253 4162 minis
286 4102 407 4181 gratiam
440 4102 472 4162 in
507 4101 552 4163 sui
586 4102 794 4182 procreatione
828 4101 1001 4165 obtinuisse.
1048 4101 1080 4163 si
1102 4101 1219 4182 quidem
1242 4099 1290 4161 ille
1311 4119 1388 4160 unus

164 4221 283 4282 quoque
306 4223 340 4264 cx
361 4203 409 4264 bis
433 4212 489 4278 est,
512 4203 548 4266 de
572 4205 696 4285 quibus,
718 4213 751 4268 ut
773 4203 891 4284 quidem
912 4205 1040 4286 putatis,
1063 4203 1191 4283 Spiritus
1214 4209 1334 4262 sanctus
1357 4199 1388 4260 in

199 4405 221 4439 a.
240 4390 296 4458 big.
322 4397 343 4438 et
368 4389 440 4440 Busii.
467 4381 607 4454 ἆγενῆτου.
645 4391 709 4441 Editi
728 4399 752 4440 et
803 4391 865 4441 Editi
877 4392 948 4441 etalii
961 4381 1113 4454 ἂγεννήτου
1126 4397 1148 4438 et
1159 4379 1390 4454 αὖτουργηθῆναι.

164 4457 270 4508 iolcum.
289 4457 313 4504 t.
333 4448 488 4521 ἆγεννῆτου.
839 4475 858 4507 c.
877 4454 924 4506 rui
940 4459 1009 4508 abest
1027 4473 1040 4505 a
1060 4458 1141 4520 Regio.

199 4525 222 4574 b.
248 4525 305 4586 Rea.
330 4515 462 4590 ἂγενήτσυ
486 4534 509 4576 et
533 4520 751 4593 ὑπουργηθῆναι.
840 4527 862 4574 d.
881 4527 937 4588 Reg.
957 4521 1071 4588 λέγεται.

200 4611 327 4656 truantur
338 4621 388 4656 ors.
398 4623 468 4656 coes.
483 4624 530 4656 sut.
1173 4607 1188 4656 3
