3258 5276
226 381 290 448 288
628 400 655 442 e.
670 399 1062 445 ιτειιιιεαιεειαευιεεοει

112 547 281 620 ,ammai
304 539 355 612 ἐπ’
380 538 481 611 αότού
509 548 569 612 τοῦ
596 545 695 632 λόγου
725 542 800 613 ἀντὶ
827 549 886 612 τού
915 547 963 632 τῷ
990 547 1183 633 γεννήσαντι
1203 549 1251 633 τῷ
1273 547 1457 636 ποιήσαντι

111 707 115 715 .
225 639 462 730 ’ὀνομάζουσιν
485 645 517 712 οἱ
540 641 647 732 ἀγιοι,
671 642 717 726 ὡς
739 641 926 736 ἀδιαφόρου
948 650 1008 712 τοῦ
1029 646 1176 734 ῥήματος
1198 646 1293 727 όντος
1316 648 1457 720 ἐπὶτῶν

223 745 399 826 τοιούτων,
430 747 492 824 ἕως
512 745 552 811 τὸ
573 745 657 812 κατὰ
679 746 780 836 φύσιν
802 743 1022 834 ὁμολογεῖται.
1068 743 1106 815 ού
1129 748 1190 836 γὰρ
1213 749 1249 814 αλ
1271 751 1377 831 λέξεις
1396 753 1457 840 τήν

224 846 326 936 φύσιν
347 850 606 935 παραιροῦνται,
640 843 726 914 ἀλλὰ
746 850 873 932 μάλλον
894 847 914 938 ή
938 849 1039 938 φύσις
1060 849 1120 929 τὰς
1141 851 1245 930 λέξεις
1266 850 1315 930 είς
1337 851 1456 942 ἑαυτήν

224 949 364 1016 έλκοοσα
384 948 599 1034 μεταβάλλει·
621 950 676 1016 καὶ
697 947 759 1036 γάρ
782 946 821 1016 ού
843 949 1006 1038 πρότεραι
1025 955 1092 1018 τῶν
1114 946 1237 1018 ούσιῶν
1259 953 1317 1019 eal
1338 955 1451 1035 λέξεις,

224 1043 299 1116 ἀλλ’
329 1049 365 1116 αί
394 1044 507 1116 ούσίαι
532 1052 666 1137 πρῶται
692 1049 749 1117 καὶ
778 1051 927 1138 δεύτεραι
953 1051 1079 1120 τούτων
1106 1053 1143 1119 αἱ
1164 1053 1276 1132 λέξεις.
1322 1053 1454 1122 διὸκαὶ

224 1146 303 1219 όταν
324 1147 345 1240 ή
368 1145 466 1217 ούσία
487 1157 634 1238 “ποίημα
654 1145 677 1238 ἢ
697 1157 819 1237 κτίσμα
839 1143 870 1240 ᾗ,
893 1152 969 1221 τότε
989 1153 1029 1220 τὸ
1045 1152 1183 1240 ἐποίησε
1196 1156 1251 1220 καί
1265 1153 1304 1220 τό
1324 1154 1453 1240 ἐγένετο

221 1255 277 1320 καλ
298 1250 337 1318 τὸ
360 1251 467 1319 έκτισε
486 1247 606 1338 κυρίως
628 1249 680 1319 ἐπ’
703 1247 812 1321 αύτιύν
834 1255 963 1341 λέγεταί
982 1279 1020 1322 τε
1039 1253 1097 1321 καὶ
1119 1262 1271 1344 σημαίνει
1289 1255 1329 1323 τὸ
1349 1263 1454 1346 ποίη-

221 1375 286 1439 μα·
310 1349 389 1420 ὅταν
412 1353 448 1420 δὲ
469 1348 489 1438 ή
513 1346 610 1420 ούσία
630 1357 773 1442 γέννημα
794 1343 815 1443 ᾖ
836 1355 894 1423 καὶ
914 1355 995 1437 υἱός,
1018 1355 1095 1424 τότε
1115 1355 1156 1423 τό
1178 1357 1315 1444 έποίησε
1333 1361 1387 1424 καὶ
1411 1357 1452 1426 τὸ

223 1455 349 1542 ἐγένετο
371 1455 445 1521 ικαὶ
466 1453 505 1520 τὸ
528 1453 653 1523 έκτισεν
675 1450 734 1522 ούκ
753 1456 803 1523 ἔτι
817 1464 938 1543 κυρίως
952 1452 1004 1525 ἐπ’
1022 1451 1124 1525 αότού
1138 1467 1246 1526 κεῖται
1260 1452 1335 1526 ούδέ
1349 1466 1452 1547 ποίη-

221 1579 270 1642 μα
291 1553 453 1642 σημαίνει,
479 1549 549 1623 ἀλλ’
573 1550 649 1624 ἀντὶ
668 1559 729 1623 τού
751 1557 901 1645 ἐγέννησε
920 1562 969 1646 τῷ
991 1557 1148 1648 ἐποίησεν
1170 1556 1363 1648 ἀδιαφόρως
1382 1569 1451 1640 ’τις

221 1663 374 1744 κέχρηται
401 1657 532 1746 ῥήματι.
576 1657 738 1738 πολλάκις
765 1663 844 1746 γοῦν
871 1663 1014 1746 πατέρες
1039 1660 1118 1740 τοὺς
1140 1661 1177 1742 ἐξ
1196 1657 1305 1728 αύτιύν
1328 1660 1451 1749 φύντας

220 1758 313 1838 υἱούς
335 1758 473 1838 δούλους
494 1759 620 1826 ἑαυτῶν
643 1753 857 1843 όνομάζουσι,
885 1763 940 1828 καὶ
963 1755 1022 1828 ούκ
1050 1757 1229 1851 ἀρνούνται
1255 1761 1296 1829 τό
1318 1762 1451 1849 γνήσιον

219 1863 278 1950 τῆς
301 1859 448 1948 φύσεως·
481 1862 534 1926 καὶ
564 1859 726 1939 πολλάκις
747 1861 825 1940 τούς
847 1861 952 1942 ἰδίους
980 1863 1119 1944 δούλους
1147 1863 1453 1954 φιλοφρονούμενοι

219 1967 316 2030 τέκνα
336 1963 483 2042 καλοῦσι,
506 1958 563 2028 καὶ
585 1955 623 2028 ού
644 1961 829 2050 κρύπτουσι
849 1963 925 2052 ’τήν
948 1963 984 2043 ἐξ
1004 1959 1104 2055 ἀρχῆς
1127 1960 1236 2034 αὐτῶν
1257 1968 1390 2051 κτῆσιν·
1411 1965 1451 2031 τό

218 2063 355 2150 μὲνγὰρ
371 2059 422 2131 ἐπ’
448 2062 599 2143 ἐξουσίας
614 2061 660 2142 ὥς
677 2067 819 2151 πατέρες
833 2065 974 2149 λέγουσι,
998 2065 1038 2130 τὸ
1053 2066 1090 2132 δέ
1105 2065 1361 2154 φιλανθρώπως
1377 2061 1453 2134 όνο-

218 2163 369 2249 μάζουσι.
414 2163 527 2252 Σάρῤα
548 2167 626 2251 γοῦν
647 2163 705 2231 τὸν
723 2158 876 2250 Ἀβραάμ
897 2163 1009 2249 κύριον
1033 2165 1150 2246 ἐκάλει,
1173 2172 1231 2233 καί
1243 2190 1299 2235 τοι
1311 2167 1357 2256 μὴ
1373 2166 1451 2234 δού-

219 2265 259 2352 λη
282 2259 367 2331 ἀλλὰ
388 2263 524 2350 σύζυγος
546 2255 639 2346 οὖσα,
662 2267 717 2333 καὶ
740 2261 758 2332 δ
779 2265 839 2349 μέν
861 2258 1053 2344 ἀπόστολος
1077 2267 1244 2353 Φιλήμονι
1258 2271 1306 2354 τῷ
1328 2291 1451 2356 κτησα-

218 2371 307 2452 μένῳ
329 2368 493 2452 συνῆπτεν
515 2362 560 2446 aig
582 2362 728 2455 ἀδελφὸν
746 2361 921 2452 Ὠνήσιμον
942 2364 1000 2431 τὸν
1023 2365 1150 2445 δούλαν,
1174 2363 1194 2453 ἦ
1217 2367 1254 2435 δὲ
1275 2371 1450 2455 Βηρσαβεέ

184 2541 190 2550 ,
218 2474 275 2534 καί
295 2491 350 2534 τοι
369 2467 476 2556 μήτηρ
506 2458 590 2536 ούσα
610 2467 668 2535 τὸν
690 2466 762 2535 υἱὸν
785 2466 895 2536 ἐκάλει
916 2467 1049 2548 δούλου,
1081 2469 1221 2554 λέγουσα
1247 2472 1296 2554 τῷ
1324 2475 1449 2553 πατρί·

217 2571 276 2637 τὸν
299 2569 418 2637 δοόλόν
440 2594 500 2637 σου
522 2571 734 2653 ῑΣολομῶνα,
759 2561 832 2635 εἶτα
851 2571 907 2636 καὶ
922 2568 1047 2636 Νάθαν
1063 2564 1082 2634 ό
1096 2567 1270 2656 προφήτης
1287 2567 1448 2646 εέςελθὼν

216 2670 260 2738 τά
281 2665 367 2739 αύτόι
388 2671 493 2759 ἐκείνῃ
516 2671 604 2757 ἔλεγε
625 2671 673 2757 τῷ
695 2669 823 2755 Δαβίό,
847 2665 902 2736 ὅτι
922 2672 1105 2755 Σολομῶνα
1125 2670 1183 2737 τὸν
1205 2667 1323 2737 δοῦλόν
1345 2671 1447 2750 σου“),

216 2775 272 2840 καὶ
295 2768 353 2841 ούκ
373 2773 506 2857 ὶέμελεν
528 2767 643 2850 αύτοίς
662 2770 722 2838 τόν
743 2768 816 2837 υἱὸν
839 2771 947 2839 εἰπεῖν
965 2772 1100 2839 δοῦλον·
1123 2765 1251 2838 ἀκούων
1264 2768 1326 2860 γὰρ
1340 2763 1452 2856 κάκεί-

217 2898 274 2956 νος
295 2874 494 2962 ἀπεγίνωσκε
514 2873 573 2959 τήν
596 2872 707 2961 φύσιν,
730 2870 786 2940 καὶ
808 2859 903 2939 ούτοι
924 2873 961 2940 δὲ
982 2873 1132 2959 λέγοντες
1146 2869 1253 2950 οὕτως
1275 2866 1332 2938 ούκ
1353 2864 1451 2959 ἠγνό-

217 2999 275 3046 ουν
303 2976 343 3044 τδ
369 2977 519 3067 γνήσιον·
548 2974 751 3063 κληρονόμον
771 2976 851 3060 γούν
872 2969 985 3061 ήξίουν
1007 2971 1108 3042 αύτὸν
1129 2976 1190 3040 τού
1211 2971 1341 3057 πατρὸς
1361 2977 1451 3057 γενέ-

217 3085 313 3162 σθαι,
338 3077 375 3147 ὃν
398 3075 444 3160 ὥς
465 3079 583 3147 δοῦλον
606 3076 751 3158 ἐκάλουν,
774 3065 814 3164 ήν
835 3075 897 3162 γὰρ
919 3073 991 3154 υίὸς
1011 3078 1053 3163 τῇ
1075 3073 1176 3164 φύσει
1195 3075 1256 3141 τού
1277 3072 1398 3158 Δαβίδ.

302 3190 332 3248 4.
369 3179 493 3268 Ὥςπερ
515 3186 626 3248 τοίνυν
648 3174 927 3266 ἀναγινώσκοντες
954 3179 1060 3244 ταῦτα
1081 3175 1309 3260 διανοούμεθα
1330 3175 1447 3253 καλῶς,

215 3283 271 3350 καὶ
295 3277 468 3361 ἀκούοντες
490 3280 609 3348 δούλου
630 3279 689 3348 τόν
711 3282 894 3364 Σολομῶνα
909 3271 948 3344 ού
962 3278 1138 3363 νομίζομεν
1153 3272 1253 3344 αύτόν
1268 3269 1355 3343 εἶναι
1371 3276 1449 3342 δού-

215 3385 284 3464 λου,
308 3377 394 3451 ἀλλά
415 3379 515 3469 φύσει
535 3379 592 3447 καὶ
612 3379 746 3466 γνήσιον
767 3378 856 3446 υἱόν·
880 3374 986 3455 ούτως
1008 3376 1065 3446 έάν
1087 3377 1143 3446 καὶ
1163 3376 1243 3466 περὶ
1263 3379 1323 3443 τοῦ
1341 3377 1450 3459 σωτῆ-

216 3509 275 3571 ρος
295 3488 354 3552 τοῦ
376 3477 514 3567 ἀληθῶς
536 3475 800 3565 ὁμολογουμένου
828 3477 902 3543 υῐού
929 3478 984 3545 καὶ
1014 3477 1115 3566 φύσει
1143 3479 1242 3564 λόγου
1265 3474 1360 3555 ὄντος
1380 3475 1449 3542 ἐλέ-

215 3605 319 3669 γωσιν
341 3583 375 3648 οἱ
396 3577 504 3667 ἀγωι·
531 3580 655 3648 πιστὸν
678 3575 759 3647 όντα
779 3581 827 3666 τῷ
849 3577 1031 3666 ποιήσαντι
1052 3573 1168 3661 αύτόν,
1197 3574 1220 3667 ἢ
1247 3572 1348 3658 αότὸς
1368 3580 1447 3664 περὶ

216 3683 335 3751 έαυτού
357 3681 415 3750 ἐὰν
436 3684 529 3771 λέχη·
550 3680 662 3768 κύριος
684 3681 792 3748 ἐκτισέ
811 3706 869 3765 με,
898 3686 969 3747 καί·
992 3679 1056 3768 ἐγὼ
1078 3681 1196 3758 δούλας
1218 3679 1277 3759 σὸς
1298 3676 1354 3746 καὶ
1375 3677 1448 3756 υἱὸς

215 3787 275 3874 τῆς
295 3785 475 3874 παιδίσκης
497 3807 558 3853 σου
569 3786 602 3866 ¹),
624 3783 679 3850 καί
702 3777 767 3850 ὅσα
787 3783 936 3862 τοιαῦτα,
959 3782 1003 3870 μή
1027 3781 1196 3848 διὰτοότο
1213 3775 1446 3868 ἀρνείσθωσάν

215 3911 303 3968 τινες
323 3885 382 3975 τήν
405 3887 440 3956 έκ
460 3889 520 3955 τού
542 3883 671 3974 πατρὸς
692 3878 794 3954 αύτού
818 3882 984 3972 ἰδιότητα,
1008 3877 1077 3952 ἀλλ’
1103 3879 1148 3962 ὦς
1169 3882 1227 3952 ἐπὶ
1248 3883 1447 3967 Σολομῶνος

286 4111 312 4174 1)
333 4111 354 4162 1.
372 4106 410 4177 [³.
428 4109 509 4178 ixi]
526 4111 583 4175 Res.
604 4113 627 4173 1,
647 4111 687 4163 ¹9.
706 4109 748 4162 26.
824 4107 850 4170 λ)
868 4108 931 4160 ΡειΙ.
953 4107 1010 4170 lie,
1030 4106 1061 4158 16
1079 4101 1151 4172 [115‚
1169 4105 1193 4155 ⁷.
1211 4105 1279 4156 Lxx.
1298 4103 1338 4156 16.
1356 4096 1448 4168 Vuis-l.

250 4297 272 4332 ι.
291 4281 390 4344 διςοα.
409 4272 591 4344 ἀνομάζωσιν.
857 4276 931 4326 ΒιείΙ.
948 4273 1039 4351 λημία,
1064 4273 1121 4335 neg.
1140 4271 1239 4323 Gobier.
1265 4280 1290 4322 ei
1306 4271 1412 4322 Feieim.
1426 4271 1450 4320 i.

249 4349 274 4398 b.
293 4347 398 4400 Feieim.
409 4349 435 4399 5.
453 4339 483 4395 αιΙ
500 4341 596 4401 λέξεις·
614 4339 658 4392 διδ
675 4339 722 4393 καὶ
739 4335 808 4393 όταν
859 4351 883 4393 ει
899 4342 924 4393 ό.
942 4334 987 4392 in'
1008 4337 1106 4390 evreir.
1141 4341 1186 4391 Alii
1209 4348 1233 4389 ei
1258 4339 1316 4391 editi
1334 4331 1383 4387 e‘tu’
1403 4329 1450 4386 αύ-

215 4424 260 4469 eie
279 4416 377 4468 omissis
395 4413 555 4468 intermediis.
858 4408 922 4459 τῶν.
958 4409 1018 4459 ibid.
1037 4408 1137 4470 Seguer.
1156 4407 1254 4460 Gobier.
1273 4405 1412 4456 eiFeieim.
1425 4405 1448 4454 i.

251 4503 271 4538 ε.
290 4485 331 4535 Sie
348 4485 448 4548 Seguer.
467 4479 566 4533 Gobier.
584 4479 689 4531 δείελα.
699 4479 721 4531 1.
740 4487 765 4530 et
781 4480 806 4530 4.
858 4470 966 4542 λέγεταί
981 4489 1018 4526 τε.
1053 4475 1102 4528 Sed
1129 4476 1153 4526 in
1177 4475 1231 4526 eiiie
1249 4482 1273 4522 ιι
1290 4471 1361 4521 editis
1379 4470 1451 4520 deest

216 4553 246 4605 λι
263 4569 276 4604 ι
294 4553 369 4616 iiegio
387 4561 412 4604 ιι
427 4551 533 4602 Feleim.
549 4549 573 4600 5.
598 4547 666 4598 ebeni
682 4532 707 4614 ᾖ.
744 4547 807 4598 Εδίιὶ
858 4557 895 4594 τε.
933 4545 993 4595 ilem
1020 4543 1109 4593 ibidem
1128 4557 1187 4593 mse.
1205 4554 1289 4591 omnes
1307 4529 1445 4604 σημαίνει.

216 4621 324 4689 ποίημα
340 4608 357 4688 ᾖ
376 4612 392 4684 ἢ
409 4612 518 4687 κτίσμα.
551 4616 626 4669 Penio
639 4615 806 4684 poeiSeguer.
858 4613 937 4664 Editio
956 4605 1221 4676 Οοωωι1.σημαίιη,
1240 4607 1366 4659 mendose.
