3054 5236
486 373 602 416 conans
616 373 834 418 aronnrusstou
849 375 937 418 nisan
952 376 972 418 ι.
1271 365 1329 428 901

6 523 12 536 ”
93 523 251 585 tatimem
275 529 305 584 et
325 522 582 602 participationem
602 525 751 603 perfectae
772 524 911 586 novitatis
927 523 1059 587 Christi?
1103 525 1162 587 Sed
1184 526 1257 590 nihil
1272 547 1419 592 nonnata

6 657 7 660 ¹
96 625 270 687 commenti
300 624 391 696 estis,
421 633 457 686 ut·
481 642 568 686 unam
598 625 725 704 negandi
747 623 925 688 sententiam
949 627 1110 689 adornetis.
1155 627 1194 688 Et
1215 629 1333 708 quidem

95 726 238 787 animam
262 724 437 788 definientes
460 744 524 787 eam
546 725 637 786 modo
660 726 850 806 insipientem
873 728 1044 800 nominatis,
1068 728 1159 789 modo
1181 739 1335 808 peccatum

6 841 8 844 ·
91 826 133 888 in
161 827 280 888 homine
302 826 485 899 subsistens,
509 827 633 888 eandem
655 827 812 907 aliquando
836 837 868 889 ut
889 830 1001 907 peccati
1023 839 1174 891 auctorem
1197 831 1333 902 elimina·
1386 870 1387 880 ι

6 957 8 974 =
92 927 165 1004 tis,
196 935 226 989 et
255 946 374 990 carnem
397 946 477 989 nunc
498 927 616 1006 quidem
638 927 814 1000 increatam,
845 948 924 991 nunc
947 930 1122 1002 caelestem,
1147 933 1236 994 modo
1258 952 1332 996 con·

93 1027 334 1090 substantialem
357 1028 465 1102 Verbo,
487 1030 700 1108 ut'perleotam
722 1029 807 1092 vohis
830 1031 1018 1110 negationem
1040 1033 1173 1094 firmetis.
1218 1033 1257 1095 Ut
1277 1053 1332 1096 au·
1409 1007 1418 1020 ⁷

6 1151 8 1158 ·
92 1136 167 1190 tem
190 1129 278 1191 Arius
306 1129 407 1209 lapsus
437 1148 452 1190 a
481 1129 539 1190 lide
567 1129 599 1191 in
629 1130 806 1194 ineffabilem
837 1140 867 1193 et
894 1133 1078 1196 verissimam
1100 1133 1165 1195 Filii
1189 1153 1224 1196 ex
1245 1135 1333 1198 Patre

6 1271 8 1286 .
93 1230 328 1310 generationem
356 1230 526 1310 passionem
556 1239 586 1292 et
608 1232 770 1294 sectionem
794 1241 823 1294 et
844 1233 984 1295 ellluxum
1008 1243 1194 1315 commentus
1217 1245 1278 1309 est,
1299 1245 1334 1299 ut
1439 1262 1445 1271 ·

6 1383 8 1394 ,
92 1350 161 1412 per
187 1332 277 1412 impia
305 1330 395 1392 verba
424 1350 493 1404 eos,
523 1331 574 1412 qui
601 1331 724 1394 minime
745 1331 822 1394 tirmi
845 1342 945 1406 mant,
979 1336 1009 1396 in
1033 1337 1147 1397 iuream
1169 1335 1332 1415 iniquitatis

6 1464 10 1472 ·
94 1433 323 1513 praecipitaret,
347 1449 414 1492 nam
438 1450 472 1494 oa
494 1433 639 1496 scelerati
656 1434 748 1512 sooeo
765 1436 945 1516 profuerim
967 1436 1011 1496 sic
1032 1454 1153 1498 rursum
1176 1436 1332 1526 Sahellius,

6 1569 8 1572 -
94 1534 157 1614 qui
186 1533 269 1594 linxit
293 1532 396 1593 Filium
428 1532 493 1592 sine
520 1531 674 1612 hypostasi
702 1553 771 1595 esse
800 1543 830 1596 et
853 1535 996 1615 Spiritum
1020 1546 1154 1598 sanetum
1178 1537 1244 1599 sine
1267 1537 1331 1598 exi-

95 1635 233 1707 stentia,
256 1633 365 1711 alioqui
387 1631 563 1694 divisionem
585 1633 707 1696 Deitatis
731 1653 765 1696 ac
782 1635 997 1716 principiorum
1021 1653 1184 1716 eorumque
1206 1653 1341 1699 enume··

6 1775 8 1810 :
94 1735 253 1797 rationem
283 1733 381 1794 induci
412 1733 600 1808 criminatus,
633 1735 748 1797 ludaico
778 1737 925 1799 sententia
952 1738 1097 1798 firmatur.
1141 1738 1192 1800 Sic
1213 1756 1333 1818 quoque

6 1880 11 1916 ι
95 1835 293 1898 Manichacus
321 1833 516 1896 incarnationi
545 1843 576 1896 et
601 1835 776 1898 humanitati
805 1857 821 1899 a
843 1837 970 1900 Domino
993 1845 1144 1901 assumtae
1165 1841 1254 1902 fidem
1275 1859 1330 1902 ne·

96 1954 179 2018 gans
202 1935 311 2015 impius
336 1934 458 1996 omnino
481 1936 589 2010 evasit,
619 1937 701 1999 aiens
723 1939 875 2000 hominem
898 1938 1016 2000 duobus
1038 1938 1192 2000 subiacere
1215 1939 1332 2019 opifici-

95 2038 179 2112 hus,
213 2036 290 2098 malo
320 2045 350 2098 et
375 2035 467 2098 hono.
511 2037 554 2098 lta
583 2056 700 2118 quoque
727 2057 781 2102 ros
809 2039 855 2100 vel
879 2049 910 2100 ut
932 2041 1130 2120 sycophantae
1152 2040 1229 2100 duos
1252 2039 1330 2102 lilios

97 2159 163 2202 nos
186 2137 340 2202 admittere
362 2137 470 2213 dicitis,
492 2139 538 2200 vel
560 2157 617 2200 nos
639 2139 771 2201 hominis
793 2140 923 2202 cultores
945 2142 1056 2202 vocatis
1080 2157 1196 2220 nosque
1218 2139 1329 2220 peccati

6 2295 8 2304 .
98 2240 292 2314 insimulatis,
315 2239 404 2318 idque
425 2259 487 2302 non
508 2259 545 2302 ex
566 2241 676 2320 pictate
697 2239 801 2319 agitis,
824 2240 877 2302 sed
900 2249 933 2302 ut
953 2242 1048 2304 errori
1070 2251 1171 2304 restro
1194 2261 1250 2320 per
1271 2239 1330 2303 im·

6 2403 8 2434 5
98 2343 198 2422 proha
220 2349 386 2404 commenta
408 2340 523 2404 lelioem
546 2359 738 2422 progressum
760 2341 872 2420 paretis
895 2348 925 2405 et
944 2349 977 2404 ut
992 2341 1092 2420 impiis
1105 2342 1214 2404 vestris
1231 2342 1329 2404 verbis

6 2485 8 2514 ,
99 2443 240 2504 infirmos
263 2443 407 2515 avertatis
427 2461 444 2505 a
465 2443 534 2504 noe.
579 2442 640 2504 Soti
661 2450 759 2504 umen
773 2443 827 2505 llei
849 2443 1073 2505 fundamentum
1087 2441 1242 2506 immotum
1257 2461 1330 2522 per-

100 2553 206 2612 manat
226 2543 398 2604 huiusmodi
422 2543 518 2622 sigillo
541 2543 741 2623 obsignatum.

189 2847 241 2910 ιι.
285 2845 366 2907 llaec
391 2844 428 2906 ad
456 2853 485 2906 te
516 2845 640 2926 scripsi.
673 2846 779 2908 dilecte
801 2843 932 2919 (tametsi
954 2842 1027 2905 nihil
1049 2843 1176 2924 amplius
1198 2843 1331 2907 sothero

101 2965 183 3026 opus
211 2955 291 3020 erat;
320 2946 429 3008 sufficit
455 2963 582 3026 namque
604 2945 777 3026 Euangeliou
805 2944 952 3022 traditio),
982 2952 1044 3006 tum
1080 2945 1148 3024 quia
1169 2945 1208 3008 ιιι
1228 2951 1331 3008 noatm
1367 2947 1369 2952 ’

102 3049 163 3109 fide
185 3047 385 3126 interrogasti,
408 3055 471 3108 tum
493 3065 597 3110 eorum
620 3065 723 3121 eausa,
744 3047 794 3126 qui
817 3044 994 3110 commentis
1016 3045 1080 3110 suis
1101 3055 1251 3126 nugantur
1272 3063 1328 3108 ne·

102 3165 163 3228 que
191 3149 320 3227 cogitant
348 3167 432 3222 eum,
462 3149 513 3228 qui
541 3167 577 3210 ex
606 3147 729 3228 proprio
756 3148 888 3226 loquitur
917 3147 1035 3220 animo,
1063 3147 1217 3210 mendacia
1237 3145 1328 3226 loqui.
1338 3165 1415 3208 noso.

101 3249 206 3328 Neque
235 3249 313 3311 enim
341 3250 386 3312 vel
413 3249 641 3329 pulcritudinem
669 3247 714 3310 rel
742 3248 866 3327 gloriam
889 3247 1027 3326 eorporis
1049 3246 1160 3310 Christi
1182 3249 1329 3310 hermanus

102 3349 269 3412 intellectus
293 3351 459 3430 exprimere
479 3357 590 3430 potest,
614 3349 666 3412 sed
689 3365 764 3428 quae
786 3357 868 3427 gesto
891 3357 962 3410 sunt
981 3355 1073 3431 prout
1087 3349 1199 3428 scripta
1213 3347 1329 3409 hahen-

101 3461 152 3514 tur
180 3453 315 3514 eonliteri
342 3452 434 3526 valet,
464 3467 581 3514 necnon
609 3467 713 3514 verum
733 3449 828 3512 heum
855 3449 906 3529 qui
935 3457 983 3510 est
1004 3448 1130 3512 adorare
1152 3449 1184 3510 in
1206 3447 1330 3528 gloriam
1357 3507 1358 3512 ,

100 3561 132 3615 et
146 3553 365 3616 contessionem
375 3551 619 3618 ,mausuetudinis
633 3549 699 3613 eius
714 3557 746 3612 at
758 3551 790 3612 in
805 3569 889 3632 spem
906 3549 1010 3612 salutis
1025 3557 1149 3613 nostrae
1163 3549 1196 3612 in
1211 3549 1329 3612 Christo

101 3653 171 3716 lesu
191 3653 319 3716 llomino
341 3663 457 3718 nostro.
479 3679 482 3686 ⁴
500 3658 604 3716 Amen.

103 3833 179 3892 rtur,
199 3838 241 3886 sed
261 3839 317 3887 huic
336 3838 434 3886 lectioni
452 3837 574 3900 antiquam
593 3836 690 3900 prsete-
741 3836 832 3894 nutet.
869 3837 1004 3898 Editiraro
1023 3835 1106 3885 etalii
1125 3828 1263 3900 ὀγαιιητὲ,
1290 3848 1330 3882 re-

101 3905 201 3956 rendam
226 3905 343 3952 (lusimus.
381 3905 456 3952 l‘orro
479 3904 627 3952 orthodoxos
645 3893 692 3948 ἂν·
743 3905 804 3952 etius
822 3907 849 3951 ot
866 3902 965 3952 violetur.

102 3963 303 4036 homnolcirpuc
319 3978 416 4020 vocatos
434 3971 510 4020 inisse
528 3969 691 4032 shhpollioa·
776 3969 800 4020 ιι.
818 3970 859 4018 Sic
875 3969 946 4018 limil.
966 3967 1054 4030 hegilo.
1074 3969 1173 4029 Segnior.
1193 3967 1290 4020 Gohler.
1308 3977 1333 4016 et

104 4041 168 4088 cistis
187 4045 288 4088 testatur
307 4037 690 4100 Gregilaziannhpist.stla·
742 4036 847 4085 Felcltm.
865 4036 885 4084 ι.
922 4035 983 4085 liniti
1009 4026 1041 4083 οὔ
1060 4028 1151 4090 δόξαν.
1189 4036 1241 4086 tto:
1259 4037 1331 4097 Sego.

104 4107 201 4155 denium
220 4101 269 4169 [cd.
290 4106 380 4154 llorell.
399 4105 468 4153 Tom.
480 4105 497 4152 l.
517 4119 571 4168 pag.
581 4103 638 4154 tat.
658 4127 691 4138 --
742 4096 871 4170 σώματος
886 4101 962 4151 θεοῦ.
1000 4102 1139 4154 Gohlerioo.
1158 4103 1296 4152 etlielclrm.
1309 4102 1331 4151 l.

104 4173 142 4224 ad.
161 4173 248 4221 Beueo.
267 4174 336 4222 Tum.
348 4173 375 4222 ll.
395 4187 420 4235 p.
430 4171 471 4222 89.
482 4169 530 4236 E.].
741 4167 809 4219 θεοῦ
826 4163 962 4236 σώματος.
1001 4171 1076 4220 Patrio
1086 4178 1141 4234 post
1150 4169 1249 4231 Seguer.
1260 4169 1331 4220 nott.

139 4243 154 4289 ι.
172 4238 472 4302 Seguerhohetcuxuif.
510 4239 571 4289 Editi
588 4233 690 4293 καλαῖς,
744 4247 767 4288 et
786 4238 973 4288 Felcltmannii.
993 4229 1229 4302 charaxatas.
1267 4235 1330 4287 Ειίιι

104 4324 164 4374 qrrao
189 4309 260 4357 leutio
285 4309 370 4358 eodem
395 4308 457 4358 redit
479 4308 500 4355 sl
519 4307 610 4356 ironice
628 4308 692 4356 scci-
745 4295 811 4354 ἀλλὰ
827 4300 882 4374 γὰρ
899 4299 945 4354 καὶ
962 4299 1004 4353 roe'.

105 4379 190 4441 pium.
228 4375 279 4424 ιιοι
305 4377 405 4437 Segusa.
430 4375 527 4426 Gobler,
545 4383 569 4423 st
587 4374 692 4423 Felchm.
777 4375 793 4424 i.
820 4375 884 4425 llaec
912 4375 941 4425 sd
959 4375 1031 4424 tloem
1054 4387 1132 4438 osque
1162 4373 1282 4424 hahentur
1302 4373 1329 4422 -in

109 4446 129 4494 1.
147 4437 366 4512 εὖπροχώρηιον.
404 4444 466 4493 Erilli
491 4451 515 4495 et
538 4442 579 4492 olii
597 4433 692 4505 singo-
745 4443 843 4505 Seguer.
863 4442 960 4494 Gohler.
980 4451 1003 4492 et
1020 4441 1173 4505 salcime,
1192 4443 1232 4506 qui
1251 4449 1331 4489 tamen

88 4507 235 4577 ,χείρητοκ
633 4567 640 4586 ‚
743 4525 791 4560 non
809 4511 899 4559 habent
917 4501 999 4576 liparia,
1019 4525 1080 4575 quae
1098 4517 1191 4561 tantum
1209 4521 1252 4558 rox
1269 4507 1330 4566 legi-

139 4593 159 4641 g.
178 4581 278 4642 Seguer.
304 4579 402 4632 Gohler.
421 4587 444 4630 at
463 4579 569 4630 Faleim.
583 4579 605 4628 l.
625 4591 692 4642 oya·
743 4578 822 4628 turin
840 4577 918 4630 editis.
