3258 5276
595 407 703 452 onarto
718 407 739 452 t.
755 407 871 452 toarni
883 407 1021 454 munos.
1355 393 1416 458 271

188 579 249 624 nott
269 547 388 639 quidem
410 555 613 638 magnitudine
635 559 760 638 quodam
782 566 834 620 aut
854 566 999 638 tempore,
1021 559 1074 624 sed
1097 559 1165 638 quia
1188 579 1224 622 ex
1245 561 1312 642 ipso
1328 561 1503 624 Patronus.

187 660 326 742 ρὶριιὶιιιτ.
377 658 457 732 Quia
486 657 575 721 etiam
604 676 672 720 cum
701 657 788 720 dixit:
820 664 921 722 maior
950 669 1012 729 eet,
1046 668 1169 722 naturae
1202 664 1416 743 proprietatem

186 761 326 826 oswndit.

271 967 324 1030 59.
366 963 405 1025 lit
425 979 497 1024 vero
518 961 586 1042 ipse
605 959 785 1040 Apostolus,
819 977 882 1020 non
910 967 944 1021 ut
965 957 1055 1022 Verbi
1084 967 1219 1020 naturam
1241 979 1308 1024 oum
1330 965 1418 1029 rabin

186 1066 272 1130 laetis
292 1063 484 1146 potissimum
500 1069 696 1142 eompararet,
718 1059 807 1122 dixit:
832 1059 926 1124 Tanto
938 1064 1155 1142 praestantior
1168 1061 1272 1140 saetae
1287 1062 1418 1144 Angelis.

186 1167 320 1246 Namque
341 1163 430 1228 simul
451 1163 616 1245 comparari
638 1181 699 1224 non
721 1169 843 1242 meunt,
866 1181 932 1224 eum
956 1163 1017 1226 sint
1038 1162 1118 1224 inter
1132 1179 1166 1224 se
1181 1161 1327 1226 diversae.
1360 1165 1420 1228 Sed

187 1269 224 1333 ad
246 1285 424 1348 oorporeura
444 1265 535 1328 Verbi
556 1264 714 1327 adventum
737 1270 767 1326 et
788 1264 823 1325 ad
846 1262 1099 1345 dispensationem
1117 1264 1183 1326 eius
1199 1265 1355 1328 atteadens
1369 1267 1419 1330 in-

188 1371 288 1434 dieare
309 1369 418 1444 voluit,
446 1368 547 1449 ipsum
568 1366 711 1439 aliorum,
735 1364 785 1444 qui
808 1372 1047 1438 anteoesserant‚
1076 1365 1173 1428 simile
1194 1383 1256 1428 non
1278 1385 1365 1444 esse,
1387 1377 1422 1431 ut

188 1451 332 1553 qnantum
352 1472 458 1533 natiue
479 1469 517 1531 ab
539 1469 587 1542 iis,
610 1485 687 1547 quos
708 1473 795 1528 antea
816 1456 951 1540 miserat,
974 1465 1083 1540 differt,
1106 1473 1186 1528 tanto
1202 1468 1290 1530 etiam
1312 1469 1419 1550 longe-

189 1591 248 1653 que
267 1570 468 1654 praestantior
490 1588 556 1632 osae
577 1568 791 1648 inutttgoreosr
813 1567 925 1646 gratia,
948 1585 1026 1647 quae
1047 1566 1084 1630 ab
1105 1568 1172 1648 ipso
1195 1577 1225 1631 et
1244 1587 1300 1651 per
1322 1569 1420 1651 ipsum

188 1672 286 1745 datur,
309 1691 397 1751 quam
418 1670 598 1749 Angelorum
620 1668 849 1731 administratio.
885 1667 1037 1748 Siquidem
1054 1685 1208 1732 serrorum
1225 1679 1289 1733 erat
1307 1673 1420 1736 fruetus

191 1772 333 1834 duntaxat
357 1788 537 1850 reposcere,
570 1777 602 1831 at
621 1769 687 1830 Filii
716 1777 747 1830 et
767 1768 886 1830 Domini
917 1778 981 1832 erat
1008 1769 1107 1832 debita
1135 1771 1247 1833 donare
1274 1780 1304 1833 et
1329 1773 1420 1837 ritem

192 1871 364 1934 mansione.
405 1869 492 1932 Unde
514 1887 564 1944 ea,
588 1887 663 1948 quae
685 1869 804 1931 subiicit
822 1869 1002 1951 Apostolus,
1031 1870 1242 1946 differentiam,
1272 1890 1347 1952 quae
1368 1873 1419 1935 lii·

191 1971 265 2034 liam
293 1971 372 2033 inter
400 1978 432 2032 et
451 1988 502 2033 res
523 1971 614 2033 laetas
636 1969 809 2046 intercedit,
842 1969 1056 2034 demonstrant.
1100 1972 1285 2054 Propterea,
1314 1973 1420 2054 inquit,

192 2081 313 2155 oportet
333 2090 392 2136 aas
405 2076 535 2135 morbae
548 2073 703 2136 attendere
724 2073 764 2136 ad
784 2091 829 2146 ea,
854 2091 929 2153 qaae
950 2073 1130 2146 ordiamur,
1152 2093 1191 2137 ae
1206 2077 1292 2156 sorte
1306 2077 1421 2156 efflata-

189 2193 268 2238 etrte.
313 2172 350 2236 Si
370 2177 446 2237 eain
468 2179 521 2255 pai
536 2191 596 2254 per
616 2174 744 2254 hariae
767 2176 865 2238 dietate
889 2184 934 2237 eet
955 2193 1072 2252 sarto,
1099 2176 1202 2255 saetae
1231 2189 1278 2240 eet
1296 2177 1419 2258 firmae,

189 2287 218 2338 et
239 2279 336 2338 aalma
353 2279 581 2356 praeuariratio
604 2287 634 2339 et
655 2277 857 2339 inobedientia
880 2279 993 2356 aceepit
1019 2279 1130 2338 iaetom
1157 2277 1302 2342 aurariis
1324 2284 1420 2343 retri-

191 2377 358 2453 butioaeaa,
380 2378 525 2458 ponenda
547 2395 605 2440 aas
627 2378 825 2458 effugiemus,
847 2379 878 2438 si
899 2386 1014 2440 tantam
1033 2377 1253 2458 neglexerimus
1278 2380 1416 2448 solarem.

186 2496 263 2561 puae
284 2497 351 2542 erae
372 2481 491 2541 brittam
505 2481 670 2556 aeeepieset
685 2479 835 2538 enarrari
849 2475 1096 2556 perdominetur,
1119 2480 1156 2542 ab
1172 2483 1224 2551 eis,
1247 2485 1300 2562 qui
1313 2482 1419 2543 audre-

186 2589 278 2654 rtntt,
304 2585 339 2644 ia
364 2598 422 2642 noa
455 2579 640 2658 eanfirutata
668 2584 723 2636 eet.
767 2574 854 2648 Quod
887 2577 913 2638 si
936 2577 1028 2641 Filius
1058 2586 1142 2640 osset
1168 2579 1298 2642 erebus
1321 2580 1419 2648 laetis.

188 2698 251 2742 non
271 2680 330 2741 illis
353 2697 427 2741 eane
449 2686 533 2739 esset
553 2675 768 2755 praestantior,
790 2695 886 2758 neque
908 2679 1014 2742 maiori
1036 2679 1183 2760 supplicio
1205 2687 1331 2759 propter
1352 2695 1421 2740 eum

188 2779 346 2858 puniretur
367 2775 580 2838 inobedientia.
624 2774 684 2838 Nee
709 2777 786 2840 enirn
815 2779 847 2840 in
874 2779 1131 2842 administratione
1158 2778 1338 2858 Angelorum
1365 2783 1432 2857 pro*

191 2875 317 2954 singulis
339 2875 457 2937 illontia
479 2875 575 2938 maius
596 2875 641 2936 rel
662 2876 760 2938 minus
783 2883 847 2940 erat
868 2878 897 2938 in
920 2879 986 2953 bis,
1018 2879 1069 2957 qui
1091 2877 1268 2958 peaaabant,
1298 2877 1352 2938 sed
1373 2877 1422 2940 lex

191 2983 257 3037 erat
277 2994 335 3037 una
356 2993 473 3054 unaque
495 2975 524 3036 in
546 2984 701 3055 peooantes
723 2977 953 3038 animadversio.
997 2977 1074 3049 Quia
1101 2993 1174 3038 nero
1201 2975 1330 3038 tabam
1357 2993 1421 3038 nou

191 3085 237 3139 est
260 3095 277 3138 e
298 3077 389 3140 rebus
411 3077 506 3151 laede,
528 3077 581 3138 sed
603 3083 651 3140 est
671 3076 749 3138 fflius
770 3077 876 3149 Patris,
898 3077 1009 3138 ideireo
1024 3083 1136 3154 quanto
1150 3075 1350 3156 praestandae
1364 3083 1420 3148 est,

191 3185 222 3239 et
243 3195 294 3252 ea,
316 3195 442 3257 qnorum
465 3186 568 3240 auotor
588 3178 655 3258 ipse
678 3185 744 3251 eat,
766 3176 981 3256 praestantiora
1004 3185 1074 3238 sunt
1095 3184 1125 3238 et
1146 3175 1183 3238 ab
1206 3176 1271 3239 aliis
1294 3177 1420 3246 divana.

188 3285 274 3340 tento
295 3279 383 3342 etiam
405 3277 524 3358 gravius
546 3293 616 3340 esse
638 3277 728 3340 debet
749 3275 937 3357 supplicium.
982 3276 1083 3356 ltaque
1110 3277 1206 3340 datam
1233 3297 1288 3359 per
1310 3279 1417 3342 Filium

186 3377 378 3442 considerent
400 3379 537 3458 matiam,
572 3397 699 3458 eumque
727 3397 763 3440 ex
792 3377 856 3440 sais
885 3376 1026 3457 operibus
1054 3389 1217 3458 agnoscant
1238 3401 1307 3443 rere
1329 3381 1419 3444 alium

187 3497 255 3544 essa
277 3497 295 3541 a
316 3479 405 3543 rebus
427 3480 529 3552 laetis,
558 3479 716 3559 solumque
742 3479 826 3540 illum
855 3497 957 3542 rerum
977 3479 1084 3544 Filium
1113 3481 1144 3544 io
1171 3481 1259 3544 Patre
1286 3499 1356 3545 esee
1389 3489 1421 3544 et

186 3578 304 3642 Pauem
326 3580 357 3641 in
379 3579 457 3659 ipso.
500 3579 622 3642 llisoant
642 3580 736 3660 legem
759 3579 796 3642 ab
811 3579 929 3660 Angelis
951 3580 1167 3662 promulgatam
1190 3599 1271 3656 esee,
1293 3583 1348 3644 sed
1361 3599 1419 3644 na·

186 3679 298 3742 minem
320 3680 487 3744 reddidisse
508 3682 682 3761 perieulum,
705 3681 814 3762 quippe
837 3701 923 3760 quae,
947 3691 979 3744 ut
1000 3681 1089 3746 dooot
1109 3682 1230 3755 Paulus,
1253 3681 1341 3744 Verbi
1362 3681 1418 3744 ad-

188 3929 288 3990 Segoer.
306 3923 331 3979 ti
348 3930 404 3979 teir
420 3929 544 3996 γενητῶν
562 3923 697 3990 dolie-dr,
718 3927 780 3981 odra
831 3945 846 3978 τ
867 3923 904 3987 ὅς,
925 3924 1017 3979 dedant
1029 3929 1124 3980 τοῦτο.
1160 3931 1239 3983 ceteri
1258 3941 1281 3983 et
1293 3933 1350 3984 editi
1362 3921 1416 3981 ἀλλ’

187 3990 327 4061 κρείττων.
364 3999 462 4050 Gobler.
490 4006 514 4047 et
536 3998 641 4047 ielcim.
663 3999 684 4046 l.
709 3990 733 4045 sl
750 3993 781 4046 dd
831 3991 890 4050 adr
906 3991 1031 4048 laterai
1048 3991 1162 4066 πατρός.
1181 3993 1228 4048 ded
1244 3999 1335 4050 τοῦτο.

187 4061 246 4112 vair
261 4064 386 4128 γενητῶν
403 4057 417 4114 ὃ
435 4057 495 4118 υἱὸς
512 4050 555 4123 ἦν,
574 4056 607 4114 ot’r
623 4059 763 4130 κρείττων.
867 4065 888 4113 Ιι.
908 4065 949 4114 Sic
965 4065 1066 4127 Segosa.
1100 4066 1192 4118 Atelli
1219 4075 1244 4118 et
1261 4067 1317 4119 editi
1336 4081 1420 4134 τιμω-

209 4132 247 4210 J·
265 4133 366 4210 Segper.
391 4123 454 4182 odra
471 4124 502 4210 dr
518 4129 561 4210 τῇ.
595 4131 653 4210 Βερ,
671 4121 737 4208 aridi¹
751 4125 782 4178 ἐν
833 4125 881 4248 pia
899 4121 1066 4212 ἃνγένριτο.
1089 4133 1176 4210 'Ptolo
1194 4129 1421 4213 portstraet-apr

188 4208 231 4262 ep.
265 4197 340 4250 basil.
363 4206 388 4248 et
409 4199 500 4264 Angite.
519 4193 601 4248 ovet»
617 4211 659 4248 τ.
693 4195 739 4249 Ala
757 4205 781 4248 et
851 4211 881 4248 to
903 4211 952 4248 του
978 4211 1039 4248 otoo
1057 4213 1151 4278 γαριιρ.
1186 4201 1249 4252 Edita
1268 4209 1292 4252 et
1309 4201 1350 4252 alu
1368 4215 1419 4261 την

188 4264 247 4316 editi
265 4255 331 4316 niti
348 4263 389 4332 τῇ.
425 4266 478 4316 llox
496 4265 594 4328 Segaer.
614 4211 676 4315 odae
689 4258 744 4332 γάρ
757 4273 782 4316 et
832 4257 880 4316 dede
905 4263 953 4316 rai
972 4267 1090 4334 χριστοῦ
1131 4282 1202 4336 aper.
1241 4269 1301 4319 ibid.
1321 4269 1419 4320 Gobler.

187 4331 262 4394 paolo
287 4341 344 4396 post
368 4325 434 4392 ἐνῆν
450 4327 481 4380 τὸ
499 4329 671 4384 saetaaarar
687 4323 780 4384 αὐτῶν
831 4343 856 4386 et
873 4333 979 4386 l'eleltu.
999 4335 1021 4386 l.
1038 4329 1085 4386 real
1101 4282 1299 4402 durentiam
1316 4329 1345 4386 ta
1362 4335 1421 4386 τῶν

186 4395 282 4462 μεῖζον
298 4391 345 4448 καὶ
362 4393 393 4448 τὸ
411 4391 532 4449 ἔλαττον.
830 4395 928 4470 ἔργων.

223 4465 238 4514 i.
257 4465 358 4541 §egaea
377 4465 474 4520 Gobler.
493 4476 517 4518 et
534 4467 672 4521 l'elelm.1.
692 4483 780 4537 παρα·
865 4469 999 4548 bsegaer.
1025 4469 1285 4522 sellemitarum.
1306 4471 1329 4522 l.
1348 4471 1422 4520 aruit·
1467 4483 1470 4496 ’

188 4527 351 4592 demantur.
388 4535 434 4584 Alii
452 4543 476 4585 et
490 4529 779 4602 editinopaatoodrrorr.
831 4543 884 4590 tant
900 4529 966 4589 aiot·-
1001 4537 1076 4586 Paulo
1100 4546 1156 4600 post
1179 4537 1280 4599 Segnar.
1303 4529 1421 4602 drdptos

82 4639 86 4646 .
189 4597 265 4662 isola
283 4607 341 4666 post
357 4601 498 4664 seruerim
515 4591 569 4650 ἇλῖ
588 4593 647 4658 υἱὸς
665 4601 712 4654 τοῦ
729 4616 780 4654 aa·
831 4591 866 4650 δι’
886 4593 1018 4666 ἀγγέλων.
