3176 5304
651 345 827 390 rmaxarro.
1320 327 1362 390 25

108 507 236 560 meunt
264 507 301 560 et
322 505 429 560 contra
452 495 620 560 haereticos
641 495 876 576 disputaverunt,
899 495 1082 577 principatus
1102 495 1211 557 meritc
1233 495 1363 558 debetur

104 617 212 678 magno
232 597 422 671 Athanasio,
446 598 526 660 sicut
547 599 615 662 inde
630 598 666 660 ab
681 599 812 677 antiquis
835 596 1022 677 temporibus
1044 596 1237 658 eioousensn
1261 597 1359 660 eccie-

102 702 162 761 siae
193 701 376 764 catholicas
404 699 491 762 datus
513 707 569 761 est.
611 699 677 762 Non
699 718 776 780 opus
800 699 900 761 estid
923 705 1059 760 veterum
1082 695 1260 760 testimoniis
1283 717 1358 778 pro·

99 802 191 874 bare,
231 820 322 881 quae
345 821 362 862 a
382 799 605 864 Moutsaucnnio
628 801 751 880 aliisque
785 801 909 862 coitecta
938 805 1024 872 sunt,
1053 789 1193 878 quomam
1216 816 1265 859 res
1288 807 1359 862 nota

96 910 144 964 est
167 911 203 964 et
230 903 324 964 trita.
369 901 485 965 Sufficit
516 901 605 964 unius
633 901 751 974 Photii,
781 901 872 981 periti
906 899 1030 972 iudicis,
1062 898 1212 960 sententia
1246 898 1358 960 Biblio-

97 1003 210 1066 thecae
247 1003 326 1066 ccd.
352 1007 437 1076 tto..
469 1021 530 1084 quo
553 1002 704 1065 Athanasii
733 1011 838 1065 contra
858 1001 986 1064 Arianos
1014 999 1168 1062 orationes
1202 999 1360 1074 recensuit,

97 1105 180 1166 inira
206 1105 284 1166 hoc
304 1105 336 1166 iu
357 1104 506 1166 volumine
529 1122 557 1184 p.
583 1107 655 1172 142.
689 1103 849 1184 descripta.
897 1104 941 1166 lbi
974 1102 1053 1164 euim
1082 1101 1140 1162 rim
1175 1099 1361 1180 eloquentiae

97 1205 127 1264 in
152 1205 341 1268 tractandis
362 1205 586 1278 controversiis,
608 1203 747 1284 peritiam
770 1203 842 1262 artis
865 1202 1034 1266 dialecticae
1056 1221 1204 1282 usumque
1226 1203 1361 1281 scriptu·

96 1325 151 1368 rae
175 1326 302 1370 sacrae
324 1307 355 1368 in
376 1304 610 1388 argumentando
634 1303 732 1366 iaudat
756 1303 813 1376 ita,
842 1312 874 1364 ut
894 1303 993 1383 ipsius
1015 1303 1124 1366 iudicio
1147 1303 1289 1366 omuibus
1313 1303 1359 1364 bis

96 1409 255 1484 partibus
281 1407 354 1470 nihil
375 1408 538 1470 Athanasio
562 1406 695 1468 defuisse
718 1403 863 1466 rideatur.
906 1403 985 1468 Tum
1007 1404 1087 1468 scias
1116 1405 1269 1468 orationes
1293 1403 1359 1467 ilios

97 1509 135 1570 ad
160 1509 380 1572 Arianismum
403 1507 590 1572 refutandum
606 1507 680 1568 satis
704 1524 774 1568 essa
788 1504 961 1585 pronuntiat
980 1504 1128 1586 additque,
1150 1525 1211 1568 non
1234 1507 1358 1570 aberra-

98 1619 215 1673 turum
242 1629 314 1674 esso
337 1630 353 1672 a
374 1629 478 1691 acopo,
501 1610 551 1690 qui
573 1608 680 1670 dixerit
701 1606 878 1686 Gregorium
900 1607 1070 1686 waningum
1093 1617 1122 1670 et
1143 1608 1277 1670 divinum
1298 1607 1358 1670 iis·

98 1711 229 1787 silium,
256 1712 446 1774 aduersarios
467 1711 646 1773 driannrum
670 1709 902 1782 disertissimos,
925 1709 1017 1770 bocco
1040 1728 1076 1770 ex
1098 1711 1181 1770 ioute
1204 1727 1258 1769 sua
1281 1709 1358 1774 bau·

101 1813 210 1876 sisse.
259 1813 353 1876 Scous
376 1831 448 1874 vero
472 1813 508 1874 ds
528 1810 693 1874 dtbanasio
716 1809 901 1872 existimasse
915 1811 1042 1872 Arianos
1057 1818 1176 1871 veteres
1200 1819 1231 1870 et
1252 1827 1358 1871 recca-

104 1915 227 1988 tiores,
252 1915 282 1976 id
305 1915 425 1994 quidam
455 1930 544 1976 nemo
567 1910 734 1974 mirabitur.
778 1910 809 1972 in
833 1911 998 1989 exemplum
1020 1909 1180 1972 lectoribus
1210 1909 1360 1972 subiicere

105 2011 209 2078 liceat
232 2014 427 2094 Phiiostorgii
449 2013 554 2088 verba,
589 2031 666 2094 quaa
687 2011 796 2074 Suidas
818 2031 844 2073 s.
868 2030 894 2072 r.
914 2003 1150 2094 Ἀπολινάριος
1172 2031 1207 2072 ex
1231 2011 1359 2074 historia

107 2116 171 2177 viri
200 2117 291 2180 huius
313 2115 569 2180 Eunomianorum
596 2113 733 2195 partibus
756 2112 865 2176 addicti
893 2111 1056 2192 excerpsit:
1083 2119 1172 2195 τρεῖς
1200 2109 1239 2195 δὴ
1263 2099 1356 2178 οὗτοι

106 2211 242 2301 ἄνδρες
274 2210 528 2302 (Ἀπολινάριος
557 2215 612 2282 καὶ
639 2214 819 2291 Booti-stoc
851 2215 906 2278 stat
935 2217 968 2278 Γ
964 2209 1152 2299 ρηγόριος),
1195 2211 1270 2279 τότε
1296 2215 1354 2280 τοῦ

110 2309 306 2397 draconetus
328 2312 541 2405 προῦμάχουν
556 2313 642 2384 κατὰ
654 2317 714 2382 τοῦ
736 2314 957 2400 ἑτεροουσίου,
980 2317 1096 2400 μακρῷ
1118 2312 1248 2392 πάντας
1268 2339 1355 2400 παρ-

110 2417 307 2502 ενεγκόντες
326 2419 405 2498 τοὺς
427 2418 590 2505 πρότερον
611 2418 666 2484 καὶ
688 2411 825 2503 ὕστερον
847 2413 941 2502 ἄχρις
963 2415 1044 2500 ἐμοῦ
1065 2418 1124 2502 τῆς
1145 2409 1245 2502 αὐτῆς
1266 2416 1356 2502 αἱρέ-

111 2539 210 2597 σεως
243 2519 472 2606 προστάντας,
506 2515 558 2598 ὥς
592 2517 727 2584 παῖδα
757 2511 854 2602 παρ’
885 2511 1030 2595 αὐτοῖς
1057 2521 1258 2606 κριθῆναι
1285 2517 1356 2585 τὸν

64 2605 70 2616 ’
107 2611 394 2686 Ἀθανὰσιον.
439 2624 481 2684 Ex
506 2621 722 2684 recentioribus
749 2621 947 2690 acerbissime,
972 2621 1163 2682 Athanasium
1193 2622 1358 2682 insectatus

123 2728 182 2778 est
199 2721 277 2782 Gaii.
301 2723 441 2782 Wbistnn
462 2723 598 2799 inopere
621 2721 691 2782 cliro
714 2723 828 2784 iatuoso
840 2723 1001 2786 Primitiae
1017 2723 1219 2801 Christianity
1242 2721 1361 2782 revia’d

127 2815 276 2891 (boudin.
300 2824 408 2896 ΠΗ.)
430 2819 494 2880 Voi.
515 2821 538 2880 i.
559 2820 751 2898 praeistinuis
772 2820 932 2882 historicae
953 2839 984 2899 p.
1000 2820 1288 2882 cxvi-cxxviii.
1310 2818 1360 2880 ubi

123 2921 245 2982 cantica
278 2919 311 2982 in
344 2918 427 2981 iilum
460 2919 573 2981 scilicet
604 2918 671 2979 tidci
692 2919 837 2980 Nicaeuae
869 2919 1056 2982 defensorem
1087 2921 1153 2982 aliis
1183 2919 1316 2998 praeivit.
1333 2923 1361 2998 *j

120 3019 186 3082 Sed
208 3022 333 3083 suerunt
356 3021 446 3082 etiam
468 3021 545 3082 inter
567 3018 725 3098 theologos
748 3019 889 3081 ecciesiae
904 3019 1098 3096 evangelicae,
1121 3019 1171 3096 qui
1187 3019 1252 3098 pari
1274 3020 1361 3082 modo

123 3121 163 3182 de
182 3121 339 3184 Athanasii
362 3121 501 3184 laudibus
524 3119 743 3182 detrabendum
765 3127 913 3199 putarent
958 3119 1073 3179 iioruut
1095 3137 1130 3180 ex
1144 3135 1267 3182 numero
1287 3139 1359 3203 pras

123 3222 234 3284 ceteris
258 3221 462 3285 nominandus
479 3233 526 3286 est
540 3221 694 3284 Samiorus
710 3221 741 3282 in
758 3217 880 3298 scriptis
901 3227 1020 3300 patrum
1043 3219 1197 3292 vntnutns,
1220 3222 1268 3302 qui
1290 3223 1355 3304 epi-

123 3341 248 3404 scopum
270 3323 501 3386 Alexandrinum
523 3325 553 3386 iu
588 3322 730 3384 tradenda
764 3321 898 3382 doctrina
928 3321 965 3382 de
993 3320 1121 3383 trinitate
1153 3321 1190 3384 ab
1217 3323 1355 3388 omnibus

125 3426 269 3488 ecciesiae
311 3417 437 3504 graecae
471 3443 549 3488 saec.
577 3425 626 3486 tv.
664 3422 815 3504 episcopis
848 3420 1061 3484 eruditioribus
1094 3429 1125 3484 et
1155 3424 1355 3503 persuadendi

194 3709 386 3774 ‘)Speeiminis
413 3725 484 3761 causa
502 3727 529 3762 ex
547 3711 608 3760 iibro
636 3709 726 3759 rariore
752 3709 900 3772 adscribam,
928 3723 990 3773 quae
1009 3723 1032 3772 p.
1052 3708 1151 3759 (lxviii.
1170 3709 1199 3758 ds
1217 3711 1312 3772 ingenio
1332 3719 1357 3760 et

123 3795 235 3844 moribus
253 3795 377 3844 Athanasii
402 3795 465 3844 dicta
488 3795 613 3859 iegtxntur:
638 3796 757 3845 trason
776 3798 803 3859 o!
817 3796 853 3843 itis
871 3795 964 3857 peumut
983 3795 1119 3856 Choructer,
1144 3795 1217 3844 uniet
1236 3796 1247 3844 i
1263 3797 1315 3846 tute
1332 3804 1355 3846 to

124 3883 152 3928 ts
171 3881 222 3928 thot
241 3884 268 3943 o!
283 3895 327 3929 ons
343 3879 457 3940 iiesoiuts,
477 3881 611 3940 Ambitiosa,
631 3881 678 3928 ond
697 3877 848 3941 Turannicoi;
871 3882 899 3943 c!
913 3878 1043 3928 admiratis
1060 3877 1133 3940 Parta,
1154 3879 1193 3928 tut
1210 3880 1269 3928 ttute
1285 3879 1356 3930 beor-

125 3965 190 4025 ninp,
210 3964 258 4029 apd
276 3964 345 4013 amoti
363 3965 508 4028 appearance
526 3969 553 4027 a!
569 3964 698 4023 sincerus,-
722 3965 772 4010 eto
790 3962 868 4010 uouid
885 3977 952 4010 mex
970 3962 1055 4010 submit
1073 3967 1096 4010 to
1114 3963 1187 4012 either
1204 3963 1314 4028 Emperor
1330 3980 1358 4014 or

126 4046 239 4108 domei&
257 4049 305 4096 uad
321 4049 371 4098 tubo
389 4049 468 4098 uoutd
484 4049 562 4098 vatter
580 4053 614 4096 set
631 4048 669 4096 tte
681 4045 798 4095 ctnsttus
809 4045 887 4095 Worid
908 4047 933 4095 ia
945 4031 1122 4096 e'conturtiou
1139 4061 1170 4096 on
1187 4047 1220 4096 oti
1233 4049 1357 4098 Occasione

126 4133 183 4179 titus
199 4131 281 4182 recede
304 4133 329 4182 in
345 4134 384 4182 tite
407 4134 467 4182 ieuat
490 4137 550 4195 [rost
572 4133 610 4181 bia
626 4131 787 4190 heremum
810 4131 859 4180 udo
877 4145 972 4181 reasons
990 4131 1108 4194 pmcrsiip
1130 4145 1184 4192 serp
1200 4133 1303 4194 sentim
1320 4139 1358 4194 pst

126 4221 199 4264 treats
212 4216 254 4282 *bit
271 4215 420 4268 ddssrsorits
437 4219 492 4268 tritt
508 4219 546 4268 tie
562 4223 622 4266 stost
647 4215 792 4266 sutristios
809 4214 892 4265 Names
910 4219 936 4277 c!
950 4215 1067 4279 Reproucb
1085 4216 1132 4264 ssd
1149 4215 1222 4264 Scorn
1237 4216 1341 4278 possible
1346 4233 1357 4277 ,·

23 4333 24 4336 ,
127 4299 174 4348 esd
191 4299 242 4348 s'rtto
260 4301 310 4350 attii
327 4303 409 4354 uder'd
426 4303 464 4354 dis
482 4301 587 4364 Notium,
607 4317 635 4352 or
652 4307 676 4350 ut
693 4301 752 4350 deust
769 4301 805 4349 tis
824 4300 946 4363 hapsops
964 4315 990 4349 ut
1008 4301 1037 4350 be
1054 4314 1101 4348 teu
1121 4299 1247 4360 occasion,
1266 4301 1313 4350 und
1330 4315 1357 4349 es

128 4383 222 4432 tutem
239 4385 317 4434 uostd
335 4387 396 4448 tear,
417 4387 464 4438 aad
480 4391 517 4450 pet
535 4386 587 4436 ss'd
602 4385 721 4450 piosxs'bie
741 4383 820 4434 Worda
839 4385 886 4434 ond
904 4384 1064 4434 intricatione
1081 4381 1114 4433 nt
1131 4383 1216 4445 uicum
1234 4399 1248 4434 a
1265 4384 1357 4444 Persas,

130 4467 211 4528 issa,
237 4473 264 4531 os
279 4471 325 4520 tiis
348 4473 440 4534 penam
460 4472 582 4521 dtaracttr
605 4475 689 4520 uanos
713 4469 753 4518 but
772 4470 850 4530 otford
867 4475 931 4532 preat
950 4467 1020 4518 iiootn
1042 4470 1080 4528 [or
1098 4467 1220 4530 Suspicione
1238 4474 1260 4517 to
1280 4469 1380 4518 comw

130 4551 209 4615 duiap
226 4549 285 4605 lea.
