3170 5266
188 350 214 392 s.
228 347 396 391 saumuro
411 341 632 390 uomutscors
647 341 793 386 uossrous
808 341 847 386 un
861 339 1004 386 osansrss
1018 339 1164 387 nocemus
1181 345 1297 392 soncos.
1322 333 1360 394 13

202 496 255 558 ΠΙ.
307 497 465 570 Quamuis
487 505 588 557 sutem
611 492 753 556 concedat
773 491 960 554 Athanasius
982 491 1126 556 dictiones
1141 512 1176 556 eu
1194 495 1446 560 consonuimus.

129 611 154 660 st
169 595 444 660 consubstantialis
465 599 499 658 in
520 593 694 673 Serspturis
716 596 814 653 sacris
836 609 898 654 non
921 591 986 671 lapi,
1010 603 1109 656 tomen
1130 611 1196 658 rem
1217 601 1315 676 ipsam
1327 601 1361 662 in

127 704 160 763 sis
186 701 354 764 contineri
383 697 530 766 ostendit,
558 711 612 756 nec
638 711 690 756 eos
712 711 731 754 a
752 690 873 771 Synnada
895 693 995 772 [uisse
1015 697 1172 770 inuentos,
1201 699 1252 759 ssd
1272 697 1360 779 louqs

125 813 206 864 sutsa
234 801 274 862 oo
307 797 542 880 antiquioribus
569 804 759 876 usurpans,-
789 791 1009 872 Tbeoqnostum
1030 797 1109 856 enim
1132 795 1203 857 olim
1224 798 1360 861 docuisse

125 899 325 963 substantiam
343 898 412 960 Filii
435 915 503 958 csse
525 913 561 956 ex
583 893 749 956 substantio
763 891 860 954 Putris
883 891 995 970 absque
1016 893 1075 954 ullo
1092 894 1239 958 divisione
1252 907 1359 960 nsum.

124 1003 264 1082 dionysii
278 1017 408 1083 quoquo
422 995 627 1059 Atecondnnt
638 995 732 1076 affert
746 997 959 1056 austeritatem
973 998 1150 1067 asserentis,
1174 995 1279 1058 Filium
1294 1017 1362 1060 esse

123 1102 195 1164 Patri
217 1096 530 1164 consubstsntlslcm.
574 1093 649 1155 Nam
674 1111 740 1156 nom
762 1113 828 1156 mm
839 1095 961 1175 quidam
976 1099 1217 1158 criminarentur
1229 1117 1360 1178 neposse,

123 1201 227 1263 lilium
256 1221 333 1264 esse
363 1199 455 1262 Patri
480 1192 777 1268 consubstantialem,
807 1199 872 1276 ipse
899 1194 1048 1276 Dionysio
1070 1195 1182 1259 llomos
1211 1203 1360 1280 episcopo,

126 1307 170 1364 cui
188 1321 220 1365 se
240 1311 381 1382 purqat,
403 1298 510 1362 scribit
532 1315 564 1358 se
586 1305 703 1357 tantum
725 1295 847 1366 dimisse,
871 1295 1030 1358 dictionem
1044 1294 1129 1358 illam
1143 1317 1293 1378 nusquam
1310 1319 1362 1364 rs·

121 1407 219 1482 periri
238 1407 274 1463 in
291 1405 399 1465 sacris
415 1399 597 1478 scribturis,
612 1413 676 1458 non
689 1408 790 1459 autern
805 1414 870 1458 reon
885 1401 982 1476 ipsam
997 1397 1172 1476 reprobare,
1190 1401 1243 1462 sed
1253 1405 1360 1480 potius

124 1501 272 1583 asplecti
310 1501 407 1575 Quasi
431 1515 503 1560 sone
524 1495 646 1558 illustre
667 1505 880 1576 orqnmentnm
895 1507 940 1558 cst
956 1497 1045 1558 lusus
1061 1501 1143 1559 oocis
1159 1505 1358 1580 antiquitatis.

202 1603 253 1664 lv.
301 1602 433 1680 lusique
454 1601 544 1660 etiam
564 1598 671 1660 ibidem
691 1608 916 1659 monumentum
939 1597 1101 1660 cotbolioae
1122 1599 1197 1678 fidei
1209 1605 1291 1663 circa
1302 1601 1358 1664 88.

130 1699 309 1764 Trinitatem
339 1702 487 1769 eadunt,
514 1698 720 1777 [usamentum
749 1697 886 1760 uidelicet
908 1698 981 1759 libri
1000 1697 1144 1776 Dionysii
1163 1699 1275 1762 llomas
1297 1708 1360 1781 spi-

127 1807 209 1881 scopi
230 1805 388 1864 aduersus
400 1798 603 1862 Sabellianos.
631 1797 731 1860 Erant
753 1803 831 1860 enim
852 1799 940 1861 buius
955 1808 1053 1861 astato
1068 1802 1128 1878 qui,
1151 1809 1186 1859 ut
1199 1799 1362 1862 Sabellium

133 1902 324 1980 refellerent,
355 1901 503 1964 docebant
533 1910 594 1960 tres
616 1895 650 1958 S.
675 1897 833 1960 Trinitatis
856 1898 1033 1978 bppostoses
1057 1916 1121 1960 esse
1143 1917 1162 1960 a
1184 1917 1216 1960 se
1238 1903 1362 1960 invicem

134 2001 281 2079 diuersus,
304 2023 339 2065 ac
357 2002 492 2084 proinde
514 2011 578 2062 tres
600 1999 777 2078 quasilleos
797 1998 1033 2078 praedicabant:
1057 1998 1113 2060 alii
1121 2011 1221 2062 antem
1232 2001 1361 2071 aiebant,

138 2099 263 2166 Verbum
285 2123 361 2186 opus
384 2112 413 2164 et
435 2120 500 2162 rem
522 2102 636 2178 sactum
658 2118 731 2162 esse.
781 2098 929 2178 Utrosque
951 2103 1019 2160 iure
1042 2101 1179 2176 coarqnit
1193 2095 1361 2175 Dionysius

133 2201 274 2284 docetque
296 2215 405 2266 contra
426 2202 509 2273 illos,
534 2210 596 2262 tres
618 2197 674 2260 88.
701 2199 858 2261 Trinitatis
882 2199 1056 2278 hypostases
1078 2216 1141 2260 non
1163 2217 1226 2260 esse
1248 2199 1360 2259 divisas

136 2321 154 2361 o
177 2323 207 2364 se
228 2308 362 2376 inuicem,
385 2323 441 2366 nec
464 2301 575 2363 Filium
598 2319 660 2362 esse
681 2301 807 2380 sactum,
832 2299 884 2360 sed
903 2304 1045 2379 penitam.

220 2403 252 2463 V.
300 2405 439 2486 Oriqenis
463 2421 579 2485 qnoque
601 2405 772 2462 testimonio
793 2404 895 2461 utitur
912 2400 1096 2462 Atbanasius
1120 2399 1262 2475 docentis,
1285 2400 1358 2461 Vor-

137 2501 204 2563 bum
227 2514 379 2566 oeternum
402 2523 470 2566 csse
494 2502 687 2580 eiusdemque
709 2519 742 2561 ac
756 2500 872 2561 Patrem
896 2500 1089 2562 substantiae.
1134 2499 1211 2562 Nam
1232 2506 1361 2582 quaein

137 2607 200 2666 rius
231 2607 370 2684 operibus
400 2606 544 2666 uidentur
567 2604 635 2664 buia
657 2600 819 2665 catbolirae
841 2605 1007 2664 sententiae
1029 2619 1091 2663 esse
1115 2608 1288 2672 contraria,
1318 2606 1360 2662 ait

143 2703 322 2767 Albonasius
350 2705 435 2768 illum
463 2725 525 2768 non
554 2723 592 2766 aa
616 2707 748 2785 propria
775 2713 872 2764 mente
891 2721 1080 2784 proponere,
1109 2704 1162 2762 sed
1184 2721 1224 2764 eoo
1247 2719 1361 2771 eornm,

147 2804 319 2878 quibuscum
347 2805 524 2884 disputabat.
569 2805 629 2866 Nec
656 2822 730 2865 ocro
760 2804 910 2882 aliquibus
932 2808 1044 2866 mirum
1064 2803 1165 2864 uideri
1187 2802 1286 2874 debet,
1316 2817 1360 2870 ea,

146 2919 225 2980 quae
243 2906 430 2982 postmodum
450 2907 751 2975 diccttaoonsnrtani,
775 2903 822 2964 bic
844 2905 881 2965 ab
896 2903 1023 2982 Oripme
1042 2901 1361 2982 aportecondemnori,

146 3001 220 3064 baec
241 3008 381 3066 nimirum
404 3006 506 3066 rerba:
530 3005 597 3066 ouo
619 3005 786 3083 aliquando,
810 3023 876 3066 cons
898 3021 960 3064 non
984 3011 1066 3062 osset
1087 3001 1197 3072 Filius3
1220 3001 1370 3089 siqsa'dcno=

143 3101 178 3162 id
203 3111 369 3168 necessario
391 3112 528 3188 sequitur
550 3124 589 3167 en
611 3105 737 3167 illorum
760 3109 925 3173 sententio,
954 3106 1007 3182 qni
1028 3099 1140 3162 Filium
1160 3117 1223 3162 non
1244 3119 1363 3180 sempor

138 3201 234 3278 [sine
261 3208 504 3268 arbitrabantur.
547 3205 625 3268 Hinc
647 3205 813 3284 Dionysius
835 3203 990 3266 llornonns
1019 3203 1051 3261 in
1080 3199 1159 3273 loco,
1184 3206 1268 3264 cuius
1290 3221 1362 3263 mon

139 3311 332 3377 neminimus,
355 3313 399 3369 sic
423 3308 573 3390 loquitur:
597 3305 629 3366 Si
651 3307 745 3366 iactus
769 3312 815 3366 cst
829 3302 931 3374 Filius,
955 3301 1009 3364 soit
1030 3301 1187 3382 aliquando
1210 3322 1361 3365 comaco

138 3417 233 3480 assct3
256 3427 347 3490 qnam
368 3412 549 3488 inpietatem
567 3408 713 3488 Oriqenes
737 3407 835 3468 eodem
855 3405 943 3466 modo
959 3423 994 3466 ac
1009 3403 1062 3466 ille
1077 3409 1241 3484 e'mpuqnat.
1275 3404 1362 3476 Qua·

135 3518 264 3588 propter
295 3527 361 3570 cnm
387 3509 526 3588 Oriqenis
556 3509 737 3589 ternporibns
766 3517 882 3578 essent,
912 3510 963 3585 qui
988 3507 1065 3568 idern
1087 3509 1252 3574 serstirent,
1283 3504 1363 3585 quod

136 3623 237 3684 posteo
255 3611 382 3680 Ariani,
405 3609 452 3672 nil
469 3610 611 3689 profecto
634 3599 754 3679 rn's'msn,
778 3611 807 3668 si
827 3607 943 3670 eosdem
964 3623 1080 3687 quoqne
1104 3606 1245 3686 loquendi
1257 3605 1360 3666 modos

137 3709 322 3774 adbiberent.
377 3709 437 3772 Sed
469 3728 508 3784 cn
536 3709 580 3771 bis
607 3714 683 3772 satis
710 3711 810 3787 [norit
838 3709 1016 3776 obseruare,
1048 3705 1148 3784 [uisse
1178 3706 1263 3784 lonpe
1292 3715 1361 3766 ante

138 3811 239 3874 Arium
262 3813 398 3874 Arianae
419 3813 582 3890 inpietatis
600 3828 834 3890 praecursores.

217 3912 265 3974 ll.
314 3912 472 3974 Postremo
494 3910 527 3972 S.
549 3910 736 3974 Athanasius
760 3912 795 3972 de
817 3927 889 3970 uoce
911 3897 1066 3988 ἂγενήτου
1090 3906 1233 3984 disputat.
1274 3904 1361 3966 Hanc

140 4009 265 4076 Arcanos
295 4032 316 4073 o
339 4013 485 4092 profanis
514 4013 692 4074 auctoribus
714 4021 872 4072 mutuatos
896 4027 960 4070 esse
982 4011 1041 4078 ait,
1072 4016 1106 4067 ut
1125 4017 1197 4086 post
1220 4003 1360 4082 euplosas

139 4107 211 4174 alios
241 4131 350 4176 eorum
378 4111 504 4176 occulos
533 4130 621 4173 suam
648 4115 830 4190 impietatem
856 4127 936 4172 nouo
967 4109 1020 4170 boc
1048 4107 1193 4169 vocabolo
1218 4113 1360 4186 saperent.

139 4205 212 4272 ll'ass
246 4233 313 4276 mm
345 4213 446 4276 solum
468 4211 591 4275 Patrem
621 4202 776 4294 dyirqror
803 4211 991 4272 non-lactum
1022 4208 1177 4270 dicendum
1205 4225 1270 4268 esse
1296 4204 1361 4266 oel-

140 4307 210 4385 lcnt,
242 4313 460 4378 concludebant
482 4313 591 4376 Filium
612 4307 746 4396 γενητόν
768 4314 875 4374 lactum
898 4313 1002 4374 debere
1024 4312 1092 4372 dici.
1140 4309 1247 4370 Veram
1266 4309 1447 4387 [rau-mos,

140 4411 197 4474 oon
219 4419 310 4478 istono
334 4420 485 4496 aperitet
507 4413 629 4494 repellit
651 4414 851 4486 oenomaus,
880 4415 1020 4493 docetque
1042 4410 1138 4472 Deocm
1159 4408 1361 4470 non-iactum

140 4517 296 4594 appellari,
320 4526 469 4599 qnatenus
491 4521 563 4590 τοῖς
583 4520 730 4598 γενητοῖς
750 4513 841 4578 rebus
855 4513 940 4576 luctis
953 4516 1127 4594 opponitur,
1149 4509 1201 4572 sed
1211 4507 1365 4588 appellari
