3054 5236
361 465 367 472 Ι
441 390 444 402 “
475 409 621 484 sersaoni
634 409 671 453 an
687 405 865 487 errorerou.
1209 398 1270 462 837

11 569 61 622 st.
120 559 217 623 Cum
244 559 335 638 igitur
355 557 464 620 dietum
486 557 558 620 illud
580 576 615 621 aa
637 557 678 652 sit
697 555 928 638 significatione,
956 560 1063 622 merito
1091 578 1161 624 sese
1182 579 1356 624 coar-raon.

9 671 103 724 uent
130 661 337 742 quicumque
358 659 537 732 existimant,
560 667 628 722 ante
649 649 771 722 hiariam
792 659 888 722 hissa
909 677 1028 722 carnem
1050 679 1084 722 ex
1100 679 1136 724 ea
1150 679 1271 724 assum·

9 783 66 826 am
96 772 135 825 et
162 769 247 826 ante
268 761 367 841 ipsam
388 759 508 822 biariam
524 759 654 822 Verbum
674 755 833 822 humanam
849 759 989 824 babuisse
1009 761 1146 836 animam,
1169 761 1201 824 in
1216 779 1275 842 qna

12 875 76 928 ute
103 881 218 926 suum
243 862 402 925 adventum
425 879 544 940 semper
565 859 722 922 exstiterit.
767 857 903 946 Sileb'unt
916 861 1004 924 etiam
1026 863 1076 941 qui
1091 861 1273 926 dieuntcar-

9 985 80 1028 rem
108 983 186 1028 nou
216 981 289 1026 esse
311 960 418 1024 mortis
440 979 587 1041 moenem,
610 960 666 1022 aed
686 959 861 1022 immortalis
884 979 953 1024 ease
971 971 1103 1026 naturae.
1148 963 1181 1024 Si
1196 962 1275 1026 enim

8 1075 167 1130 nortuus
195 1081 265 1140 non
287 1071 344 1136 est,
366 1061 518 1144 quomodo
539 1060 648 1124 Paulus
670 1060 832 1124 Corinthiis
854 1061 976 1124 tradidit
995 1055 1076 1143 quod
1097 1071 1127 1126 et
1147 1064 1275 1143 aceepit:

9 1169 195 1241 2uoniam
230 1164 372 1227 Christus
398 1177 541 1228 mortales
564 1173 610 1226 eat
628 1180 689 1244 pro
707 1165 840 1244 promtis
862 1169 980 1226 aratris
1001 1164 1166 1228 secundom
1187 1163 1275 1228 Seri-

11 1264 168 1330 rturoe?
222 1265 282 1326 Aut
302 1269 353 1344 qul
375 1265 494 1328 tandem
515 1262 724 1336 resurrexerit,
748 1261 776 1325 si
797 1271 934 1326 mortuus
956 1281 1018 1326 non
1040 1261 1112 1327 esti
1151 1263 1276 1326 hlrdtum

8 1378 128 1432 autem
156 1365 357 1440 erubescent,
379 1365 429 1446 qui
450 1365 497 1428 rel
519 1363 614 1428 eemel
635 1361 829 1442 cogitaverint
849 1381 942 1443 posse
963 1380 1020 1444 pro
1043 1362 1189 1428 Trinitate
1210 1363 1277 1428 lieri

11 1469 286 1549 quaternitatem,
310 1469 337 1529 si
359 1484 468 1547 eorpus
491 1483 526 1530 ex
549 1463 639 1526 llaria
661 1482 730 1526 esse
752 1463 875 1526 dicatur.
920 1463 1015 1539 „Nam
1032 1465 1070 1539 si,
1092 1465 1183 1540 aium,
1205 1484 1275 1528 cor·

13 1589 111 1650 „pus
137 1569 251 1632 Verbo
273 1566 524 1632 consubstantiale
546 1565 690 1644 mamus,
713 1561 844 1626 Trinitas
865 1575 965 1628 manet
987 1564 1127 1639 Trinitas,
1148 1565 1222 1628 nihil
1245 1563 1278 1626 in

7 1673 163 1751 „ipsam
197 1677 375 1732 extraneum
404 1667 562 1730 inducente
584 1665 698 1740 Verh03
726 1665 774 1728 sin
803 1683 912 1745 corpus
940 1667 1102 1732 humanum
1130 1665 1277 1730 erbaria

13 1772 205 1851 „genitum
229 1769 378 1842 dimmus,
407 1785 531 1832 neomse
563 1774 609 1830 eat
639 1776 671 1830 ut
692 1785 758 1830 eum
780 1783 889 1846 corpus
912 1768 952 1830 sit
972 1775 1144 1832 extraneum
1165 1785 1276 1831 seeun-

7 1871 139 1946 „dum
172 1869 373 1932 substantiam
402 1879 431 1930 et
457 1869 489 1930 in
516 1867 582 1948 ipso
611 1867 816 1942 sitiebam,
845 1867 1027 1947 quaternitas
1054 1887 1110 1952 pro
1132 1868 1278 1932 Trinitatc

7 1978 200 2052 1‚,propter
224 1971 360 2050 corporis
382 1969 584 2034 accessionem
607 1969 783 2032 euentum

7 2307 14 2346 f
124 2275 161 2338 9.
211 2271 292 2334 llaec
312 2290 380 2334 oum
401 2272 442 2334 ita
462 2271 645 2350 loquuntur,
666 2287 729 2332 nou
752 2269 881 2349 cogitant
903 2289 962 2350 quo
985 2279 1071 2351 pacto
1094 2289 1197 2334 secum
1218 2267 1279 2348 ipsi

7 2381 190 2456 ,pugnent
234 2372 352 2434 Etenim
373 2371 443 2436 lieet
463 2389 499 2434 ex
521 2371 612 2434 hieria
634 2387 744 2450 eorpus
768 2389 835 2434 esse
857 2372 1002 2450 negarint,
1025 2371 1078 2432 sed
1100 2371 1158 2450 ipsi
1178 2367 1277 2430 Verbo

6 2513 15 2552 a
29 2461 304 2540 consubstantiale
326 2473 469 2550 dixerint3
491 2471 685 2534 nihilominus
708 2471 789 2548 (lieet
803 2471 860 2552 ipsi
877 2472 1075 2545 dissimulent,
1097 2489 1135 2532 ue
1149 2470 1190 2532 ita
1204 2487 1277 2531 sen-

6 2623 7 2634 ,
33 2579 97 2637 tire
122 2573 351 2650 existimentur)
374 2593 411 2636 eo
434 2573 502 2652 ipso
524 2572 603 2634 iuxta
627 2589 731 2634 eorum
754 2579 883 2636 mentem
905 2572 1131 2653 quaternitatem
1147 2571 1214 2634 illos
1229 2569 1277 2632 di-

6 2693 110 2754 ,cere
142 2671 412 2738 demonstrabitur.
462 2673 718 2746 Quemadmodum
746 2673 826 2736 enim
853 2672 945 2734 Filius
972 2671 1054 2734 iuxta
1080 2671 1202 2734 Petrum
1222 2669 1279 2732 do-

6 2835 8 2860 ,
34 2760 206 2844 cuinam,
223 2775 356 2852 quamvis
379 2772 420 2836 sit
440 2773 520 2836 Patri
542 2772 821 2846 consubstantialis,
849 2789 910 2833 non
938 2780 986 2833 est
1006 2771 1072 2850 ipae
1093 2771 1196 2846 Pater,
1225 2768 1281 2834 scd

35 2875 138 2938 Filius
163 2873 248 2936 Patri
269 2872 377 2940 dieitur
400 2873 678 2947 consubstantialis,
710 2872 756 2934 sie
777 2889 885 2950 eorpus
907 2870 1005 2934 Verbo
1028 2869 1365 2940 oomuhetautiaiennoa

39 2993 108 3038 nou
131 2981 183 3036 est
205 2973 305 3051 ipsum
327 2971 471 3074 Verbum,
500 2973 554 3036 aed
576 2973 656 3035 aliud
679 2992 696 3034 a
718 2971 815 3032 Verbo
838 2971 1026 3045 distinctum3
1054 2989 1181 3052 cumque
1202 2969 1282 3034 aliud

6 3135 7 3168 ἶ
42 3078 96 3150 sit,
120 3073 258 3150 Trinitas
287 3073 479 3152 exipsorum
502 3075 648 3136 sentmtia
671 3073 854 3152 quaternitas
867 3063 943 3134 *erit
986 3073 1090 3153 Neque
1111 3072 1191 3136 enim
1212 3089 1281 3136 vera

42 3197 80 3240 ae
102 3193 177 3238 vere
200 3175 329 3254 perlecta
351 3183 381 3236 et
401 3173 589 3236 indivisibilis
613 3173 745 3237 Trinitas
768 3171 970 3235 accessionem
992 3173 1137 3249 admittit,
1160 3171 1283 3238 sedilia
1376 3235 1388 3256 x

43 3269 210 3348 duntaxat,
240 3293 327 3354 quam
349 3275 405 3354 ipsi
430 3275 589 3336 commenti
612 3284 691 3336 sunt.
735 3273 773 3334 Et
800 3277 851 3354 qul
878 3273 984 3336 amabo
1014 3273 1173 3336 Christiani
1200 3281 1281 3348 auat,

44 3379 98 3458 qui
121 3377 213 3438 alium
235 3375 329 3437 Deum
351 3384 471 3454 praeter
486 3393 565 3450 eum,
587 3376 637 3454 qni
652 3393 754 3436 revera
770 3382 826 3449 eat,
848 3372 1135 3438 comminiscantur?
1169 3374 1280 3438 lterum
1373 3371 1379 3380 ’

46 3479 79 3541 in
101 3478 197 3540 altero
226 3475 345 3538 illorum
374 3475 558 3555 sophismate
584 3475 735 3555 ingentem
768 3475 923 3538 stultitiam
950 3474 1173 3555 deprehendere
1203 3474 1281 3549 licat,

47 3580 76 3642 si
105 3575 186 3658 quod
218 3575 389 3656 Scripturas
415 3576 529 3652 dicant,
558 3594 667 3656 corpus
697 3575 858 3638 Salvatoris
888 3593 924 3638 ex
945 3575 1035 3640 biario
1063 3583 1093 3640 et
1120 3575 1283 3639 humanum

49 3695 136 3752 esse,
164 3677 235 3739 ideo
257 3676 479 3766 prolTrinitate
501 3677 727 3756 quaternitatem
749 3675 807 3738 diei
829 3676 1013 3750 existimant,
1043 3675 1127 3756 quasi
1148 3673 1283 3739 acoeasio

51 3779 197 3860 quaedam
220 3795 256 3838 er
277 3795 405 3856 corpore
427 3779 501 3838 tacta
524 3778 580 3851 sit3
601 3777 728 3840 multum
750 3777 977 3850 hallucinantur,
1000 3777 1071 3838 dum
1091 3793 1156 3838 rem
1177 3777 1284 3838 laetam

52 3933 153 4008 Sequar.
172 3918 322 3992 δμοοῦσιον
337 3921 390 3992 μὲν
405 3919 460 3992 γάρ
480 3937 576 3991 φησιν,
595 3918 645 3975 ἐὰν
728 3927 751 4004 1.,
772 3914 871 4004 Sequar.
890 3925 987 4004 §abien
1006 3931 1029 3974 et
1047 3925 1152 4002 Telelm.
1166 3924 1188 3974 1.
1206 3915 1285 3975 ἔσται

52 4007 277 4136 Ὓμδείἒῑρίρὴ.
298 4067 322 4109 et
338 4058 439 4137 begoer.
455 4115 459 4132 Ι
474 4059 500 4108 lo
518 4060 589 4109 editis
604 4072 644 4109 aa·
694 4006 752 4122 mi.
770 3987 1087 4137 ffltssixi'hrytrtaiatsnzf
1103 3984 1284 4110 ririoa‘iiisacro

57 4129 206 4196 melToaos.
244 4117 476 4189 nordmanniam
502 4121 641 4190 eoepisco-
696 4134 719 4176 et
737 4125 807 4175 ednas
825 4137 852 4172 ot
869 4125 945 4175 deest.

57 4197 157 4258 Segosa.
175 4187 214 4246 eie
230 4185 330 4252 ἑαυτὴν
346 4185 455 4258 circaeon
492 4203 549 4240 νου.
732 4193 755 4242 h.
773 4185 874 4251 πολλήν
896 4193 965 4242 deest
984 4191 1008 4242 in
1027 4187 1128 4254 Sequar.
1145 4189 1243 4244 (labier.
1261 4197 1287 4240 et

92 4279 114 4313 e.
132 4263 171 4312 Sic
189 4261 206 4310 E
226 4263 274 4325 ipb.
288 4262 388 4323 Sequar.
400 4260 498 4310 Gohler.
509 4268 532 4310 et
541 4259 646 4308 Telcim.
699 4259 805 4309 Telctm.
825 4259 846 4309 l.
882 4258 934 4309 blot
953 4258 1051 4310 Gobler.
1069 4264 1093 4307 et
1110 4257 1215 4309 Telehm.
1227 4257 1285 4307 ab.

63 4332 83 4379 t.
117 4329 178 4380 Editi
197 4275 223 4387 ip
238 4319 304 4394 iarn
327 4321 507 4395 ὑπεκρίναντο
531 4321 569 4392 μὴ
588 4316 648 4390 ὥρα
697 4323 823 4394 audancia
847 4317 863 4386 ἢ
885 4319 942 4384 ,aaa
987 4323 1107 4390 Epiphan.
1129 4317 1154 4374 el
1176 4316 1208 4374 di
1227 4316 1283 4372 deni.
1405 4353 1411 4360 ·

59 4389 129 4444 atae
149 4409 231 4462 φρον.
269 4387 520 4476 llerbpipb.adrair
537 4385 644 4473 berga.
698 4395 774 4444 i’orro
792 4395 851 4446 haee
869 4393 1044 4444 aTbeodoreto
1062 4393 1173 4446 citantur.
1189 4391 1286 4442 urata

62 4465 133 4513 Psote
158 4472 213 4528 post
238 4465 337 4525 Segosa.
361 4475 447 4528 ωςπερ
471 4477 525 4528 γαρ
545 4455 559 4510 ὁ
578 4475 643 4514 otor·
698 4460 805 4526 pandi.

64 4530 124 4578 inira
141 4531 203 4582 idem
224 4547 276 4581 enm
296 4531 366 4582 Gohl.
385 4539 408 4580 et
426 4531 530 4580 Telclm.
545 4519 647 4580 idm
732 4531 747 4580 i.
772 4529 891 4592 Epiphan.
910 4521 948 4582 hic
970 4517 1125 4594 προςθῆπης
1141 4517 1288 4590 &rofilli

64 4585 158 4649 tede.
192 4599 267 4649 Paulo
276 4607 332 4664 post
340 4598 413 4650 iidem
425 4587 473 4647 oia
482 4591 558 4648 ἔστιν
567 4587 643 4646 αὐτό.
698 4589 729 4644 ai
747 4591 837 4660 σῶμα.
