3094 5318
501 333 647 376 arrarum
662 333 683 375 ι.
698 335 734 376 sn
751 333 948 378 snuanrouorr.
1277 331 1338 394 727

49 493 258 564 unguntur
278 485 313 546 ic
334 484 371 544 de
393 481 533 546 omnihus
555 483 709 546 donentur.
754 483 785 546 Si
807 483 898 564 igitur
919 484 1047 566 Spiritus
1070 491 1170 552 unctio
1193 493 1257 556 sive
1278 507 1424 558 un-Pdtt·

57 597 249 665 guentam
272 594 302 646 et
324 585 455 665 sigilium
476 591 530 657 est,
554 584 586 646 in
608 603 666 664 quc
691 585 790 647 omnia
813 586 897 665 ungit
919 595 949 648 at
971 599 1069 668 signat
1083 591 1222 668 Verbum,
1246 615 1338 674 quoe-

56 705 158 748 nam
195 686 362 749 similitudo
386 695 415 748 et
437 679 644 747 conienientia
665 687 808 765 unguenti
832 693 862 748 ct
884 686 970 766 sigilii
995 707 1063 751 esse
1086 701 1184 771 potest
1207 713 1273 758 cum
1292 698 1341 760 his

58 789 206 862 rebus,
231 807 306 868 quae
328 796 477 868 unguntur
500 795 530 848 et
551 785 729 864 signantur?
758 787 866 866 Nequit
887 789 1014 866 proinde
1035 791 1101 852 fieri
1122 801 1155 854 ut
1178 795 1243 874 ipse
1262 798 1340 859 inter
1438 817 1443 822 ·

58 909 131 952 res
165 908 286 953 omnes
308 895 492 950 numeretur.
535 887 597 950 Nec
618 887 698 950 enim
721 887 828 966 aliquis
851 907 886 949 ex
909 889 967 962 his,
991 891 1040 970 qui
1063 893 1227 972 signantur,
1254 899 1337 977 sigils

63 992 148 1054 lum
177 991 254 1071 ipse
276 990 421 1054 dicendus
443 989 497 1062 sit,
521 1007 576 1050 nec
598 988 734 1052 similiter
755 988 862 1069 aliqrris
886 1007 920 1052 ex
943 989 1000 1065 his,
1024 987 1074 1071 qdi
1097 1005 1257 1074 unguntur,
1281 1017 1336 1060 un·
1401 1051 1406 1063 .

66 1101 248 1173 guentam
272 1091 349 1154 idem
373 1091 438 1152 erit.
483 1090 543 1152 Sed
565 1089 595 1150 id
616 1091 772 1170 proprium
794 1099 841 1154 cst
861 1093 998 1171 ungentis
1022 1101 1051 1155 et
1074 1095 1219 1174 signantis
1240 1098 1337 1160 Verbi.

69 1194 297 1274 Unguentum
319 1192 437 1272 quidem
460 1192 600 1272 ungentis
622 1191 798 1254 suavitatem
820 1199 850 1254 ct
872 1193 996 1256 odorem
1017 1195 1136 1270 retinet,
1159 1198 1244 1260 nnius
1266 1217 1336 1279 par·
1427 1249 1432 1260 .

72 1296 211 1379 ticipes
235 1295 303 1356 tacti
325 1295 375 1374 qui
398 1302 549 1374 unguntur
570 1293 685 1356 dicunt:
721 1294 837 1356 ceusu
867 1296 964 1360 dcuur
988 1299 1065 1360 odor
1087 1317 1203 1361 sumus.
1246 1300 1336 1380 sigit-

76 1399 159 1460 lum
188 1415 261 1458 rero
283 1397 428 1476 signantis
451 1395 561 1457 Christi
584 1395 710 1475 effigiem
732 1405 847 1470 serant,
881 1397 965 1458 cuius
994 1398 1043 1477 qui
1066 1399 1222 1478 signantur
1241 1402 1337 1482 parti·

81 1499 186 1578 cipes
213 1498 310 1560 edenti
332 1497 369 1558 ad
392 1515 456 1560 eam
479 1498 712 1570 conformantur,
735 1505 768 1558 ut
789 1497 829 1558 ait
846 1498 1025 1578 Apostolus:
1049 1499 1154 1564 Fr'ir'oii
1172 1507 1238 1574 ruci,
1261 1477 1363 1584 puer¹

80 1603 220 1664 iterum
239 1603 397 1678 parturio,
419 1599 511 1660 donec
531 1600 689 1677 [emetur
705 1598 845 1661 Christus
861 1604 894 1660 tu
916 1601 1010 1664 cadis.
1055 1601 1119 1666 Hoc
1133 1609 1230 1664 autem
1246 1605 1335 1666 modo

14 1759 18 1768 ,
86 1700 215 1779 signati
237 1699 449 1760 convenienter
470 1697 585 1760 divinae
606 1707 728 1762 naturae
751 1707 907 1762 consortes
931 1701 1093 1782 reddimur,
1116 1704 1159 1764 uti
1176 1705 1263 1766 ducat
1276 1705 1335 1766 re-

87 1812 179 1872 trus,
205 1807 293 1879 atque
315 1799 354 1860 ita
377 1798 532 1860 universae
559 1817 609 1862 res
630 1809 745 1862 creatae
768 1801 854 1862 Verbi
877 1801 908 1862 in
930 1801 1042 1880 Spiritu
1071 1804 1146 1864 fiunt
1165 1805 1334 1884 participes.
1357 1819 1363 1826 “
1394 1845 1406 1872 ι

127 1919 138 1932 ’
192 1903 247 1964 24.
292 1899 404 1964 Omnes
426 1899 562 1962 similiter
584 1917 638 1979 per
660 1900 802 1980 Spiritum
830 1901 883 1964 Dei
914 1902 1073 1982 participes
1096 1903 1230 1968 dicimur.
1275 1905 1337 1968 Ne·

94 2007 208 2074 scitia,
238 2001 348 2081 inquit,
376 2006 447 2084 puio
469 2001 610 2081 templum
631 2002 689 2064 Dei
708 2007 782 2064 esn'a
803 2013 833 2064 ct
854 2001 990 2082 Spiritus
1013 2003 1072 2066 Dei
1092 2003 1206 2066 doditot
1226 2008 1259 2067 iu
1281 2023 1337 2068 cc-

98 2101 178 2167 dis?
223 2103 258 2165 St
286 2106 352 2184 puis
376 2103 518 2183 tempium
539 2103 598 2165 Dra·
617 2103 794 2176 vicinarent,
825 2103 977 2182 disperdet
1003 2103 1092 2166 iliam
1112 2104 1206 2168 Bous.
1253 2106 1336 2169 Tem-

96 2205 192 2285 plum
215 2209 293 2268 curin
313 2204 373 2266 Dei
391 2215 537 2266 muctam·
552 2215 604 2274 ert,
628 2205 707 2285 pund
728 2208 799 2266 ertia
821 2222 887 2266 oca.
932 2203 990 2265 Sed
1013 2204 1040 2266 si
1063 2206 1192 2286 Spiritus
1215 2215 1335 2270 sancitis

99 2325 153 2369 res
178 2315 398 2388 consuesset,
431 2305 509 2367 nodia
538 2323 611 2366 saue
632 2304 685 2366 Dei
714 2305 942 2368 communicatio
971 2305 1059 2367 nobis
1088 2307 1118 2368 in
1146 2309 1214 2386 ipso
1243 2317 1335 2380 esset,

7 2421 10 2428 ⁴
100 2409 158 2470 sed
180 2409 226 2470 rei
249 2415 365 2470 creatae
386 2407 645 2486 coniungeremur‚
668 2414 698 2468 et
719 2405 834 2468 divinae
856 2416 980 2470 naturae
1000 2407 1088 2470 alieni
1107 2425 1269 2495 cssernus.
1285 2418 1335 2468 ut-

101 2517 178 2584 pote
202 2508 280 2570 nulla
313 2507 342 2568 in
365 2515 450 2586 parte
472 2507 546 2568 cius'
560 2506 629 2568 iacti
650 2506 819 2586 participes.
863 2507 948 2568 Nunc
974 2525 1046 2568 raro
1075 2523 1142 2568 cum
1171 2507 1280 2570 Christi
1308 2516 1338 2570 et

108 2604 162 2667 Dei
183 2607 342 2686 participes
365 2607 504 2682 dicamur,
528 2608 629 2688 utique
651 2617 778 2688 constat,
799 2617 981 2688 unguentum
998 2615 1028 2668 et
1050 2605 1188 2686 sigilium,
1210 2611 1289 2688 quod
1305 2609 1336 2670 in

110 2705 197 2768 nobis
220 2713 275 2780 est,
298 2725 358 2768 non
380 2709 537 2771 adrerum
559 2711 701 2772 factarum
724 2710 776 2772 sed
799 2709 836 2770 ed
857 2709 921 2770 Filii
945 2717 1080 2772 naturam
1101 2709 1262 2788 pertinere,
1286 2707 1335 2788 qni

112 2825 169 2870 ans
190 2825 245 2887 per
266 2807 419 2887 Spiritum,
440 2811 491 2888 qni
513 2811 633 2890 inipso
656 2819 712 2887 est,
735 2811 814 2872 Patri
837 2808 999 2886 coniungit.
1043 2807 1076 2869 id
1097 2808 1197 2888 ipsum
1212 2827 1268 2870 nos
1283 2809 1335 2869 ic-

113 2926 218 2978 mnes,
245 2908 288 2970 uti
309 2927 399 2988 supra
421 2910 531 2972 dictum
553 2921 615 2984 est,
643 2912 690 2973 hia
713 2911 813 2972 verbio
836 2909 938 2970 dccet:
968 2908 1006 2972 Iu
1036 2911 1091 2972 doc
1119 2915 1335 2992 copucrcrtnus,

114 3014 183 3090 puio
202 3013 235 3072 iu
255 3011 320 3072 Dan
341 3029 495 3074 monemur
516 3023 546 3074 et
567 3018 632 3094 ipsc
655 3017 687 3073 iu
708 3012 804 3080 nodia,
826 3014 970 3092 quoniam
993 3011 1160 3092 deSpr'ra'tu
1183 3012 1336 3076 suodedit
1383 3086 1389 3102 ι
1427 3075 1432 3086 ,

114 3113 207 3174 sciis.
252 3111 284 3172 Si
311 3111 556 3192 porrospiritoa
586 3110 853 3174 communicatione
881 3109 997 3174 divinae
1024 3119 1147 3173 naturae
1177 3117 1334 3176 consortes

117 3213 263 3285 dicimur,
287 3231 375 3274 nemo
398 3221 478 3274 certe
498 3213 558 3275 nisi
579 3213 703 3274 insanus
718 3211 834 3286 dixerit,
858 3211 1001 3291 Spiritum
1019 3229 1080 3274 non
1095 3212 1158 3286 Dei,
1180 3213 1234 3275 sad
1249 3229 1334 3274 crea-

116 3321 160 3376 tae
181 3333 247 3376 esse
269 3321 401 3376 neutrae.
445 3313 507 3376 Nec
529 3313 607 3376 enim
630 3313 685 3376 alia
707 3314 743 3376 de
764 3331 854 3376 causa
875 3312 923 3386 hi,
950 3313 980 3375 in
1003 3313 1110 3392 quibua
1133 3313 1183 3376 iiie
1204 3321 1265 3388 est,
1278 3313 1334 3402 Dii

118 3415 285 3478 eliduntur.
330 3414 419 3486 Quod
442 3413 468 3476 si
491 3415 564 3476 deos
586 3414 688 3488 effici,
717 3413 840 3476 dubium
862 3431 923 3476 non
947 3423 1010 3488 est,
1038 3415 1110 3500 qtrin
1138 3414 1203 3476 eius
1230 3420 1334 3476 natura

122 3667 246 3720 Goblerian.
265 3676 288 3746 et
306 3667 444 3717 Fucini.
464 3659 537 3744 ἡμῖν.
576 3667 628 3746 idox
643 3661 696 3748 pair
746 3658 823 3748 ἡμᾶςί
846 3665 937 3745 arnapi.
969 3665 1049 3742 'Iidem
1077 3665 1208 3728 dngiimun
1236 3621 1335 3729 edcepto

125 3735 564 3812 nnicostrnSegnenlitudado
583 3735 620 3784 irc.
639 3726 693 3782 aad
747 3741 792 3786 art.
811 3747 825 3780 a
844 3744 899 3811 anta
923 3733 1155 3809 inmunitatem.
1193 3735 1249 3812 Sap.
1271 3732 1292 3782 i.
1312 3739 1336 3781 at

115 3818 135 3862 xq
170 3812 262 3868 pcata.
296 3803 341 3850 diu
360 3803 456 3850 etedru
476 3793 528 3848 att
549 3795 652 3867 ειᾶρα.
746 3803 818 3862 Sego.
837 3812 943 3866 ειρηται
961 3808 1073 3849 ornrttnnt
1091 3801 1252 3864 etnrbemay
1272 3813 1336 3865 αφε.

152 3900 273 3962 edepl.
293 3901 431 3961 etSeguar.
450 3891 542 3948 odacri.
576 3900 695 3962 Moafleg,
748 3867 1010 3918 castanentum.
1031 3859 1252 3919 i.ricdabant:’
1289 3861 1336 3914 ἄν·

125 3967 430 4086 ὲὶζςροῑιῶςριέπςςξι·
449 3977 473 4016 ιι
490 3959 693 4017 nutu
746 3924 1085 4114 t{.t⁰it‘.t'2‘.⁹s'.}tt
1103 3934 1336 4052 natutae
1449 4037 1453 4048 .

749 4065 852 4114 intrim.
874 4066 896 4114 t.
915 4057 1009 4117 airis·
1027 4079 1046 4112 ν
1061 4059 1134 4132 ἡμῖν.
1169 4067 1233 4119 Editi
1251 4059 1274 4119 εὶ
1293 4069 1335 4118 alii

154 4137 169 4184 t.
185 4135 221 4184 Sic
238 4135 293 4195 Rea.
313 4134 336 4182 1.
354 4135 454 4195 Sennea.
472 4133 544 4183 dasii.
563 4142 587 4182 et
604 4133 694 4196 inpiis.
747 4125 761 4180 d
780 4127 844 4185 dado
860 4121 891 4181 ἓν
908 4127 981 4198 ἡμῖν.

126 4201 270 4255 dtiirtaditi
293 4202 360 4252 artic.
384 4199 432 4260 nir
449 4203 570 4252 omittant.
604 4202 696 4252 ibidem
781 4215 803 4263 p.
824 4203 855 4250 un
875 4201 962 4263 Regios
982 4203 1004 4251 t.
1023 4202 1123 4264 Sepuer.
1142 4203 1216 4256 broit.
1235 4203 1334 4254 Gabina.

127 4271 360 4334 asptnaguernn.
379 4278 402 4318 et
419 4269 491 4318 Baaii.
511 4283 556 4333 pro
574 4261 604 4317 ir
622 4259 696 4330 adrui
747 4277 771 4319 et
788 4269 893 4322 Feictrm,
914 4270 936 4320 i·
972 4269 1012 4319 Sic
1036 4279 1114 4320 antem
1138 4272 1228 4334 duplic.
1248 4270 1334 4319 habat:

128 4339 202 4390 tabeat
216 4331 246 4386 ἐν
263 4329 338 4403 αὐτῇ.
374 4337 432 4386 itero
451 4338 508 4398 dap.
520 4337 541 4386 i.
561 4345 584 4386 et
596 4337 696 4398 Sogoer.
746 4330 793 4384 aui
815 4330 845 4385 ἐν
861 4327 1022 4404 ἀνθρώποις
1036 4331 1159 4402 γίνεται,
1183 4331 1230 4386 καὶ
1246 4331 1277 4385 ἐν
1294 4321 1336 4389 ok

127 4421 194 4456 aaran
214 4398 368 4472 πνεύματος
390 4405 513 4455 abiiciunt.
548 4404 600 4454 dior
625 4405 697 4454 iidem
747 4399 862 4469 γίνεται,
883 4388 1178 4454 sicutnumerus
1213 4405 1293 4454 Catari
1312 4409 1336 4452 at

131 4481 150 4522 et
163 4475 208 4536 Sep.
219 4473 241 4524 2.
261 4473 333 4523 Baaii.
352 4481 376 4523 ot
393 4473 483 4534 duplic.
503 4465 574 4538 ἡμᾶς
591 4469 630 4536 τῷ
647 4483 698 4520 nn·
748 4473 822 4522 editio
840 4474 958 4524 Coronat.
980 4467 1026 4520 arti
1043 4465 1073 4521 tv
1090 4463 1249 4536 ἀνθρώποις
1265 4467 1336 4534 pira·

131 4535 172 4604 rpi.
199 4541 276 4591 Ottntr.
296 4539 335 4605 τῷ
352 4533 494 4606 πνεύματι,
529 4541 574 4590 sut
599 4549 623 4590 et
641 4541 699 4590 editt
748 4552 804 4596 ται,
823 4535 869 4588 καὶ
887 4530 920 4588 δι’
941 4531 1025 4588 αὐτοῦ
1043 4537 1247 4589 anonomastos.
