3176 5304
631 286 789 328 ereosrrro
805 287 896 329 rrner.
1362 276 1380 336 7

120 443 189 499 nias
216 441 296 519 quia
322 433 509 498 arrodit?
530 434 610 514 quod
631 434 710 498 idem
732 443 779 498 est
797 454 832 498 ae
853 435 1041 498 sidioeretur
1063 435 1179 498 nullus.
1225 438 1284 510 Oui
1300 437 1453 501 idemeos.

123 557 193 598 eum
236 538 271 598 in
308 538 369 598 line
403 536 590 598 saeculorum
623 555 658 598 ex
686 535 782 598 Patria
816 537 885 599 sinu
918 536 1142 609 descendisset,
1176 558 1210 600 ex
1238 539 1381 602 inviolata
1454 609 1460 620 ,

123 641 263 717 Virgine
279 637 377 700 traria
397 647 536 698 nostrum
558 637 701 698 assumsit
721 637 885 708 bominem,
907 637 1006 698 lesum
1022 637 1184 706 Christum,
1205 639 1289 700 euius
1305 659 1380 720 pro·

125 742 223 818 priae
255 739 405 800 voluntati
432 738 568 816 reliquit,
603 746 635 798 ut
656 756 711 816 pro
732 737 823 799 nobis
847 745 1015 815 pateretur,
1048 738 1292 816 quemadmodum
1314 742 1381 820 ipse

128 845 173 902 ait
200 840 377 902 Dominus:
400 839 492 901 Nemo
516 837 598 901 tollit
619 843 750 900 nemum
772 857 869 898 oreore
890 857 909 898 o
930 855 993 898 me:
1013 848 1196 918 potestatem
1219 839 1310 902 baleo
1322 861 1381 918 po·-

131 945 241 1004 uendi
262 960 341 1012 eunt,
365 952 393 1002 et
411 951 594 1020 potestatem
616 938 708 1000 babeo
731 943 841 999 iterum
863 939 1004 1000 sumendi
1023 959 1097 1000 eom.
1128 939 1162 1000 ln
1186 959 1246 1020 quo
1262 939 1382 1002 bomine

132 1043 311 1104 crucifixus
341 1049 369 1100 et
396 1047 531 1100 mortuus
553 1057 609 1116 pro
632 1037 735 1108 nobis,
764 1037 925 1100 resurrexit
952 1039 1137 1112 amortuis,
1167 1049 1195 1102 et
1226 1041 1257 1101 in
1287 1042 1382 1102 caelos

37 1203 38 1206 ,
136 1153 305 1204 assumtus
335 1147 390 1202 est
434 1139 515 1200 ldem
542 1139 721 1218 principium
748 1138 861 1198 riarum
883 1139 969 1198 nohis
992 1151 1125 1213 creatus,
1159 1161 1226 1202 eum
1249 1143 1281 1202 in
1306 1149 1465 1204 terraeroo.

136 1252 333 1314 rer-saretur,
356 1241 442 1302 nobis
465 1259 501 1300 ex
525 1238 656 1299 tenebris
678 1238 778 1299 lumen
801 1238 942 1310 exhibuit,
965 1241 1088 1301 salutem
1104 1261 1138 1300 er
1154 1262 1268 1315 errore,
1292 1244 1383 1306 vitam

141 1366 181 1406 ex
208 1343 340 1405 mortuis
362 1361 418 1402 nee
438 1359 500 1402 non
522 1339 693 1418 ingressum
713 1340 744 1400 in
760 1339 942 1418 paradisum,
958 1358 993 1399 ex
1008 1359 1066 1418 quo
1081 1341 1170 1402 Adam
1185 1344 1298 1404 eiectus
1316 1345 1382 1404 lue-

142 1457 209 1518 rat,
234 1455 264 1504 et
285 1443 317 1504 in
339 1461 427 1522 quem
444 1441 521 1502 idem
537 1459 641 1502 rursus
657 1459 712 1520 per
726 1439 871 1500 latronem
888 1439 1040 1517 ingressus
1057 1452 1110 1514 est,
1132 1445 1381 1522 quemadmodum

144 1546 192 1606 ait
205 1543 367 1606 Dominus:
384 1541 480 1604 Hodie
495 1561 608 1602 meeum
623 1546 685 1604 err's
703 1546 734 1602 ιἰι
747 1542 905 1620 paradiso,
921 1540 950 1600 iu
967 1559 1052 1619 quem
1068 1544 1155 1604 etiam
1170 1545 1303 1606 introivit
1315 1547 1381 1625 ipse

144 1646 273 1708 Paulus.
316 1645 480 1704 Ascensum
503 1660 622 1721 quoque
644 1642 675 1702 in
692 1642 803 1702 eaelum
819 1641 906 1700 nobis
921 1643 1042 1719 paravit,
1058 1663 1117 1720 quo
1133 1663 1310 1722 praecursor
1325 1666 1380 1725 pro

148 1747 241 1808 nobis
257 1744 376 1808 intrarit
391 1742 562 1804 Dominieus
585 1742 689 1814 homo,
711 1741 742 1802 in
758 1759 817 1820 quo
833 1743 914 1802 viros
928 1755 957 1804 et
972 1753 1110 1803 mortuos
1126 1754 1173 1804 est
1187 1745 1380 1808 iudicaturus.

241 1850 272 1910 2.
306 1845 462 1906 Credimus
487 1843 624 1904 similiter
645 1845 676 1903 in
700 1842 841 1920 Spiritum
857 1843 1005 1915 Sanctum,
1029 1845 1077 1922 qui
1102 1844 1201 1906 omnia
1224 1855 1382 1918 serutatur,

150 1949 242 2012 etiam
265 1947 412 2029 protunda
435 1945 498 2006 Dei.
531 1944 682 2024 Dngmatis
706 1954 804 2005 autem
828 1944 977 2014 omnibus,
1000 1963 1073 2022 quae
1089 1946 1134 2006 bis
1149 1947 1299 2008 contraria
1315 1949 1382 2008 iue-

149 2050 231 2123 rint,
261 2049 416 2110 anathema
444 2047 579 2108 dicimus.
623 2046 726 2125 Neque
754 2046 834 2108 enim
856 2045 1077 2125 Filio-patrem
1105 2049 1308 2124 agnoscimus,
1331 2051 1381 2127 qui

152 2152 243 2214 unius
265 2153 304 2212 sit
325 2149 524 2221 substantiae,
547 2167 606 2210 non
631 2167 702 2210 vero
727 2147 1006 2216 consubstantialis,
1037 2155 1069 2208 ιιι
1091 2148 1192 2208 volunt
1213 2149 1380 2224 Sabelliani,

152 2252 204 2330 qui
234 2251 290 2312 boc
317 2261 403 2331 paeto
425 2250 544 2326 Filium,
560 2234 681 2328 penitne'
710 2249 826 2312 tollunt.
871 2249 973 2326 Neque
1002 2247 1089 2308 etiam
1118 2250 1238 2328 patibile
1261 2271 1380 2331 eorpus,

154 2354 235 2432 quod
257 2361 381 2432 propter
402 2355 491 2414 totius
513 2352 615 2414 mundi
637 2352 763 2413 salutem
787 2351 930 2430 gestarit,
951 2350 1141 2410 attribuimus
1163 2352 1259 2426 Patri;
1284 2371 1380 2432 neque

153 2463 218 2514 tres
241 2455 415 2532 hypostases
436 2471 489 2530 per
511 2454 624 2532 seipsas
647 2453 776 2523 divisas,
805 2459 838 2512 ιιι
859 2451 890 2512 in
913 2451 1085 2512 bominibus
1106 2470 1161 2530 pro
1184 2463 1287 2514 natura
1310 2473 1380 2514 ror·

153 2571 265 2630 porum
281 2551 418 2624 ·aeeidit,
450 2554 496 2612 ias
519 2563 564 2612 est
584 2553 614 2612 in
635 2553 696 2612 [leo
720 2553 867 2630 cogitare,
890 2571 928 2612 ue
951 2563 984 2613 ut
1005 2559 1109 2629 gentes
1131 2554 1257 2614 deorum
1280 2555 1382 2612 multi·

162 2649 298 2710 tudinem
320 2647 510 2720 inducamus,
533 2651 584 2709 sed
606 2653 681 2712 sieut
703 2653 816 2722 durius,
840 2653 889 2730 qui
913 2673 948 2712 ex
970 2655 1053 2712 fonte
1076 2654 1193 2729 genitus
1216 2653 1252 2710 ab
1279 2652 1384 2711 eodem

166 2765 229 2808 non
253 2754 422 2823 separatur,
445 2749 577 2824 quamvis
599 2749 672 2808 duae
694 2751 754 2809 sint
776 2751 891 2810 illorum
913 2755 1023 2828 ligneae
1046 2753 1141 2812 duove
1164 2751 1297 2810 nomina.
1336 2751 1385 2808 Si-

163 2847 286 2926 quidem
315 2831 413 2923 ueque
433 2845 523 2904 Pater
550 2853 595 2904 est
617 2847 724 2918 Filius,
752 2867 847 2924 neque
876 2849 966 2908 Filius
995 2861 1042 2910 est
1063 2851 1172 2920 Pater,
1191 2843 1270 2907 ¹nam
1303 2847 1388 2909 Pater

158 2948 226 3010 Filii
250 2946 342 3006 Pater
370 2955 432 3017 est,
462 2953 493 3004 et
515 2943 604 3004 Filius
632 2945 730 3006 Patris
759 2955 805 3005 est
832 2947 932 3008 Filius.
975 2949 1015 3008 ιιι
1043 2950 1123 3008 enim
1152 2949 1222 3007 tons
1251 2964 1312 3008 non
1343 2957 1389 3008 est

159 3049 286 3118 durius,
316 3063 413 3123 neque
444 3044 553 3106 durius
577 3053 622 3105 est
643 3046 727 3116 sous,
758 3046 811 3106 sed
832 3056 957 3123 uterque
979 3065 1040 3104 uua
1062 3056 1092 3105 et
1113 3047 1215 3106 eadem
1238 3055 1283 3106 est
1303 3065 1385 3126 aqua,

158 3167 233 3227 quae
263 3165 299 3208 ex
328 3149 410 3208 sonte
438 3153 595 3224 permanat
617 3146 647 3206 in
671 3129 817 3216 flurium,
841 3147 886 3206 sie
907 3144 1045 3231 divinitas
1067 3164 1101 3205 ex
1123 3145 1208 3206 Patre
1228 3146 1257 3208 iu
1280 3147 1383 3208 lilium

158 3248 271 3326 absque
293 3246 422 3308 lluxione
446 3255 476 3306 et
499 3244 645 3306 divisione
668 3245 855 3308 diffunditur.
898 3245 975 3304 Hine
997 3244 1065 3305 dicit
1079 3245 1236 3308 Dominus:
1257 3249 1306 3310 Ba
1322 3250 1382 3310 Po-

159 3359 206 3410 tre
235 3351 320 3408 exivi
347 3357 375 3406 et
403 3349 501 3406 verrio.
544 3345 628 3424 Apud
650 3345 770 3406 Patrem
798 3354 894 3406 autem
924 3364 1042 3424 semper
1067 3347 1093 3407 is
1116 3357 1179 3420 est,
1212 3347 1262 3426 qui
1284 3345 1383 3408 estin

162 3447 225 3508 sinu
247 3445 360 3519 Patris,
390 3463 446 3506 nee
473 3463 611 3522 umquam
639 3447 724 3508 sinus
746 3447 842 3506 Patris
870 3446 937 3506 Filii
964 3447 1113 3509 divinitate
1135 3457 1183 3510 est
1204 3450 1383 3510 exinanitus.

161 3545 291 3624 Namque
318 3545 374 3605 ait:
403 3543 466 3624 Ego
496 3563 581 3608 erem
609 3547 691 3624 apud
718 3565 785 3607 eom
813 3565 1002 3626 componens.
1047 3547 1107 3608 Nee
1137 3568 1207 3608 vero
1237 3550 1383 3610 sentimus

164 3652 290 3706 ereatum
311 3653 362 3706 ant
382 3647 500 3718 laetum,
520 3654 572 3706 aut
594 3663 628 3706 er
644 3645 736 3705 nihilo
752 3664 822 3706 esse
835 3665 935 3706 rerum
951 3647 1085 3706 omnium
1100 3657 1264 3708 creatorem
1279 3647 1384 3716 lleurn,

165 3743 214 3805 Dei
235 3743 352 3818 Filium,
375 3763 409 3806 ex
433 3745 578 3806 existente
601 3745 788 3816 existentem,
811 3765 847 3807 er
869 3747 934 3806 solo
958 3744 1067 3818 solum,
1089 3747 1136 3806 eui
1158 3745 1195 3808 ab
1211 3747 1386 3807 aeternitate

170 3930 237 3990 tono,
257 3929 346 3992 inquo
365 3913 561 3977 iudicataru'ert
579 3931 641 3976 rinos
653 3933 674 3978 et
688 3941 762 3976 mora
804 3935 828 3974 et
846 3927 950 4004 Sequar.⁸
964 3917 1117 3993 υιοπᾶτιρα
1134 3927 1231 3978 babent.
1267 3929 1312 3978 dlii
1330 3943 1386 3978 rere

170 3999 223 4042 tuor.
805 3998 829 4040 et
847 3993 902 4039 edm
922 3987 1035 4040 vtonml

837 4073 858 4106 a.
877 4058 976 4117 Segner.
1000 4005 1156 4108 ualidorum
1199 4062 1235 4109 ld.
1263 4073 1317 4108 mot
1344 4073 1387 4123 ya-

198 4108 221 4156 b.
239 4097 339 4170 Segder.
358 4099 510 4170 testatem.
548 4107 600 4156 Neu
620 4107 717 4157 Gobler.
729 4115 752 4156 at
802 4120 956 4190 νενημένος,

169 4173 267 4224 felem·
286 4176 304 4224 ¹·
322 4189 392 4224 uun·
412 4167 449 4226 ds
465 4165 521 4238 ἔφη
541 4165 556 4219 ὅ
573 4165 674 4239 neptae.
837 4191 853 4240 ι
871 4183 934 4239 tar
949 4191 988 4240 ue
1006 4198 1030 4240 u
1047 4205 1102 4240 mox
1120 4191 1189 4240 neu
1207 4207 1222 4242 ι
1240 4190 1387 4242 couterino

801 4265 826 4308 et
843 4257 996 4306 Felekmanni
1011 4255 1034 4330 ΙΙ.
1052 4271 1181 4319 anonymo.

835 4338 858 4384 g.
876 4324 934 4384 [leg.
951 4335 1051 4386 τυχονς
1070 4324 1195 4370 mendose.

836 4391 860 4438 b.
879 4391 905 4439 ln
925 4403 984 4438 arsa.
997 4389 1096 4448 Segner.
1106 4387 1192 4448 etiteg.
1203 4387 1320 4452 particula
1332 4381 1389 4441 eet,

199 4451 336 4506 duriter.
354 4453 599 4508 eructuantem.
626 4453 748 4516 lordag.
802 4467 875 4518 ιιιιιι
894 4453 1108 4504 tteauietettu
1127 4453 1310 4513 adderentur
1330 4460 1375 4502 ert.

170 4354 179 4404 1
200 4305 219 4337 ι.
228 4283 277 4336 καί
286 4289 354 4340 abeat
363 4305 375 4338 a
385 4289 486 4351 Segner.
500 4287 598 4339 Gobler.
609 4297 633 4338 et
643 4289 750 4340 rotetur.

181 4391 186 4406 .
202 4367 273 4404 anon.
