3236 5286
585 391 693 436 ουτω
707 394 730 436 r.
746 393 862 436 cossus
875 392 1012 436 tunsos.
1344 379 1404 444 167

171 549 242 621 ost),
263 549 300 606 ut
319 539 448 606 llomino
469 540 635 616 adiurante,
656 549 688 604 et
708 541 759 604 illo
781 549 815 606 ut
835 543 914 605 solet
934 542 963 604 vi
981 551 1223 624 argumentorum
1236 553 1402 626 prostrato,
1411 557 1490 606 ens

169 645 228 726 ipsi
250 644 370 708 undem
392 643 587 718 ambustam,
602 645 774 706 humentem
795 643 952 718 sidentes,
975 646 1026 724 qui
1047 646 1196 710 haeresim
1217 648 1292 728 ipsis
1314 649 1400 712 inso-

169 746 305 820 miusrit,
327 746 491 826 saltemque
512 745 558 808 rel
579 763 648 808 sero
671 746 797 821 durent,
824 765 888 822 eus,
912 747 981 825 quis
1001 747 1101 810 triam
1122 749 1193 822 sint,
1215 747 1400 814 Christianos

168 865 234 910 non
254 865 334 910 esse.

259 1156 308 1216 11.
352 1151 475 1214 Dixistis
496 1151 588 1231 igitur
611 1149 799 1224 sisennus,
822 1149 872 1212 illo
894 1149 981 1212 soliis
1003 1161 1199 1233 suggerente,
1230 1153 1326 1216 luisse
1346 1155 1400 1216 sli-

170 1253 301 1334 qnando,
324 1273 390 1316 cnm
413 1272 474 1316 nou
498 1261 582 1314 esset
603 1251 707 1326 Filius,
730 1269 798 1314 nam
821 1252 880 1313 hoe
901 1252 1029 1331 primum
1051 1255 1144 1316 vestri
1166 1254 1326 1318 commenti
1349 1273 1401 1318 re-

170 1355 232 1418 lum
261 1353 475 1418 detrahendum
501 1362 562 1416 est
613 1353 692 1426 Quid
725 1371 796 1433 orgo
825 1354 881 1415 luit
908 1353 1083 1433 aliquando,
1117 1373 1183 1416 curu
1216 1355 1309 1418 Filius
1342 1374 1402 1418 non

171 1455 277 1520 esset‘l
305 1475 374 1520 nom
396 1457 470 1518 husu
491 1463 591 1518 restra
613 1463 685 1516 sunt
705 1454 812 1528 verbs,
843 1473 861 1515 o
883 1453 1021 1516 maledici
1042 1455 1186 1534 olimpii.
1230 1457 1262 1518 Si
1282 1457 1402 1520 Putrem

171 1577 240 1621 esse
263 1558 471 1638 respondetis,
499 1558 595 1619 msior
616 1563 714 1618 vestre
738 1563 786 1618 est
808 1555 962 1635 impietss3
991 1555 1074 1616 uelm
1096 1557 1204 1636 qnippe
1225 1569 1270 1622 est
1291 1560 1328 1622 ile
1350 1559 1401 1622 illo
1515 1551 1523 1561 ’

170 1659 280 1734 elisere,
302 1659 460 1740 aliquando
475 1659 541 1732 luit,
563 1659 609 1721 vel
630 1659 759 1722 eundem
780 1675 853 1718 rose
874 1657 1040 1738 aliquando
1063 1655 1239 1736 significare.
1268 1660 1400 1742 Namque

171 1770 202 1822 et
222 1780 342 1841 semper
364 1769 394 1822 et
415 1779 494 1822 nuno
515 1769 572 1833 ost,
595 1769 626 1822 et
646 1761 722 1822 Filio
745 1759 890 1820 existente
912 1766 975 1832 est3
997 1759 1065 1839 ipse
1087 1767 1136 1820 est
1150 1759 1201 1838 qui
1215 1770 1270 1834 est,
1293 1769 1324 1822 et
1337 1762 1403 1824 Filii

171 1860 270 1923 Peter.
315 1861 350 1922 Si
370 1879 442 1921 vero
463 1860 668 1938 respondetis,
698 1859 804 1922 Filium
832 1860 923 1922 luisse
951 1860 1125 1942 siquando,
1157 1879 1225 1922 cum
1256 1861 1323 1942 ipse
1344 1881 1405 1926 non

175 1971 268 2033 esset,
291 1961 380 2023 stulto
401 1962 535 2041 prolecto
556 1969 587 2022 et
608 1964 686 2024 letus
709 1971 755 2024 est
775 1963 947 2043 responsio.
991 1963 1063 2024 Nsrn
1084 1962 1134 2042 qui
1150 1962 1216 2024 fieri
1237 1969 1349 2042 potest,
1373 1971 1406 2026 ut

173 2071 205 2126 et
226 2063 292 2143 ipse
313 2070 397 2125 esset
425 2071 456 2124 et
482 2062 561 2126 idem
588 2063 656 2144 ipse
678 2083 740 2126 non
761 2063 867 2128 esset?
910 2064 1011 2143 ltaque
1033 2065 1204 2128 necessario
1234 2071 1343 2138 restet,
1372 2071 1406 2128 ut
1520 2095 1525 2110 ι

168 2163 422 2230 uuehselonne
443 2166 669 2246 respondeatis,
692 2167 787 2228 luisse
809 2165 967 2246 aliquando
990 2175 1125 2246 tempus,
1148 2183 1300 2229 oumnon
1321 2173 1404 2228 esset

169 2267 310 2330 Verbum.
353 2267 417 2330 lloo
443 2267 521 2330 enim
544 2278 675 2332 restrum
696 2267 870 2331 adverbium
892 2267 1055 2350 olipuoodo
1078 2268 1108 2328 id
1131 2287 1168 2331 ex
1189 2287 1223 2330 se
1245 2267 1401 2347 signifieat.

170 2369 260 2443 Quod
282 2369 352 2432 item
374 2388 479 2434 rursus
493 2370 686 2450 scripsistis:
715 2371 783 2430 Nou
812 2378 876 2430 eret
896 2368 990 2430 Filius
1017 2369 1189 2448 priusquam
1218 2377 1401 2444 nasceretur,

167 2471 248 2535 idem
271 2473 393 2534 omnino
415 2481 463 2535 est
485 2491 519 2534 se
540 2453 623 2544 illud,
646 2470 727 2550 quod
749 2469 864 2543 ‹licitis3
891 2469 959 2530 Fuit
979 2470 1153 2550 aliquando,
1175 2489 1242 2532 eum
1264 2489 1325 2534 non
1348 2489 1401 2532 es·

167 2581 231 2648 set;
252 2553 406 2654 'siquidem
437 2583 565 2652 uterque
586 2571 729 2650 loquendi
750 2571 857 2633 modus
880 2579 997 2651 tempus
1020 2577 1088 2632 suto
1110 2570 1239 2634 Verbum
1261 2589 1330 2634 esse
1351 2571 1400 2633 in-

168 2674 258 2736 ‹lioot
300 2675 456 2736 llnrlenam
478 2674 569 2751 igitur
591 2673 664 2734 bueo
684 2690 700 2732 a
722 2672 806 2734 vobis
829 2681 900 2734 sunt
921 2671 1111 2752 excogitata?
1147 2672 1183 2733 Ut
1205 2672 1276 2752 quid
1298 2680 1328 2733 et
1349 2689 1402 2734 vos

171 2781 312 2850 unquam
334 2784 436 2853 pentes
465 2775 636 2852 tremuistis
664 2783 692 2836 et
719 2778 824 2837 r‘uorrer
853 2774 979 2837 nomios
1007 2777 1156 2838 odoenus
1183 2774 1348 2836 Dominum
1375 2781 1403 2836 et

174 2873 324 2934 aduersos
349 2873 502 2936 Christum
533 2879 596 2935 erite
617 2874 823 2937 meditamini?
866 2875 951 2936 Nrrlls
973 2875 1052 2938 enim
1073 2875 1105 2936 iu
1127 2883 1212 2955 porte
1235 2881 1403 2938 sannarum

175 2972 396 3051 Soriplnrsrum
420 2972 476 3035 tels
497 2973 607 3054 aliquid
630 2976 667 3038 ile
689 2976 841 3038 salvatore
863 2983 967 3050 exstat,
994 2977 1048 3038 sod
1069 2975 1170 3054 potius
1192 2994 1229 3036 ex
1250 2974 1308 3036 illis
1330 2993 1401 3054 per-

175 3073 312 3154 spicuum
335 3083 391 3150 est,
414 3075 626 3156 sempiternum
643 3096 711 3139 eum
726 3087 756 3140 et
770 3087 923 3140 oeternum
938 3095 1017 3148 esse,
1041 3095 1218 3157 semperque
1234 3095 1300 3138 cum
1316 3077 1404 3140 Patre

174 3176 336 3238 exstitisse.
384 3177 458 3240 llam
486 3177 525 3240 ln
547 3183 704 3260 prompto
732 3190 801 3242 eror
831 3179 973 3250 Verium,
1007 3188 1037 3240 er
1068 3177 1192 3242 Vernos
1225 3189 1293 3242 erut
1321 3179 1403 3261 opud

171 3277 284 3351 Deum,
313 3291 342 3342 et
361 3280 444 3343 Deus
465 3291 534 3342 erut
559 3279 696 3344 Verbum.
741 3281 779 3342 Et
800 3280 831 3342 in
851 3278 1028 3359 Apocalypsi
1049 3277 1122 3342 haee
1142 3279 1303 3342 habentur:
1341 3281 1405 3355 Qus·

171 3392 231 3453 rer,
262 3385 314 3462 qui
334 3394 415 3453 mot,
445 3393 476 3445 et
496 3387 549 3464 pul
567 3395 717 3446 versurus
740 3393 795 3446 est.
840 3381 915 3456 Quis
936 3389 1035 3443 eutem
1057 3381 1260 3444 aeternitatem
1283 3382 1327 3454 ei,
1351 3399 1408 3459 qur

172 3487 270 3543 estet
291 3481 342 3561 qui
363 3491 443 3556 oret,
472 3483 572 3563 possit
597 3482 777 3546 detrahere?
821 3484 872 3546 Sio
893 3483 973 3544 enim
996 3490 1026 3544 et
1053 3482 1119 3562 ipse
1139 3483 1266 3556 Paulus,
1294 3489 1329 3543 ut
1349 3480 1401 3544 lu·

171 3579 262 3642 dseos'
283 3583 482 3656 eonriuoeret,
503 3583 638 3663 Epistola
659 3585 695 3646 sd
718 3585 869 3647 Romanos
892 3583 1030 3663 scripsit:
1057 3583 1107 3646 so
1128 3585 1236 3674 pullus
1261 3583 1402 3646 Clristss

173 3683 336 3746 seeundum
358 3703 496 3761 summ,
530 3689 583 3766 pul
609 3697 768 3768 estsuper
790 3690 892 3748 musio
912 3686 994 3750 Deru
1019 3686 1191 3748 leoninus
1215 3688 1247 3746 iu
1268 3681 1402 3746 soeculo.

173 3779 246 3843 Cum
267 3783 339 3844 item
362 3784 492 3847 Gentiles
515 3788 691 3862 oonlutnret,
712 3788 768 3850 sit:
791 3787 962 3850 lnoirr'lllio
984 3789 1065 3847 euim
1079 3789 1177 3864 ipsiius
1192 3803 1232 3846 en
1251 3787 1402 3848 creatione

172 3885 280 3945 mnudi
296 3903 355 3964 per
377 3901 430 3956 eo,
453 3904 527 3966 poor
550 3888 634 3965 [octo
655 3900 744 3963 suut,
767 3888 920 3952 intellectu
943 3887 1190 3964 conspiciuntur,
1219 3889 1403 3966 seorpiteruo

174 4003 289 4066 quoque
312 3989 376 4048 er'us
399 3988 500 4048 uirtus
523 3997 551 4048 et
574 3988 730 4051 diuinitus.
775 3986 858 4058 Quae
880 4004 953 4046 vero
974 3985 1015 4046 sit
1034 3984 1130 4046 virtus
1152 3983 1214 4062 llei,
1241 3986 1320 4048 idem
1342 3986 1400 4046 ite-

174 4137 282 4252 {aeep-lm.
299 4139 322 4214 1ζ
348 4135 494 4254 σῃμμίνέειν
516 4128 618 4218 αιξτόσν,
643 4130 690 4184 καὶ
714 4134 765 4184 νῦν
836 4137 1094 4254 elafiigsegnpmg}
1106 4139 1161 4202 lleg.
1180 4139 1265 4191 sodex.
1298 4139 1326 4188 11
1344 4137 1400 4188 editi

208 4217 426 4335 l.wgis}⁸epzt:?c
436 4217 675 4324 Ιιξᾜίιῗσῖΐιῐίἱι
695 4273 763 4324 deest
812 4218 863 4323 μΙ.
882 4218 981 4336 8:355:
994 4219 1029 4325 real
1045 4221 1232 4340 agripeta
1249 4265 1281 4320 τὸ
1300 4261 1399 4322 ileon,

175 4330 258 4388 loris.
812 4339 863 4392 lior
873 4343 1014 4402 Sessorium
1024 4344 1123 4395 Gobler.
1141 4350 1165 4392 sl
1183 4341 1287 4391 l'elelrn.
1299 4340 1321 4390 l.
1336 4331 1399 4388 rori·

209 4422 232 4468 3.
251 4407 351 4468 Sernes.
369 4407 466 4459 Goblsr.
480 4407 615 4458 etl’elolnr.
628 4402 758 4474 1.φῦσιν.
812 4421 870 4463 rosc
884 4403 942 4476 γὰρ
959 4405 1014 4460 καί.

209 4474 234 4523 1.
253 4473 309 4536 Res.
327 4473 440 4542 γενηθῇ.
478 4479 576 4539 Segner.
599 4475 759 4541 ysrqo‘vos
845 4492 876 4527 m.
895 4479 996 4540 segnes.
1021 4477 1119 4528 Gobler.
1143 4474 1249 4524 rateto.
1268 4474 1289 4524 l.
1326 4471 1399 4524 nasu.

209 4544 226 4590 i.
243 4540 343 4605 Seposr.
361 4545 460 4595 Goblrr.
484 4551 508 4595 st
524 4545 630 4596 l'elolm.
644 4546 666 4596 l.
683 4491 759 4604 Ϊξηῦ·
812 4551 837 4594 et
853 4545 945 4622 tuille.
963 4539 1070 4596 nasto
1087 4533 1218 4592 διδάσκει.
1253 4537 1400 4592 1111.Βυί1.

177 4620 281 4674 pueros
811 4623 943 4676 γραφων.
1068 4677 1073 4684 Ι
