3236 5286
247 361 290 412 ⁰'
583 367 691 436 omero
706 391 729 438 t.
744 389 862 436 nonam
873 391 1009 436 munos.
1352 374 1413 438 ¹89

182 547 398 614 delectabatur.
444 523 640 618 Quandonam
668 561 739 623 ergo
768 543 898 624 seipsum
920 542 1008 605 Pater
1034 559 1096 604 non
1118 541 1288 604 intuebatur
1309 541 1341 603 in
1364 540 1498 603 saiano

182 649 279 731 ipsius
301 647 439 725 imagine,
462 652 514 707 aut
534 644 721 726 quandonam
743 645 844 708 eadem
866 663 928 706 uon
950 641 1160 715 delectabatur,
1182 651 1216 704 ut
1229 643 1296 722 quis
1312 641 1413 704 dicero

183 750 299 823 audeat,
323 767 360 810 ex
381 746 474 810 nihilo
496 765 565 810 esse
586 745 754 826 imaginem,
776 765 833 807 nee
846 745 965 806 Patrem
983 742 1159 804 dammum
1175 761 1241 804 esse
1255 751 1412 824 antequam

178 854 280 932 ,imago
303 845 500 911 nasceretur?
543 847 602 920 Qut
625 866 698 910 vero
721 848 846 908 eneam
868 853 898 906 et
919 851 1038 906 meator
1060 841 1194 920 seipsum
1215 841 1246 901 in
1268 852 1362 906 necta
1383 851 1414 905 et

183 955 258 1017 lacta
279 957 384 1013 natura
405 953 510 1029 posset
531 943 748 1028 contemplari?
791 945 910 1006 Etenim
932 943 1001 1004 talis
1018 941 1117 1023 imago
1133 961 1204 1004 esse
1218 940 1317 1015 dehet,
1339 961 1414 1022 qua·

184 1053 221 1116 lis
244 1061 292 1116 est
314 1051 378 1114 eius
401 1051 499 1113 Pater.

271 1255 322 1317 at.
365 1251 425 1332 Age
447 1251 556 1330 itaque,
580 1267 655 1330 quae
677 1247 713 1310 ad
728 1246 844 1309 Patrem
867 1245 1018 1326 pertinent
1037 1245 1242 1328 inspiciamus,
1266 1229 1416 1325 quo‘pos-

187 1357 280 1418 simus
304 1353 480 1432 dignoscere
502 1358 603 1412 utrum
624 1349 722 1429 imago
744 1347 808 1410 eius
831 1347 881 1410 sit.
924 1347 1071 1410 aeternae
1093 1357 1140 1410 est
1158 1346 1266 1421 Peter,
1288 1345 1416 1408 immor-

188 1457 263 1532 talis,
285 1463 403 1535 potens,
425 1455 486 1525 lux,
507 1469 570 1524 rex,
594 1449 793 1540 omnipotens,
814 1449 905 1522 Deus,
927 1448 1084 1520 Dominus,
1107 1455 1223 1510 creatm
1237 1457 1267 1509 et
1281 1447 1415 1510 effector.

185 1559 266 1620 llaec
287 1575 359 1619 sane
380 1555 484 1618 eadem
505 1554 538 1615 in
559 1551 687 1632 imagine
708 1567 786 1614 esse
800 1557 930 1628 oportet,
957 1557 990 1610 ut
1010 1567 1081 1612 rere
1102 1549 1152 1630 qui
1171 1549 1277 1612 Filium
1298 1547 1415 1624 viderit,

185 1659 282 1722 rideat
301 1659 431 1720 Patrem.
474 1645 548 1718 Nam
569 1653 627 1716 crisi
649 1653 690 1715 ita
711 1652 767 1726 sit,
796 1651 868 1726 sed,
896 1659 928 1712 ut
947 1649 1049 1712 Amani
1070 1651 1218 1725 tendunt,
1241 1652 1333 1714 lactan
1355 1657 1414 1726 est,

186 1779 249 1822 non
270 1779 342 1822 sero
365 1766 504 1820 aeternus
524 1754 634 1828 Filius,
656 1770 719 1815 nou
741 1760 788 1816 est
807 1751 970 1814 hacorera
992 1751 1090 1832 imago
1110 1751 1225 1824 Patris,
1257 1751 1316 1812 nisi
1337 1753 1414 1813 torte

188 1861 305 1941 pudore
326 1857 410 1920 omni
432 1863 521 1918 exuto
545 1855 653 1927 dicant,
675 1853 755 1934 qnod
776 1853 868 1916 Filius
888 1852 986 1933 imago
1009 1853 1189 1934 appellatur,
1212 1869 1273 1914 non
1294 1850 1324 1912 id
1346 1869 1417 1913 esse

192 1959 297 2022 similis
319 1957 503 2020 substantiae
523 1955 672 2038 indicium,
696 1955 750 2016 sed
771 1953 836 2016 eius
855 1954 999 2018 duntaxat
1019 1972 1128 2017 nomen
1151 1971 1232 2018 esse.
1275 1951 1374 2032 Atqui,
1397 1971 1416 2013 o

192 2059 275 2140 impii
297 2069 326 2124 et
346 2060 451 2121 hostes
474 2057 592 2130 Christi,
615 2058 672 2148 hoe
693 2075 749 2119 nec
770 2056 867 2136 imago
889 2073 946 2118 nee
966 2057 1060 2136 ligura
1081 2064 1137 2118 est.
1172 2055 1254 2128 Quae
1276 2053 1355 2118 enim
1371 2051 1416 2114 si-

189 2159 323 2224 militudo
343 2179 445 2224 rerum
467 2177 484 2222 e
505 2157 596 2222 nihilo
617 2161 760 2222 laetarum
782 2177 849 2220 cum
872 2157 934 2230 illo,
957 2155 1007 2236 qni
1028 2173 1171 2236 ea,·quae
1185 2174 1245 2218 non
1266 2162 1360 2228 erant,
1382 2162 1417 2216 ιιι

188 2270 292 2326 essent
312 2261 443 2325 crearit?
464 2270 515 2324 ant
536 2279 594 2342 quo
616 2269 703 2341 pacto
726 2261 767 2332 id,
791 2261 872 2340 qnod
893 2277 956 2320 nou
978 2267 1040 2333 est,
1063 2259 1145 2333 eius,
1167 2257 1219 2339 qui
1240 2265 1296 2334 est,
1318 2254 1416 2318 simile

188 2382 257 2428 esse
279 2373 374 2445 queat,
397 2363 480 2427 mins
502 2363 529 2426 is
552 2363 684 2426 delectus
708 2369 765 2434 est,
788 2369 820 2422 nt
842 2359 998 2440 aliquando
1019 2378 1082 2423 non
1103 2361 1193 2423 luent
1214 2368 1244 2422 et
1265 2360 1343 2422 inter
1364 2375 1414 2420 ras

184 2469 275 2530 lacus
297 2467 471 2530 collocatum
495 2447 578 2527 siti'
602 2462 704 2526 triam
732 2460 822 2539 igitur
850 2479 916 2524 oum
938 2461 1042 2525 iillum
1071 2463 1111 2523 ita
1134 2479 1203 2524 esse
1223 2459 1330 2532 velint,
1359 2457 1417 2520 sihi

183 2569 260 2649 ipsis
282 2567 455 2631 huiusmodi
478 2563 682 2643 excogitavere
704 2561 892 2626 ratiunculas.
937 2562 1094 2636 Si‘Filins,
1116 2562 1264 2642 inquiunt,
1287 2563 1365 2622 letus
1388 2565 1419 2620 et

185 2653 285 2748 imago
308 2677 356 2730 est
373 2666 500 2738 Patris,¹
520 2665 547 2726 si
568 2665 699 2742 perfecte
722 2663 825 2727 similis
847 2673 894 2728 est
914 2664 1012 2738 Patri,
1043 2664 1134 2726 debet
1153 2671 1251 2737 certe,
1273 2655 1418 2740 quemad-

187 2767 312 2828 modum
334 2765 450 2844 genitns
474 2772 541 2842 est,
569 2763 614 2826 aio
639 2773 669 2827 et
695 2765 760 2844 ipse
787 2784 930 2845 generare
958 2766 1083 2845 fierique
1105 2765 1222 2844 etipse
1243 2761 1297 2822 ntit
1319 2763 1420 2837 pater3

191 2865 243 2946 qni
264 2865 335 2926 item
359 2883 394 2926 ex
415 2864 482 2943 ipso
505 2848 622 2943 genitus
644 2866 747 2938 luerit,
777 2885 920 2945 generare
941 2873 972 2928 et
991 2867 1058 2948 ipse
1081 2866 1185 2940 dehet,
1219 2871 1251 2926 et
1271 2859 1312 2922 ita
1333 2856 1420 2920 dein·
1500 2843 1503 2852 ’

192 2985 264 3046 ceps
286 2965 411 3041 infinite,
453 2965 485 3027 ld
509 2964 655 3044 siquidem
677 2966 818 3045 genitoris
841 2967 972 3047 genitum
996 2965 1124 3028 similem
1147 2961 1290 3027 ostendit.
1333 2957 1420 3020 Blas-

191 3067 378 3148 phemiarum
398 3084 455 3129 nae
476 3066 518 3129 illi
540 3066 721 3140 inventores,
743 3065 793 3146 qui
813 3067 866 3130 Dei
889 3067 984 3146 ipsius
1006 3067 1123 3138 hostes,
1146 3083 1183 3128 ne
1205 3067 1352 3127 lateaotnr
1366 3059 1514 3132 Fi-rm..

190 3169 264 3232 lium
278 3167 374 3231 Patris
396 3187 466 3232 esse
479 3168 649 3248 imaginem,
672 3187 817 3248 corporea
831 3177 862 3230 et
876 3167 1031 3229 terrestria
1046 3165 1082 3229 de
1095 3165 1162 3247 ipso
1175 3165 1265 3228 Patre
1280 3163 1417 3243 cogitant,

189 3270 367 3342 excisiones,
390 3268 565 3344 effluentiae,
588 3270 805 3340 influxionesre
826 3269 857 3332 in
878 3269 930 3331 illo
951 3261 1042 3349 p’rare
1063 3269 1182 3350 lingunt.
1226 3267 1369 3348 Equidem
1389 3266 1416 3329 si

189 3371 268 3437 Deus
290 3371 419 3434 hominis
442 3371 549 3435 similis
571 3381 629 3443 est,
653 3373 694 3434 sit
714 3372 802 3434 etiam
826 3372 968 3434 eomodo
984 3371 1100 3452 genitor
1118 3391 1176 3452 quo
1198 3371 1301 3445 homo,
1324 3370 1416 3432 Filius

190 3473 240 3534 fiat
259 3481 345 3554 pater
366 3474 509 3548 alterius,
531 3483 619 3554 atque
642 3475 682 3536 ita
704 3475 844 3554 deinceps
864 3473 915 3536 alii
937 3493 973 3536 ex
995 3473 1059 3536 aliis
1080 3482 1286 3554 procreentur,
1311 3481 1342 3534 ut
1363 3489 1416 3534 se-

191 3573 317 3636 cundum
338 3575 406 3638 illos
428 3577 459 3638 in
482 3577 605 3638 deorum
627 3577 843 3640 multitudinem
866 3585 980 3638 crescat
993 3595 1027 3638 ea
1041 3577 1211 3657 progenies.
1243 3573 1417 3635 tattaeus

191 3692 251 3736 noo
273 3683 321 3738 est
341 3685 374 3738 ut
393 3678 501 3752 homo,
530 3677 573 3740 nti
596 3695 698 3740 revera
718 3697 781 3740 non
803 3685 866 3752 est,
896 3695 969 3740 sane
995 3697 1052 3740 nec
1079 3677 1208 3740 humana
1231 3675 1269 3736 de
1291 3691 1327 3736 eo
1349 3673 1418 3736 lieet

188 3776 330 3854 1oogitare.
373 3777 490 3840 Etenim
511 3779 616 3844 brutae
638 3780 801 3842 animantes
822 3787 910 3860 atque
932 3780 1071 3841 homines
1086 3777 1114 3838 ri
1128 3776 1243 3856 primae
1258 3773 1416 3838 creationis

193 3875 241 3938 alii
262 3897 297 3940 ex
319 3878 384 3941 aliis
404 3881 598 3943 successione
620 3882 789 3961 gignuntm,
808 3889 843 3966 et
863 3881 902 3954 is,
924 3880 980 3966 qui¹
997 3877 1136 3957 gignitur,
1159 3896 1195 3939 ex
1212 3877 1312 3958 genito
1334 3885 1418 3957 petre

199 4111 530 4212 1ιδιιὸεειιειζιιιιες.
566 4131 593 4182 ln
613 4131 683 4182 editio
702 4139 781 4184 autem
835 4123 941 4198 portati
964 4137 1008 4182 etc.
1051 4131 1125 4182 l’aalo
1148 4139 1206 4198 poet
1228 4133 1300 4182 iidem
1319 4129 1418 4193 Sagoer.

196 4202 352 4252 comittitur.
387 4199 448 4251 ibid.
467 4201 497 4250 ad
516 4214 553 4250 ma
585 4201 649 4250 inem
667 4199 781 4250 haee'ha-
834 4199 972 4250 Gohleritd.
996 4207 1021 4250 et
1043 4200 1147 4252 Ealctm.
1168 4200 1191 4250 1.
1215 4190 1419 4266 daoddodswl

193 4267 237 4348 het
252 4261 405 4348 negatque
418 4261 457 4350 gip
476 4261 522 4346 aad
539 4260 599 4322 uice
614 4265 714 4346 reregi,
734 4259 781 4348 ἵζοι
832 4257 969 4335 ἐπιρροάς.
1166 4336 1171 4346 1
1272 4323 1328 4346 ..ι
1384 4323 1393 4342 Ι

192 4345 238 4451 di:
255 4349 397 4455 zdatqd‘ilgd
413 4331 602 4458 cmmode
618 4329 697 4455 dm
710 4327 780 4456 ¹,drotdr
833 4323 1419 4456 &glosaeoqffiqr.uezqnettangueorgoghqtog

194 4471 232 4532 sit,
253 4473 295 4522 sed
313 4479 346 4523 eat
365 4421 478 4524 dwtoudt
495 4421 566 4536 illidi.
599 4445 607 4467 ³
713 4421 728 4470 Ρ
832 4419 1217 4535 tetetnft.t1tpioytvimt
1244 4431 1418 4528 ibidsegder.

226 4538 246 4586 l.
263 4539 363 4603 Segner.
389 4540 486 4591 Gohler.
512 4549 537 4591 et
553 4539 659 4590 Eeiekm.
680 4541 705 4590 l.
722 4533 780 4593 dut·-
830 4534 876 4590 tul
894 4531 966 4590 οὕτω
985 4531 1014 4588 dd
1031 4529 1154 4594 καθεξῆς-

167 4651 170 4658 ,
197 4601 310 4670 aaran
345 4607 399 4672 llox
416 4607 515 4673 Segoer.
534 4599 708 4674 ὁμολογῶσι,
728 4617 780 4655 ou·
