3094 5318
457 347 603 392 salernu
618 345 662 389 ιιι.
677 347 715 389 an
727 313 926 389 'samsonem
1248 335 1308 396 777

8 503 127 566 etiam
156 501 290 563 videre
313 509 361 562 est
381 499 414 561 in
435 498 500 579 ipsa
523 505 625 558 sancta
646 495 749 558 llaria.
793 493 922 574 Angelus
945 494 1024 556 enim
1047 495 1166 558 Gabriel
1186 498 1309 572 missus,
1320 518 1396 562 asos.

10 613 54 666 ut
82 601 326 666 annunciaret
346 599 388 664 illi
410 598 498 662 Verbi
529 598 708 660 descensum
737 597 767 658 in
795 595 873 658 illam
902 595 982 656 lore:
1013 595 1148 678 Spiritus
1177 608 1310 671 sonetur,

16 706 81 779 ait,
114 705 352 786 superveniet
372 705 406 764 ia
429 709 466 772 te,
490 698 590 760 sciens
611 697 643 760 in
665 696 764 761 Terbo
787 714 856 758 esse
871 695 1026 774 Spiritum,
1048 697 1233 778 proindeque
1248 707 1312 761 sta-

16 806 84 868 tim
113 805 279 868 addidit:
309 802 350 866 lit
377 806 479 866 virtus
502 800 652 862 ditissimi
674 796 864 861 otomoroto
886 796 949 862 tili.
995 796 1135 861 Gloriatur
1157 803 1234 861 enim
1256 799 1316 862 Dei

21 911 151 971 virtue
181 917 220 970 et
248 905 314 968 Dei
333 906 483 984 supientia
504 912 560 964 est.
605 899 679 962 Cum
700 905 800 960 autem
822 897 951 977 Spiritus
973 897 1012 960 sit
1032 897 1064 959 in
1085 897 1194 975 Verbo,
1216 901 1323 980 palam·

22 1017 84 1072 est
119 1009 235 1070 etiam
271 1007 304 1068 in
324 1005 388 1068 Deo
416 1021 472 1084 per
494 1001 622 1066 Verbum
644 1018 714 1064 csse
737 999 891 1079 Spiritum.
935 998 973 1061 lit
1000 998 1041 1060 ita
1063 997 1175 1080 Spiritu
1197 1003 1234 1064 ad
1255 1021 1312 1066 nos

28 1109 204 1172 veniente
232 1104 362 1169 venient
381 1103 472 1166 Filius
495 1113 525 1166 et
544 1102 634 1164 Pater
656 1110 687 1164 et
707 1099 896 1164 mansionem
919 1100 998 1180 apud
1020 1118 1076 1194 nos
1098 1101 1215 1165 lacient
1259 1104 1312 1165 ln-

31 1211 150 1274 divisa
179 1227 327 1288 namque
347 1215 394 1269 est
414 1204 556 1283 Trinitas,
579 1211 610 1266 et
630 1221 689 1266 rma
710 1202 776 1264 eius
797 1200 951 1275 Divinitas,
974 1209 1005 1263 et
1025 1221 1103 1265 unus
1120 1202 1201 1266 Deus
1223 1223 1315 1286 super

5 1344 8 1378 ι
36 1311 175 1386 omnia,
203 1328 271 1392 per
293 1309 392 1372 omnia
414 1317 443 1370 et
464 1307 496 1369 in
518 1304 668 1368 omnibus.
713 1303 793 1366 llaec
814 1309 862 1364 est
876 1301 1043 1366 Catholicae
1057 1303 1206 1368 Ecclesiae
1228 1307 1313 1368 tides.

4 1457 7 1482 ,
36 1413 80 1476 In
109 1411 287 1475 Trinitato
308 1411 388 1472 enim
410 1409 506 1488 ipsam
528 1406 661 1470 fundarit
684 1412 714 1468 et
734 1404 877 1467 radicavit
896 1403 1057 1479 Dominus,
1081 1407 1131 1486 qui
1154 1407 1195 1468 ait
1216 1407 1313 1470 Disci-

40 1513 157 1594 pulis:
185 1511 315 1574 Baetes
338 1513 439 1575 docete
461 1527 562 1572 omnes
584 1519 702 1589 pentes,
727 1507 919 1588 baptizantes
941 1524 992 1569 eoa
1014 1511 1048 1570 ia
1069 1512 1190 1571 somine
1212 1509 1314 1574 Patris

42 1625 80 1677 et
106 1613 198 1678 Filii
223 1624 257 1676 et
279 1611 416 1693 Spiritus
439 1613 548 1672 eoacti.
580 1607 682 1680 'Quod
704 1607 730 1668 si
748 1607 878 1688 Spiritus
900 1616 1034 1670 creatura
1056 1618 1148 1685 esset,
1171 1629 1231 1672 non
1248 1629 1316 1674 eum

47 1734 130 1778 cum
156 1715 261 1776 Patra
283 1711 473 1792 copulasset,
495 1729 533 1772 ne
555 1709 686 1772 Trinitas
709 1708 766 1771 sibi
789 1708 847 1789 ipsi
870 1707 1022 1774 dissimilis
1046 1721 1143 1784 esset,
1167 1712 1194 1774 si
1216 1721 1315 1775 exua-

48 1791 158 1878 nenm
186 1812 348 1893 quidpiam
372 1821 401 1874 et
422 1812 550 1874 aliermm
572 1811 632 1892 ipsi
653 1809 872 1889 adiungeretur.
917 1809 997 1882 Quid
1020 1811 1099 1874 enim
1121 1812 1182 1874 Deo
1206 1814 1316 1887 deerat,

12 1968 17 1980 .
53 1924 95 1980 ut
120 1913 297 1994 quicquam
320 1913 454 1976 diversae
475 1913 658 1975 substantiae
679 1921 847 1974 assumeret
868 1920 898 1974 st
919 1929 986 1974 cum
1008 1912 1059 1974 illo
1079 1913 1316 1992 glorificaretur?

10 2069 14 2085 .
54 2016 169 2079 Absit.
222 2013 291 2076 Non
320 2016 360 2077 ita
388 2033 422 2076 sc
451 2032 500 2076 res
529 2013 628 2078 habet
673 2013 785 2076 Plenus
815 2032 897 2087 aum,
927 2014 968 2076 ait
995 2013 1071 2095 ipse.
1114 2014 1231 2077 Idcirco
1251 2016 1317 2097 ipss

56 2116 229 2180 Dominus
252 2133 320 2180 oum
341 2117 463 2178 nominc
484 2117 582 2180 Patris
605 2116 653 2178 sui
676 2099 759 2182 illum
781 2114 945 2196 copularit,
978 2124 1011 2178 ut
1038 2119 1226 2194 ostenderet,
1255 2137 1317 2182 non

60 2237 103 2281 ex
129 2217 271 2280 dirersis
293 2219 323 2280 id
346 2227 394 2280 est
415 2237 450 2279 ex
473 2225 608 2280 creatore
630 2225 660 2280 et
681 2224 815 2280 meatura
830 2227 961 2280 sanctam
977 2217 1151 2283 Trinitatem
1167 2229 1317 2295 constare,

12 2381 16 2395 ‚
63 2319 126 2382 sed
150 2337 252 2382 unam
275 2318 340 2381 eius
363 2319 546 2382 divinitatem
569 2337 647 2382 esse.
692 2319 758 2380 Hoc
778 2337 845 2381 eum
868 2317 1024 2382 didicisset
1043 2320 1170 2394 Paulus,
1194 2321 1320 2382 docebat

11 2483 16 2501 ι
64 2439 170 2482 unam
195 2439 268 2483 essa
289 2439 364 2500 quae
386 2421 417 2483 in
439 2421 505 2499 ipsa
524 2419 694 2498 (Trinitatel
717 2421 837 2482 daretur
851 2421 984 2500 matiam,
1007 2420 1126 2483 dicans:
1153 2420 1237 2484 Unus
1252 2422 1318 2485 Do-

69 2526 198 2595 minus,
222 2541 288 2584 ooo
308 2522 401 2602 fider,
424 2541 521 2584 unum
544 2521 702 2604 baptismo.
744 2521 783 2582 Ut
804 2529 902 2583 autern
924 2539 1016 2584 unum
1037 2521 1200 2601 baptisma,
1224 2523 1320 2587 sicet

12 2619 13 2622 ’
72 2637 140 2680 una
165 2619 266 2688 tides„
301 2622 360 2693 Qui
382 2623 461 2684 enim
484 2623 578 2685 credit
599 2621 630 2684 in
652 2622 779 2695 Patrem,
802 2621 885 2684 norit
907 2623 938 2684 in
960 2622 1046 2684 Patre
1068 2621 1174 2686 Filium
1198 2633 1227 2686 et
1247 2624 1318 2704 Spi-

12 2712 19 2726 “
73 2720 176 2781 ritum
200 2737 262 2783 non
285 2733 367 2784 extra
388 2723 511 2798 Filium,
545 2732 575 2786 et
601 2723 669 2786 ideo
699 2725 792 2786 credit
819 2731 850 2786 et
878 2725 908 2784 in
930 2719 1036 2784 Filium
1064 2732 1095 2785 et
1122 2724 1152 2785 in
1174 2724 1319 2805 Spiritum

7 2895 16 2932 γ’
71 2828 243 2898 sanctum3
266 2823 505 2903 qnandoquidem
529 2844 587 2888 una
610 2833 657 2888 est
671 2824 826 2889 Trinitatis
842 2823 991 2898 divinitas,
1014 2843 1088 2905 quas
1106 2844 1141 2888 ex
1157 2844 1217 2888 uno
1233 2826 1320 2890 Patre

73 2923 290 3001 cognoscitur.
1187 2945 1192 2950 ·

176 3334 207 3396 7.
252 3329 333 3392 liaeo
355 3338 402 3392 est
424 3331 585 3393 catholicae
607 3331 675 3392 lidei
697 3331 804 3392 lormn.
849 3330 907 3403 Qui
934 3339 1031 3394 autum
1062 3331 1269 3412 blasphemant
1290 3330 1321 3392 in

12 3424 18 3444 ⁸
86 3433 237 3514 Spiritum
259 3441 289 3493 ct
309 3431 412 3494 dicunt
433 3431 533 3512 ipsum
556 3450 626 3494 esso
648 3439 829 3506 oreatumm,
852 3431 879 3494 si
901 3451 937 3494 ex
958 3431 1012 3506 ils,
1047 3449 1121 3512 qnae
1143 3433 1322 3507 dictasunt,

16 3528 20 3544 '
87 3553 150 3598 non
171 3532 363 3612 resipiscunt,
386 3527 434 3595 r'el
456 3552 491 3595 ex
513 3533 560 3606 iis,
585 3551 660 3614 quaa
681 3533 804 3596 dicenda
827 3541 913 3607 sunt,
935 3532 1051 3614 pudore
1073 3534 1246 3596 alliciantur.
1290 3533 1323 3595 Si

89 3636 223 3699 Trinitas
238 3643 292 3697 est
314 3643 344 3697 et
364 3635 395 3697 ia
418 3635 563 3698 Trinitate
586 3638 643 3698 sita
666 3643 712 3696 est
732 3635 817 3710 fides,
840 3635 938 3698 dicant
958 3653 1031 3698 num
1052 3653 1171 3718 semper
1192 3635 1323 3698 Trinitas

92 3737 190 3812 luerit,
214 3734 260 3798 rel
282 3753 320 3798 an
340 3737 430 3798 luerit
451 3755 519 3800 cum
540 3755 602 3800 non
624 3745 707 3800 esset
721 3737 862 3800 Trinitas.
906 3737 938 3799 Si
961 3737 1058 3818 itaque
1080 3736 1262 3817 sempiterna
1278 3743 1326 3799 est

93 3837 236 3910 Trinitas,
258 3854 320 3898 nou
343 3854 414 3915 orgo
437 3845 534 3902 creata
556 3857 607 3900 res
630 3846 678 3901 est
699 3838 840 3918 Spiltus,
862 3837 912 3918 qui
935 3823 1056 3918 semper
1069 3837 1167 3899 Verbo
1190 3837 1326 3900 coexistit

97 4078 323 4147 cimencitia
349 4087 436 4137 desum
453 4087 476 4137 in
497 4087 643 4139 Goblerieno
662 4097 686 4140 et
738 4091 781 4140 sed
805 4088 920 4142 articulus
944 4090 1013 4142 deest
1035 4091 1059 4140 in
1077 4091 1166 4154 Regio,
1184 4091 1283 4152 Segner.
1302 4097 1326 4138 et

97 4156 237 4208 Telelml.
360 4165 364 4178 ·
738 4156 810 4207 Desii.
851 4157 944 4208 ibidem
967 4151 1015 4206 atei
1036 4158 1106 4210 deest
1130 4159 1154 4208 iu
1179 4157 1277 4210 Goblsr.
1303 4165 1326 4206 st

131 4228 153 4276 d.
171 4226 231 4286 llas.
249 4231 272 4272 tt
290 4221 389 4284 Segner.
414 4213 451 4275 ris
474 4211 564 4287 ὄνομα
582 4217 687 4288 πατρὸς
738 4225 843 4275 Talelm.
860 4225 883 4276 l.

97 4287 141 4342 set
156 4284 218 4342 eiad
236 4284 283 4338 soi
300 4283 381 4354 sirion
397 4282 558 4356 arriperes.
787 4327 794 4342 .
812 4293 853 4344 Sic
871 4293 928 4355 iles.
947 4300 971 4343 et
989 4293 1060 4356 Sego.
1095 4293 1123 4343 la
1141 4293 1212 4343 aditis
1231 4297 1255 4341 et
1272 4291 1327 4342 aliis
1356 4305 1360 4313 ·

12 4386 13 4390 =
133 4376 153 4410 a.
170 4361 230 4422 lies.
248 4368 272 4409 et
289 4359 389 4420 Segosa
406 4351 500 4408 ἔλειπε.
526 4359 589 4409 Editi
600 4349 682 4408 ἔλιπε.
735 4307 875 4412 aoldeest.
910 4360 963 4411 llos
981 4361 1038 4424 lter.
1062 4368 1086 4411 at
1103 4363 1203 4424 sepner.
1221 4350 1324 4418 ἐπειδή,

131 4429 148 4478 l.
166 4429 200 4477 lta
225 4427 282 4488 lleg.
306 4427 405 4488 Seguer.
425 4435 448 4477 et
465 4426 591 4476 Basilicus.
610 4435 684 4478 recte.
736 4427 794 4478 editi
813 4427 896 4506 etalii
915 4420 980 4478 tuat.

13 4520 14 4524 κ
102 4491 160 4544 Editi
177 4509 232 4544 sero
252 4485 343 4542 atron
382 4493 456 4544 Panlo
497 4503 535 4544 ost
554 4495 610 4544 editi
629 4509 684 4544 cum
770 4496 794 4545 ιι.
814 4509 863 4544 ουν
881 4497 950 4547 deest
968 4495 1075 4548 inDasil.
1095 4504 1119 4548 et
1137 4510 1193 4548 mox
1210 4493 1326 4546 articulus

104 4561 241 4624 quibusdam
260 4577 318 4612 mss·
338 4557 681 4618 halentrouantexslorov,
736 4554 793 4612 din
813 4565 868 4626 lieg.
897 4559 902 4568 ’
