<?xml version="1.0" encoding="UTF-8"?>
<!DOCTYPE html PUBLIC "-//W3C//DTD XHTML 1.0 Transitional//EN"
    "http://www.w3.org/TR/xhtml1/DTD/xhtml1-transitional.dtd">
<html xmlns="http://www.w3.org/1999/xhtml" xml:lang="en" lang="en">
 <head>
  <title>
</title>
<meta http-equiv="Content-Type" content="text/html;charset=utf-8" />
  <meta name='ocr-system' content='tesseract 3.04.00' />
  <meta name='ocr-capabilities' content='ocr_page ocr_carea ocr_par ocr_line ocrx_word'/>
</head>
<body>
  <div class='ocr_page' id='page_1' title='image "./sanctiathanasii00athagoog_0778.png"; bbox 0 0 3094 5318; ppageno 0'>
   <div class='ocr_carea' id='block_1_1' title="bbox 481 359 1323 432">
    <p class='ocr_par' dir='ltr' id='par_1_1' title="bbox 481 359 1323 432">
     <span class='ocr_line' id='line_1_1' title="bbox 481 359 1323 432; baseline 0.011 -10"><span class='ocrx_word' id='word_1_1' title='bbox 481 359 642 422; x_wconf 79' lang='lat' dir='ltr'>&#39;sorerem</span> <span class='ocrx_word' id='word_1_2' title='bbox 656 377 677 422; x_wconf 87' lang='lat' dir='ltr'>r.</span> <span class='ocrx_word' id='word_1_3' title='bbox 693 379 730 422; x_wconf 83' lang='lat' dir='ltr'>sn</span> <span class='ocrx_word' id='word_1_4' title='bbox 746 377 943 424; x_wconf 75' lang='lat' dir='ltr'>senoniense.</span> <span class='ocrx_word' id='word_1_5' title='bbox 1263 367 1323 432; x_wconf 82' lang='lat'>733</span> 
     </span>
    </p>
   </div>
   <div class='ocr_carea' id='block_1_2' title="bbox 13 527 1427 3030">
    <p class='ocr_par' dir='ltr' id='par_1_2' title="bbox 76 527 1427 1722">
     <span class='ocr_line' id='line_1_2' title="bbox 89 527 1409 611; baseline -0.002 -19"><span class='ocrx_word' id='word_1_6' title='bbox 89 529 226 610; x_wconf 77' lang='lat' dir='ltr'>Spiritus</span> <span class='ocrx_word' id='word_1_7' title='bbox 250 537 380 602; x_wconf 83' lang='lat' dir='ltr'>sanctus,</span> <span class='ocrx_word' id='word_1_8' title='bbox 403 529 454 608; x_wconf 90' lang='lat' dir='ltr'>qui</span> <span class='ocrx_word' id='word_1_9' title='bbox 475 527 507 590; x_wconf 92' lang='lat' dir='ltr'>in</span> <span class='ocrx_word' id='word_1_10' title='bbox 527 527 591 590; x_wconf 75' lang='lat' dir='ltr'>lieo</span> <span class='ocrx_word' id='word_1_11' title='bbox 614 535 670 603; x_wconf 76' lang='lat' dir='ltr'>est,</span> <span class='ocrx_word' id='word_1_12' title='bbox 692 527 882 591; x_wconf 87' lang='lat' dir='ltr'>immutabilis</span> <span class='ocrx_word' id='word_1_13' title='bbox 905 538 934 592; x_wconf 91' lang='lat' dir='ltr'>et</span> <span class='ocrx_word' id='word_1_14' title='bbox 955 529 1145 608; x_wconf 89' lang='lat' dir='ltr'>incorruptus</span> <span class='ocrx_word' id='word_1_15' title='bbox 1168 531 1409 611; x_wconf 66' lang='lat' dir='ltr'>omnisqueasscu.</span> 
     </span>
     <span class='ocr_line' id='line_1_3' title="bbox 76 619 1363 712; baseline 0.001 -20"><span class='ocrx_word' id='word_1_16' title='bbox 76 629 309 712; x_wconf 26' lang='lat' dir='ltr'>‘vicissitudinis</span> <span class='ocrx_word' id='word_1_17' title='bbox 331 648 437 710; x_wconf 78' lang='lat' dir='ltr'>expers</span> <span class='ocrx_word' id='word_1_18' title='bbox 465 648 534 692; x_wconf 86' lang='lat' dir='ltr'>csse</span> <span class='ocrx_word' id='word_1_19' title='bbox 556 630 723 692; x_wconf 88' lang='lat' dir='ltr'>censendus</span> <span class='ocrx_word' id='word_1_20' title='bbox 745 619 801 692; x_wconf 85' lang='lat' dir='ltr'>dst.</span> <span class='ocrx_word' id='word_1_21' title='bbox 844 630 883 691; x_wconf 94' lang='lat' dir='ltr'>At</span> <span class='ocrx_word' id='word_1_22' title='bbox 903 649 1002 692; x_wconf 88' lang='lat' dir='ltr'>rerum</span> <span class='ocrx_word' id='word_1_23' title='bbox 1025 632 1165 693; x_wconf 88' lang='lat' dir='ltr'>laetarum</span> <span class='ocrx_word' id='word_1_24' title='bbox 1188 639 1218 692; x_wconf 93' lang='lat' dir='ltr'>et</span> <span class='ocrx_word' id='word_1_25' title='bbox 1239 649 1323 694; x_wconf 89' lang='lat' dir='ltr'>crea-</span> <span class='ocrx_word' id='word_1_26' title='bbox 1358 706 1363 712; x_wconf 23' lang='lat'>¹</span> 
     </span>
     <span class='ocr_line' id='line_1_4' title="bbox 88 723 1326 820; baseline 0 -26"><span class='ocrx_word' id='word_1_27' title='bbox 88 739 191 794; x_wconf 86' lang='lat' dir='ltr'>tarum</span> <span class='ocrx_word' id='word_1_28' title='bbox 214 739 318 792; x_wconf 88' lang='lat' dir='ltr'>natura</span> <span class='ocrx_word' id='word_1_29' title='bbox 341 731 490 792; x_wconf 85' lang='lat' dir='ltr'>mutabilis</span> <span class='ocrx_word' id='word_1_30' title='bbox 513 740 575 805; x_wconf 90' lang='lat' dir='ltr'>ast,</span> <span class='ocrx_word' id='word_1_31' title='bbox 602 738 717 820; x_wconf 86' lang='lat' dir='ltr'>utpote</span> <span class='ocrx_word' id='word_1_32' title='bbox 735 749 811 810; x_wconf 87' lang='lat' dir='ltr'>quac</span> <span class='ocrx_word' id='word_1_33' title='bbox 832 731 872 792; x_wconf 90' lang='lat' dir='ltr'>sit</span> <span class='ocrx_word' id='word_1_34' title='bbox 893 739 973 793; x_wconf 84' lang='lat' dir='ltr'>extra</span> <span class='ocrx_word' id='word_1_35' title='bbox 996 732 1046 792; x_wconf 77' lang='lat' dir='ltr'>liei</span> <span class='ocrx_word' id='word_1_36' title='bbox 1078 723 1272 794; x_wconf 75' lang='lat' dir='ltr'><strong>substantiam</strong></span> <span class='ocrx_word' id='word_1_37' title='bbox 1295 740 1326 794; x_wconf 89' lang='lat' dir='ltr'>et</span> 
     </span>
     <span class='ocr_line' id='line_1_5' title="bbox 91 825 1427 912; baseline 0.001 -18"><span class='ocrx_word' id='word_1_38' title='bbox 91 832 227 894; x_wconf 80' lang='lat' dir='ltr'>‘enibilo</span> <span class='ocrx_word' id='word_1_39' title='bbox 249 833 404 894; x_wconf 84' lang='lat' dir='ltr'>exstiterit.</span> <span class='ocrx_word' id='word_1_40' title='bbox 448 832 601 912; x_wconf 79' lang='lat' dir='ltr'>Siquidem</span> <span class='ocrx_word' id='word_1_41' title='bbox 626 832 730 893; x_wconf 82' lang='lat' dir='ltr'>Omnis</span> <span class='ocrx_word' id='word_1_42' title='bbox 753 829 856 903; x_wconf 69' lang='lat' dir='ltr'>boma</span> <span class='ocrx_word' id='word_1_43' title='bbox 872 831 977 911; x_wconf 86' lang='lat' dir='ltr'>inquit,</span> <span class='ocrx_word' id='word_1_44' title='bbox 999 835 1137 904; x_wconf 79' lang='lat' dir='ltr'>mendac,</span> <span class='ocrx_word' id='word_1_45' title='bbox 1160 839 1191 894; x_wconf 91' lang='lat' dir='ltr'>et</span> <span class='ocrx_word' id='word_1_46' title='bbox 1212 825 1325 895; x_wconf 77' lang='lat' dir='ltr'>omnes</span> <span class='ocrx_word' id='word_1_47' title='bbox 1425 825 1427 832; x_wconf 74' lang='grc'><strong>’</strong></span> 
     </span>
     <span class='ocr_line' id='line_1_6' title="bbox 84 923 1409 1016; baseline -0.002 -18"><span class='ocrx_word' id='word_1_48' title='bbox 84 927 298 1016; x_wconf 73' lang='lat' dir='ltr'>pedcaoernnt</span> <span class='ocrx_word' id='word_1_49' title='bbox 320 944 349 996; x_wconf 92' lang='lat' dir='ltr'>et</span> <span class='ocrx_word' id='word_1_50' title='bbox 371 944 456 1014; x_wconf 71' lang='lat' dir='ltr'>egent</span> <span class='ocrx_word' id='word_1_51' title='bbox 476 934 576 1012; x_wconf 78' lang='lat' dir='ltr'>gloria</span> <span class='ocrx_word' id='word_1_52' title='bbox 598 931 663 994; x_wconf 75' lang='lat' dir='ltr'>bei.</span> <span class='ocrx_word' id='word_1_53' title='bbox 708 931 837 1012; x_wconf 74' lang='lat' dir='ltr'>Angelos</span> <span class='ocrx_word' id='word_1_54' title='bbox 860 951 943 1004; x_wconf 86' lang='lat' dir='ltr'>nero,</span> <span class='ocrx_word' id='word_1_55' title='bbox 968 937 1021 1016; x_wconf 78' lang='lat' dir='ltr'>qui</span> <span class='ocrx_word' id='word_1_56' title='bbox 1040 953 1103 996; x_wconf 90' lang='lat' dir='ltr'>non</span> <span class='ocrx_word' id='word_1_57' title='bbox 1121 923 1409 998; x_wconf 74' lang='lat' dir='ltr'>seroaoeruntren.</span> 
     </span>
     <span class='ocr_line' id='line_1_7' title="bbox 90 1034 1325 1117; baseline 0 -18"><span class='ocrx_word' id='word_1_58' title='bbox 90 1055 184 1100; x_wconf 84' lang='lat' dir='ltr'>suum</span> <span class='ocrx_word' id='word_1_59' title='bbox 201 1039 423 1117; x_wconf 78' lang='lat' dir='ltr'>principatum,</span> <span class='ocrx_word' id='word_1_60' title='bbox 454 1036 507 1097; x_wconf 88' lang='lat' dir='ltr'>sed</span> <span class='ocrx_word' id='word_1_61' title='bbox 529 1034 756 1116; x_wconf 74' lang='lat' dir='ltr'>dereliquerunt</span> <span class='ocrx_word' id='word_1_62' title='bbox 784 1052 873 1095; x_wconf 87' lang='lat' dir='ltr'>suum</span> <span class='ocrx_word' id='word_1_63' title='bbox 895 1035 1090 1106; x_wconf 72' lang='lat' dir='ltr'><strong><em>domicilium,</em></strong></span> <span class='ocrx_word' id='word_1_64' title='bbox 1120 1039 1154 1096; x_wconf 88' lang='lat' dir='ltr'>in</span> <span class='ocrx_word' id='word_1_65' title='bbox 1182 1037 1325 1098; x_wconf 75' lang='lat' dir='ltr'>indicium</span> 
     </span>
     <span class='ocr_line' id='line_1_8' title="bbox 86 1132 1348 1217; baseline -0.002 -17"><span class='ocrx_word' id='word_1_66' title='bbox 86 1141 195 1217; x_wconf 67' lang='lat' dir='ltr'>magen</span> <span class='ocrx_word' id='word_1_67' title='bbox 222 1139 281 1200; x_wconf 89' lang='lat' dir='ltr'>diei</span> <span class='ocrx_word' id='word_1_68' title='bbox 307 1132 437 1198; x_wconf 87' lang='lat' dir='ltr'>uinculis</span> <span class='ocrx_word' id='word_1_69' title='bbox 466 1139 600 1198; x_wconf 71' lang='lat' dir='ltr'>aeternus</span> <span class='ocrx_word' id='word_1_70' title='bbox 629 1135 684 1197; x_wconf 86' lang='lat' dir='ltr'>sub</span> <span class='ocrx_word' id='word_1_71' title='bbox 714 1134 839 1213; x_wconf 76' lang='lat' dir='ltr'>caligine</span> <span class='ocrx_word' id='word_1_72' title='bbox 873 1140 1052 1198; x_wconf 72' lang='lat' dir='ltr'><strong><em>reservavit.</em></strong></span> <span class='ocrx_word' id='word_1_73' title='bbox 1098 1135 1135 1196; x_wconf 83' lang='lat' dir='ltr'>Et</span> <span class='ocrx_word' id='word_1_74' title='bbox 1156 1137 1233 1215; x_wconf 89' lang='lat' dir='ltr'>apud</span> <span class='ocrx_word' id='word_1_75' title='bbox 1254 1135 1348 1198; x_wconf 78' lang='lat' dir='ltr'>lcbz·</span> 
     </span>
     <span class='ocr_line' id='line_1_9' title="bbox 91 1236 1325 1318; baseline 0 -18"><span class='ocrx_word' id='word_1_76' title='bbox 91 1239 131 1301; x_wconf 88' lang='lat' dir='ltr'>Si</span> <span class='ocrx_word' id='word_1_77' title='bbox 152 1243 265 1304; x_wconf 88' lang='lat' dir='ltr'>sonatis</span> <span class='ocrx_word' id='word_1_78' title='bbox 287 1237 409 1316; x_wconf 78' lang='lat' dir='ltr'>Angelis</span> <span class='ocrx_word' id='word_1_79' title='bbox 441 1240 506 1300; x_wconf 84' lang='lat' dir='ltr'>suis</span> <span class='ocrx_word' id='word_1_80' title='bbox 534 1254 596 1298; x_wconf 93' lang='lat' dir='ltr'>non</span> <span class='ocrx_word' id='word_1_81' title='bbox 622 1236 707 1316; x_wconf 71' lang='lat' dir='ltr'>fidit,</span> <span class='ocrx_word' id='word_1_82' title='bbox 735 1236 788 1297; x_wconf 88' lang='lat' dir='ltr'>sed</span> <span class='ocrx_word' id='word_1_83' title='bbox 816 1245 924 1298; x_wconf 91' lang='lat' dir='ltr'>contro</span> <span class='ocrx_word' id='word_1_84' title='bbox 945 1236 1074 1315; x_wconf 76' lang='lat' dir='ltr'>Angelos</span> <span class='ocrx_word' id='word_1_85' title='bbox 1099 1254 1233 1316; x_wconf 84' lang='lat' dir='ltr'>pronoen</span> <span class='ocrx_word' id='word_1_86' title='bbox 1254 1239 1325 1318; x_wconf 78' lang='lat' dir='ltr'>quid</span> 
     </span>
     <span class='ocr_line' id='line_1_10' title="bbox 86 1336 1324 1420; baseline -0.004 -17"><span class='ocrx_word' id='word_1_87' title='bbox 86 1344 248 1420; x_wconf 73' lang='lat' dir='ltr'>,cogitauit</span> <span class='ocrx_word' id='word_1_88' title='bbox 292 1337 406 1401; x_wconf 76' lang='lat' dir='ltr'><em>Stellae</em></span> <span class='ocrx_word' id='word_1_89' title='bbox 434 1355 507 1400; x_wconf 86' lang='lat' dir='ltr'>aero</span> <span class='ocrx_word' id='word_1_90' title='bbox 529 1350 592 1400; x_wconf 85' lang='lat' dir='ltr'>nats</span> <span class='ocrx_word' id='word_1_91' title='bbox 615 1347 687 1398; x_wconf 81' lang='lat' dir='ltr'>nent</span> <span class='ocrx_word' id='word_1_92' title='bbox 706 1336 837 1399; x_wconf 86' lang='lat' dir='ltr'>mundae</span> <span class='ocrx_word' id='word_1_93' title='bbox 859 1340 891 1398; x_wconf 88' lang='lat' dir='ltr'>in</span> <span class='ocrx_word' id='word_1_94' title='bbox 913 1347 1073 1416; x_wconf 84' lang='lat' dir='ltr'>conspecto</span> <span class='ocrx_word' id='word_1_95' title='bbox 1094 1342 1171 1400; x_wconf 83' lang='lat' dir='ltr'>eius.</span> <span class='ocrx_word' id='word_1_96' title='bbox 1214 1337 1324 1400; x_wconf 88' lang='lat' dir='ltr'>Paulus</span> 
     </span>
     <span class='ocr_line' id='line_1_11' title="bbox 92 1435 1325 1522; baseline -0.002 -20"><span class='ocrx_word' id='word_1_97' title='bbox 92 1447 195 1502; x_wconf 87' lang='lat' dir='ltr'>autem</span> <span class='ocrx_word' id='word_1_98' title='bbox 224 1439 341 1522; x_wconf 73' lang='lat' dir='ltr'>scgibit:</span> <span class='ocrx_word' id='word_1_99' title='bbox 371 1439 500 1502; x_wconf 84' lang='lat' dir='ltr'>Nescitis</span> <span class='ocrx_word' id='word_1_100' title='bbox 527 1439 669 1519; x_wconf 78' lang='lat' dir='ltr'>quoniam</span> <span class='ocrx_word' id='word_1_101' title='bbox 691 1436 819 1515; x_wconf 75' lang='lat' dir='ltr'>Angelos</span> <span class='ocrx_word' id='word_1_102' title='bbox 840 1435 1064 1500; x_wconf 71' lang='lat' dir='ltr'>indicabimus?</span> <span class='ocrx_word' id='word_1_103' title='bbox 1091 1449 1203 1520; x_wconf 77' lang='lat' dir='ltr'>quanto</span> <span class='ocrx_word' id='word_1_104' title='bbox 1231 1443 1325 1518; x_wconf 77' lang='lat' dir='ltr'>magr&#39;s</span> 
     </span>
     <span class='ocr_line' id='line_1_12' title="bbox 92 1536 1323 1622; baseline -0.004 -18"><span class='ocrx_word' id='word_1_105' title='bbox 92 1539 273 1604; x_wconf 71' lang='lat' dir='ltr'>senuna?</span> <span class='ocrx_word' id='word_1_106' title='bbox 317 1539 397 1613; x_wconf 85' lang='lat' dir='ltr'>Quin</span> <span class='ocrx_word' id='word_1_107' title='bbox 421 1539 510 1601; x_wconf 87' lang='lat' dir='ltr'>ctiam</span> <span class='ocrx_word' id='word_1_108' title='bbox 531 1537 706 1610; x_wconf 86' lang='lat' dir='ltr'>audirimus,</span> <span class='ocrx_word' id='word_1_109' title='bbox 730 1536 892 1611; x_wconf 89' lang='lat' dir='ltr'>diabolum,</span> <span class='ocrx_word' id='word_1_110' title='bbox 918 1537 968 1622; x_wconf 88' lang='lat' dir='ltr'>qui</span> <span class='ocrx_word' id='word_1_111' title='bbox 989 1537 1021 1598; x_wconf 92' lang='lat' dir='ltr'>in</span> <span class='ocrx_word' id='word_1_112' title='bbox 1042 1537 1141 1599; x_wconf 88' lang='lat' dir='ltr'>medio</span> <span class='ocrx_word' id='word_1_113' title='bbox 1165 1539 1323 1601; x_wconf 82' lang='lat' dir='ltr'>Cherubim</span> 
     </span>
     <span class='ocr_line' id='line_1_13' title="bbox 93 1637 1321 1722; baseline -0.002 -20"><span class='ocrx_word' id='word_1_114' title='bbox 93 1641 195 1704; x_wconf 86' lang='lat' dir='ltr'>stabat</span> <span class='ocrx_word' id='word_1_115' title='bbox 214 1648 245 1702; x_wconf 93' lang='lat' dir='ltr'>et</span> <span class='ocrx_word' id='word_1_116' title='bbox 264 1639 448 1722; x_wconf 78' lang='lat' dir='ltr'>signaculum</span> <span class='ocrx_word' id='word_1_117' title='bbox 472 1637 674 1700; x_wconf 82' lang='lat' dir='ltr'>similitudinis</span> <span class='ocrx_word' id='word_1_118' title='bbox 697 1645 776 1710; x_wconf 91' lang='lat' dir='ltr'>erat,</span> <span class='ocrx_word' id='word_1_119' title='bbox 799 1655 817 1700; x_wconf 89' lang='lat' dir='ltr'>e</span> <span class='ocrx_word' id='word_1_120' title='bbox 837 1637 919 1700; x_wconf 89' lang='lat' dir='ltr'>caelo</span> <span class='ocrx_word' id='word_1_121' title='bbox 943 1638 1027 1716; x_wconf 89' lang='lat' dir='ltr'>qussi</span> <span class='ocrx_word' id='word_1_122' title='bbox 1049 1639 1147 1718; x_wconf 80' lang='lat' dir='ltr'>fulgur</span> <span class='ocrx_word' id='word_1_123' title='bbox 1167 1639 1321 1702; x_wconf 89' lang='lat' dir='ltr'>cecidisse.</span> 
     </span>
    </p>

    <p class='ocr_par' dir='ltr' id='par_1_3' title="bbox 91 1739 1324 1921">
     <span class='ocr_line' id='line_1_14' title="bbox 92 1739 1324 1822; baseline -0.002 -18"><span class='ocrx_word' id='word_1_124' title='bbox 92 1743 127 1805; x_wconf 92' lang='lat' dir='ltr'>Si</span> <span class='ocrx_word' id='word_1_125' title='bbox 148 1760 241 1822; x_wconf 87' lang='lat' dir='ltr'>porro</span> <span class='ocrx_word' id='word_1_126' title='bbox 265 1759 299 1802; x_wconf 92' lang='lat' dir='ltr'>ea</span> <span class='ocrx_word' id='word_1_127' title='bbox 328 1748 377 1802; x_wconf 90' lang='lat' dir='ltr'>est</span> <span class='ocrx_word' id='word_1_128' title='bbox 401 1757 503 1802; x_wconf 88' lang='lat' dir='ltr'>rerum</span> <span class='ocrx_word' id='word_1_129' title='bbox 532 1747 696 1802; x_wconf 81' lang='lat' dir='ltr'>crastenum</span> <span class='ocrx_word' id='word_1_130' title='bbox 725 1744 830 1810; x_wconf 86' lang='lat' dir='ltr'>natura</span> <span class='ocrx_word' id='word_1_131' title='bbox 857 1746 888 1800; x_wconf 88' lang='lat' dir='ltr'>et</span> <span class='ocrx_word' id='word_1_132' title='bbox 914 1739 988 1802; x_wconf 89' lang='lat' dir='ltr'>haee</span> <span class='ocrx_word' id='word_1_133' title='bbox 1015 1739 1052 1800; x_wconf 91' lang='lat' dir='ltr'>de</span> <span class='ocrx_word' id='word_1_134' title='bbox 1072 1740 1191 1819; x_wconf 75' lang='lat' dir='ltr'>Angelis</span> <span class='ocrx_word' id='word_1_135' title='bbox 1214 1741 1324 1822; x_wconf 89' lang='lat' dir='ltr'>scripta</span> 
     </span>
     <span class='ocr_line' id='line_1_15' title="bbox 91 1829 1323 1921; baseline -0.002 -16"><span class='ocrx_word' id='word_1_136' title='bbox 91 1851 175 1916; x_wconf 84' lang='lat' dir='ltr'>sunt,</span> <span class='ocrx_word' id='word_1_137' title='bbox 198 1842 225 1902; x_wconf 90' lang='lat' dir='ltr'>si</span> <span class='ocrx_word' id='word_1_138' title='bbox 247 1849 350 1903; x_wconf 77' lang='lat' dir='ltr'>eonua</span> <span class='ocrx_word' id='word_1_139' title='bbox 373 1841 503 1921; x_wconf 80' lang='lat' dir='ltr'>Spiritus</span> <span class='ocrx_word' id='word_1_140' title='bbox 526 1841 605 1902; x_wconf 93' lang='lat' dir='ltr'>idem</span> <span class='ocrx_word' id='word_1_141' title='bbox 627 1857 747 1919; x_wconf 79' lang='lat' dir='ltr'>semper</span> <span class='ocrx_word' id='word_1_142' title='bbox 769 1848 800 1902; x_wconf 88' lang='lat' dir='ltr'>et</span> <span class='ocrx_word' id='word_1_143' title='bbox 820 1835 921 1902; x_wconf 72' lang='lat' dir='ltr'>omnis‘</span> <span class='ocrx_word' id='word_1_144' title='bbox 941 1829 1114 1902; x_wconf 80' lang='lat' dir='ltr'>mutationis</span> <span class='ocrx_word' id='word_1_145' title='bbox 1137 1859 1244 1920; x_wconf 84' lang='lat' dir='ltr'>expers</span> <span class='ocrx_word' id='word_1_146' title='bbox 1267 1850 1323 1914; x_wconf 87' lang='lat' dir='ltr'>est,</span> 
     </span>
    </p>

    <p class='ocr_par' dir='ltr' id='par_1_4' title="bbox 92 1941 1304 2028">
     <span class='ocr_line' id='line_1_16' title="bbox 92 1941 1304 2028; baseline -0.002 -23"><span class='ocrx_word' id='word_1_147' title='bbox 92 1944 146 2025; x_wconf 87' lang='lat' dir='ltr'>qni</span> <span class='ocrx_word' id='word_1_148' title='bbox 168 1951 199 2005; x_wconf 91' lang='lat' dir='ltr'>et</span> <span class='ocrx_word' id='word_1_149' title='bbox 218 1942 285 2004; x_wconf 86' lang='lat' dir='ltr'>Filii</span> <span class='ocrx_word' id='word_1_150' title='bbox 307 1941 552 2004; x_wconf 79' lang='lat' dir='ltr'>immutabilitatis</span> <span class='ocrx_word' id='word_1_151' title='bbox 573 1941 721 2028; x_wconf 74' lang='lat' dir='ltr'>particeps</span> <span class='ocrx_word' id='word_1_152' title='bbox 744 1958 811 2002; x_wconf 90' lang='lat' dir='ltr'>cum</span> <span class='ocrx_word' id='word_1_153' title='bbox 833 1941 900 2020; x_wconf 89' lang='lat' dir='ltr'>ipso</span> <span class='ocrx_word' id='word_1_154' title='bbox 916 1958 1036 2020; x_wconf 78' lang='lat' dir='ltr'>semper</span> <span class='ocrx_word' id='word_1_155' title='bbox 1050 1941 1241 2004; x_wconf 88' lang='lat' dir='ltr'>immutabilis</span> <span class='ocrx_word' id='word_1_156' title='bbox 1257 1961 1304 2004; x_wconf 86' lang='lat' dir='ltr'>ma</span> 
     </span>
    </p>

    <p class='ocr_par' dir='ltr' id='par_1_5' title="bbox 90 2041 1347 2828">
     <span class='ocr_line' id='line_1_17' title="bbox 90 2041 1347 2124; baseline -0.002 -16"><span class='ocrx_word' id='word_1_157' title='bbox 90 2053 162 2120; x_wconf 86' lang='lat' dir='ltr'>net;</span> <span class='ocrx_word' id='word_1_158' title='bbox 195 2062 339 2124; x_wconf 64' lang='lat' dir='ltr'>maenam</span> <span class='ocrx_word' id='word_1_159' title='bbox 368 2043 472 2106; x_wconf 87' lang='lat' dir='ltr'>amabo</span> <span class='ocrx_word' id='word_1_160' title='bbox 501 2041 663 2105; x_wconf 89' lang='lat' dir='ltr'>similitudo</span> <span class='ocrx_word' id='word_1_161' title='bbox 685 2042 877 2104; x_wconf 88' lang='lat' dir='ltr'>immutabilis</span> <span class='ocrx_word' id='word_1_162' title='bbox 899 2059 966 2104; x_wconf 80' lang='lat' dir='ltr'>urm</span> <span class='ocrx_word' id='word_1_163' title='bbox 988 2041 1205 2104; x_wconf 74' lang='lat' dir='ltr'>mutabilibus?</span> <span class='ocrx_word' id='word_1_164' title='bbox 1247 2041 1347 2105; x_wconf 84' lang='lat' dir='ltr'>ilinc·</span> 
     </span>
     <span class='ocr_line' id='line_1_18' title="bbox 92 2142 1323 2225; baseline -0.004 -15"><span class='ocrx_word' id='word_1_165' title='bbox 92 2147 173 2210; x_wconf 87' lang='lat' dir='ltr'>enim</span> <span class='ocrx_word' id='word_1_166' title='bbox 195 2145 386 2225; x_wconf 88' lang='lat' dir='ltr'>perspicuum</span> <span class='ocrx_word' id='word_1_167' title='bbox 409 2152 471 2218; x_wconf 92' lang='lat' dir='ltr'>est,</span> <span class='ocrx_word' id='word_1_168' title='bbox 499 2162 598 2223; x_wconf 88' lang='lat' dir='ltr'>usqae</span> <span class='ocrx_word' id='word_1_169' title='bbox 625 2161 687 2206; x_wconf 88' lang='lat' dir='ltr'>rem</span> <span class='ocrx_word' id='word_1_170' title='bbox 716 2145 843 2205; x_wconf 77' lang='lat' dir='ltr'>meatem</span> <span class='ocrx_word' id='word_1_171' title='bbox 865 2159 934 2204; x_wconf 90' lang='lat' dir='ltr'>esse</span> <span class='ocrx_word' id='word_1_172' title='bbox 954 2159 1052 2222; x_wconf 87' lang='lat' dir='ltr'>nequa</span> <span class='ocrx_word' id='word_1_173' title='bbox 1074 2142 1110 2204; x_wconf 90' lang='lat' dir='ltr'>ad</span> <span class='ocrx_word' id='word_1_174' title='bbox 1131 2143 1323 2223; x_wconf 85' lang='lat' dir='ltr'>Angelorum,</span> 
     </span>
     <span class='ocr_line' id='line_1_19' title="bbox 90 2229 1326 2330; baseline -0.006 -17"><span class='ocrx_word' id='word_1_175' title='bbox 90 2229 198 2330; x_wconf 87' lang='lat' dir='ltr'>utpote</span> <span class='ocrx_word' id='word_1_176' title='bbox 219 2247 270 2326; x_wconf 84' lang='lat' dir='ltr'>qui</span> <span class='ocrx_word' id='word_1_177' title='bbox 292 2245 450 2308; x_wconf 85' lang='lat' dir='ltr'>mutabiles</span> <span class='ocrx_word' id='word_1_178' title='bbox 474 2243 549 2317; x_wconf 87' lang='lat' dir='ltr'>sint,</span> <span class='ocrx_word' id='word_1_179' title='bbox 579 2251 715 2308; x_wconf 88' lang='lat' dir='ltr'>naturam</span> <span class='ocrx_word' id='word_1_180' title='bbox 734 2243 900 2322; x_wconf 89' lang='lat' dir='ltr'>pertinere,</span> <span class='ocrx_word' id='word_1_181' title='bbox 929 2243 981 2305; x_wconf 90' lang='lat' dir='ltr'>sed</span> <span class='ocrx_word' id='word_1_182' title='bbox 1003 2243 1093 2305; x_wconf 85' lang='lat' dir='ltr'>Verbi</span> <span class='ocrx_word' id='word_1_183' title='bbox 1114 2243 1272 2323; x_wconf 80' lang='lat' dir='ltr'>imaginem</span> <span class='ocrx_word' id='word_1_184' title='bbox 1294 2254 1326 2306; x_wconf 89' lang='lat' dir='ltr'>et</span> 
     </span>
     <span class='ocr_line' id='line_1_20' title="bbox 90 2343 1324 2430; baseline -0.006 -17"><span class='ocrx_word' id='word_1_185' title='bbox 90 2350 190 2414; x_wconf 89' lang='lat' dir='ltr'>Patris</span> <span class='ocrx_word' id='word_1_186' title='bbox 216 2348 374 2430; x_wconf 89' lang='lat' dir='ltr'>proprium</span> <span class='ocrx_word' id='word_1_187' title='bbox 405 2365 482 2408; x_wconf 90' lang='lat' dir='ltr'>esse.</span> <span class='ocrx_word' id='word_1_188' title='bbox 525 2346 682 2408; x_wconf 83' lang='lat' dir='ltr'>Praeterea</span> <span class='ocrx_word' id='word_1_189' title='bbox 711 2345 839 2424; x_wconf 88' lang='lat' dir='ltr'>Spiritus</span> <span class='ocrx_word' id='word_1_190' title='bbox 869 2344 987 2407; x_wconf 87' lang='lat' dir='ltr'>Domini</span> <span class='ocrx_word' id='word_1_191' title='bbox 1018 2345 1190 2406; x_wconf 81' lang='lat' dir='ltr'>universum</span> <span class='ocrx_word' id='word_1_192' title='bbox 1220 2343 1324 2406; x_wconf 91' lang='lat' dir='ltr'>orbem</span> 
     </span>
     <span class='ocr_line' id='line_1_21' title="bbox 90 2443 1322 2532; baseline -0.006 -18"><span class='ocrx_word' id='word_1_193' title='bbox 90 2451 226 2532; x_wconf 86' lang='lat' dir='ltr'>replerit.</span> <span class='ocrx_word' id='word_1_194' title='bbox 271 2450 314 2511; x_wconf 90' lang='lat' dir='ltr'>lta</span> <span class='ocrx_word' id='word_1_195' title='bbox 336 2449 416 2512; x_wconf 89' lang='lat' dir='ltr'>anim</span> <span class='ocrx_word' id='word_1_196' title='bbox 437 2447 529 2510; x_wconf 82' lang='lat' dir='ltr'>David</span> <span class='ocrx_word' id='word_1_197' title='bbox 550 2447 672 2510; x_wconf 78' lang='lat' dir='ltr'>cednit:</span> <span class='ocrx_word' id='word_1_198' title='bbox 698 2446 766 2520; x_wconf 85' lang='lat' dir='ltr'>Quo</span> <span class='ocrx_word' id='word_1_199' title='bbox 789 2447 838 2510; x_wconf 87' lang='lat' dir='ltr'>ido</span> <span class='ocrx_word' id='word_1_200' title='bbox 861 2445 1024 2528; x_wconf 72' lang='lat' dir='ltr'>aspicitis</span> <span class='ocrx_word' id='word_1_201' title='bbox 1047 2444 1125 2510; x_wconf 75' lang='lat' dir='ltr'>tuo?</span> <span class='ocrx_word' id='word_1_202' title='bbox 1167 2443 1250 2506; x_wconf 84' lang='lat' dir='ltr'>Etin</span> <span class='ocrx_word' id='word_1_203' title='bbox 1265 2443 1322 2506; x_wconf 87' lang='lat' dir='ltr'>Sa-</span> 
     </span>
     <span class='ocr_line' id='line_1_22' title="bbox 91 2545 1322 2630; baseline -0.005 -18"><span class='ocrx_word' id='word_1_204' title='bbox 91 2552 204 2630; x_wconf 90' lang='lat' dir='ltr'>pientia</span> <span class='ocrx_word' id='word_1_205' title='bbox 225 2550 369 2628; x_wconf 87' lang='lat' dir='ltr'>scriptum</span> <span class='ocrx_word' id='word_1_206' title='bbox 393 2557 453 2612; x_wconf 85' lang='lat' dir='ltr'>est:</span> <span class='ocrx_word' id='word_1_207' title='bbox 467 2547 560 2612; x_wconf 69' lang='lat' dir='ltr'>Tuus</span> <span class='ocrx_word' id='word_1_208' title='bbox 582 2552 662 2610; x_wconf 78' lang='lat' dir='ltr'>enirn</span> <span class='ocrx_word' id='word_1_209' title='bbox 682 2551 884 2628; x_wconf 83' lang='lat' dir='ltr'>incorruptus</span> <span class='ocrx_word' id='word_1_210' title='bbox 900 2547 1035 2627; x_wconf 79' lang='lat' dir='ltr'>Spiritus</span> <span class='ocrx_word' id='word_1_211' title='bbox 1052 2556 1097 2606; x_wconf 86' lang='lat' dir='ltr'>ert</span> <span class='ocrx_word' id='word_1_212' title='bbox 1119 2549 1151 2606; x_wconf 89' lang='lat' dir='ltr'>in</span> <span class='ocrx_word' id='word_1_213' title='bbox 1174 2545 1322 2608; x_wconf 84' lang='lat' dir='ltr'>omnibus.</span> 
     </span>
     <span class='ocr_line' id='line_1_23' title="bbox 92 2645 1321 2729; baseline -0.002 -19"><span class='ocrx_word' id='word_1_214' title='bbox 92 2649 182 2729; x_wconf 82' lang='lat' dir='ltr'>Atqui</span> <span class='ocrx_word' id='word_1_215' title='bbox 204 2650 360 2710; x_wconf 82' lang='lat' dir='ltr'>universae</span> <span class='ocrx_word' id='word_1_216' title='bbox 388 2669 439 2712; x_wconf 86' lang='lat' dir='ltr'>res</span> <span class='ocrx_word' id='word_1_217' title='bbox 468 2651 563 2712; x_wconf 87' lang='lat' dir='ltr'>lectae</span> <span class='ocrx_word' id='word_1_218' title='bbox 584 2649 615 2710; x_wconf 87' lang='lat' dir='ltr'>in</span> <span class='ocrx_word' id='word_1_219' title='bbox 638 2648 740 2710; x_wconf 89' lang='lat' dir='ltr'>divisis</span> <span class='ocrx_word' id='word_1_220' title='bbox 762 2648 836 2710; x_wconf 89' lang='lat' dir='ltr'>lacis</span> <span class='ocrx_word' id='word_1_221' title='bbox 859 2648 1005 2720; x_wconf 84' lang='lat' dir='ltr'>esistunt,</span> <span class='ocrx_word' id='word_1_222' title='bbox 1036 2645 1115 2706; x_wconf 88' lang='lat' dir='ltr'>verbi</span> <span class='ocrx_word' id='word_1_223' title='bbox 1145 2647 1237 2725; x_wconf 88' lang='lat' dir='ltr'>gratia</span> <span class='ocrx_word' id='word_1_224' title='bbox 1265 2646 1321 2720; x_wconf 81' lang='lat' dir='ltr'>sol,</span> 
     </span>
     <span class='ocr_line' id='line_1_24' title="bbox 93 2729 1325 2828; baseline 0 -18"><span class='ocrx_word' id='word_1_225' title='bbox 93 2750 164 2812; x_wconf 88' lang='lat' dir='ltr'>luna</span> <span class='ocrx_word' id='word_1_226' title='bbox 186 2759 217 2810; x_wconf 87' lang='lat' dir='ltr'>et</span> <span class='ocrx_word' id='word_1_227' title='bbox 238 2757 317 2811; x_wconf 90' lang='lat' dir='ltr'>astra</span> <span class='ocrx_word' id='word_1_228' title='bbox 338 2749 368 2810; x_wconf 94' lang='lat' dir='ltr'>iu</span> <span class='ocrx_word' id='word_1_229' title='bbox 391 2750 587 2825; x_wconf 86' lang='lat' dir='ltr'>firmamento,</span> <span class='ocrx_word' id='word_1_230' title='bbox 611 2756 642 2811; x_wconf 88' lang='lat' dir='ltr'>et</span> <span class='ocrx_word' id='word_1_231' title='bbox 662 2749 757 2812; x_wconf 90' lang='lat' dir='ltr'>nubes</span> <span class='ocrx_word' id='word_1_232' title='bbox 778 2750 809 2810; x_wconf 90' lang='lat' dir='ltr'>in</span> <span class='ocrx_word' id='word_1_233' title='bbox 831 2755 911 2812; x_wconf 77' lang='lat' dir='ltr'>aere.</span> <span class='ocrx_word' id='word_1_234' title='bbox 955 2729 990 2809; x_wconf 88' lang='lat' dir='ltr'>lu</span> <span class='ocrx_word' id='word_1_235' title='bbox 1011 2747 1184 2809; x_wconf 90' lang='lat' dir='ltr'>bominibus</span> <span class='ocrx_word' id='word_1_236' title='bbox 1205 2765 1325 2828; x_wconf 86' lang='lat' dir='ltr'>quoque</span> 
     </span>
    </p>

    <p class='ocr_par' dir='ltr' id='par_1_6' title="bbox 13 2847 1323 2930">
     <span class='ocr_line' id='line_1_25' title="bbox 13 2847 1323 2930; baseline -0.002 -17"><span class='ocrx_word' id='word_1_237' title='bbox 13 2889 23 2902; x_wconf 86' lang='lat'>-</span> <span class='ocrx_word' id='word_1_238' title='bbox 93 2850 249 2913; x_wconf 85' lang='lat' dir='ltr'>nationum</span> <span class='ocrx_word' id='word_1_239' title='bbox 272 2849 417 2912; x_wconf 85' lang='lat' dir='ltr'>terminos</span> <span class='ocrx_word' id='word_1_240' title='bbox 439 2851 602 2914; x_wconf 78' lang='lat' dir='ltr'>eonsdtuit.</span> <span class='ocrx_word' id='word_1_241' title='bbox 645 2851 748 2930; x_wconf 87' lang='lat' dir='ltr'>Angcli</span> <span class='ocrx_word' id='word_1_242' title='bbox 770 2850 907 2912; x_wconf 90' lang='lat' dir='ltr'>similiter</span> <span class='ocrx_word' id='word_1_243' title='bbox 923 2850 955 2909; x_wconf 92' lang='lat' dir='ltr'>in</span> <span class='ocrx_word' id='word_1_244' title='bbox 969 2847 1136 2910; x_wconf 89' lang='lat' dir='ltr'>ministeria</span> <span class='ocrx_word' id='word_1_245' title='bbox 1151 2849 1323 2912; x_wconf 84' lang='lat' dir='ltr'>mittuntur:</span> 
     </span>
    </p>

    <p class='ocr_par' dir='ltr' id='par_1_7' title="bbox 93 2949 1388 3030">
     <span class='ocr_line' id='line_1_26' title="bbox 93 2949 1388 3030; baseline -0.001 -18"><span class='ocrx_word' id='word_1_246' title='bbox 93 2951 134 3014; x_wconf 84' lang='lat' dir='ltr'>llt</span> <span class='ocrx_word' id='word_1_247' title='bbox 154 2961 306 3014; x_wconf 83' lang='lat' dir='ltr'>uenerunt</span> <span class='ocrx_word' id='word_1_248' title='bbox 326 2950 434 3030; x_wconf 78' lang='lat' dir='ltr'>Angeia·</span> <span class='ocrx_word' id='word_1_249' title='bbox 450 2952 518 3024; x_wconf 86' lang='lat' dir='ltr'>Dei,</span> <span class='ocrx_word' id='word_1_250' title='bbox 540 2963 577 3016; x_wconf 84' lang='lat' dir='ltr'>ut</span> <span class='ocrx_word' id='word_1_251' title='bbox 597 2957 776 3015; x_wconf 82' lang='lat' dir='ltr'>assisterent</span> <span class='ocrx_word' id='word_1_252' title='bbox 798 2967 900 3012; x_wconf 82' lang='lat' dir='ltr'>corana</span> <span class='ocrx_word' id='word_1_253' title='bbox 922 2949 1063 3021; x_wconf 77' lang='lat' dir='ltr'>Domitio,</span> <span class='ocrx_word' id='word_1_254' title='bbox 1085 2949 1130 3010; x_wconf 89' lang='lat' dir='ltr'>uti</span> <span class='ocrx_word' id='word_1_255' title='bbox 1151 2949 1182 3010; x_wconf 94' lang='lat' dir='ltr'>in</span> <span class='ocrx_word' id='word_1_256' title='bbox 1201 2949 1255 3011; x_wconf 94' lang='lat' dir='ltr'>lob</span> <span class='ocrx_word' id='word_1_257' title='bbox 1277 2951 1323 3012; x_wconf 89' lang='lat' dir='ltr'>le·</span> <span class='ocrx_word' id='word_1_258' title='bbox 1376 3006 1388 3028; x_wconf 82' lang='grc'><strong>,</strong></span> 
     </span>
    </p>
   </div>
   <div class='ocr_carea' id='block_1_3' title="bbox 95 3045 1544 3132">
    <p class='ocr_par' dir='ltr' id='par_1_8' title="bbox 95 3045 1544 3132">
     <span class='ocr_line' id='line_1_27' title="bbox 95 3045 1544 3132; baseline -0.004 -18"><span class='ocrx_word' id='word_1_259' title='bbox 95 3052 203 3132; x_wconf 87' lang='lat' dir='ltr'>gimus.</span> <span class='ocrx_word' id='word_1_260' title='bbox 246 3051 284 3112; x_wconf 83' lang='lat' dir='ltr'>lit</span> <span class='ocrx_word' id='word_1_261' title='bbox 305 3051 475 3114; x_wconf 84' lang='lat' dir='ltr'>Somniooit</span> <span class='ocrx_word' id='word_1_262' title='bbox 491 3052 581 3115; x_wconf 82' lang='lat' dir='ltr'>laceb</span> <span class='ocrx_word' id='word_1_263' title='bbox 596 3051 791 3115; x_wconf 84' lang='lat' dir='ltr'>Patriarclrc.</span> <span class='ocrx_word' id='word_1_264' title='bbox 834 3049 874 3111; x_wconf 84' lang='lat' dir='ltr'>lit</span> <span class='ocrx_word' id='word_1_265' title='bbox 896 3069 960 3113; x_wconf 89' lang='lat' dir='ltr'>eece</span> <span class='ocrx_word' id='word_1_266' title='bbox 974 3049 1059 3113; x_wconf 86' lang='lat' dir='ltr'>seclo</span> <span class='ocrx_word' id='word_1_267' title='bbox 1080 3056 1189 3114; x_wconf 71' lang='lat' dir='ltr'>innius</span> <span class='ocrx_word' id='word_1_268' title='bbox 1209 3055 1243 3112; x_wconf 88' lang='lat' dir='ltr'>in</span> <span class='ocrx_word' id='word_1_269' title='bbox 1258 3061 1323 3114; x_wconf 76' lang='lat' dir='ltr'>ter·</span> <span class='ocrx_word' id='word_1_270' title='bbox 1412 3045 1434 3132; x_wconf 52' lang='lat' dir='ltr'><em>J</em></span> <span class='ocrx_word' id='word_1_271' title='bbox 1535 3088 1544 3108; x_wconf 54' lang='lat' dir='ltr'>a</span> 
     </span>
    </p>
   </div>
   <div class='ocr_carea' id='block_1_4' title="bbox 94 3150 1401 3634">
    <p class='ocr_par' dir='ltr' id='par_1_9' title="bbox 94 3150 1401 3634">
     <span class='ocr_line' id='line_1_28' title="bbox 95 3150 1325 3240; baseline -0.001 -25"><span class='ocrx_word' id='word_1_272' title='bbox 95 3172 142 3226; x_wconf 88' lang='lat' dir='ltr'>ra,</span> <span class='ocrx_word' id='word_1_273' title='bbox 167 3157 253 3216; x_wconf 80' lang='lat' dir='ltr'>acius</span> <span class='ocrx_word' id='word_1_274' title='bbox 277 3169 419 3220; x_wconf 80' lang='lat' dir='ltr'>conamen</span> <span class='ocrx_word' id='word_1_275' title='bbox 439 3153 478 3240; x_wconf 83' lang='lat' dir='ltr'>ad</span> <span class='ocrx_word' id='word_1_276' title='bbox 501 3152 616 3214; x_wconf 83' lang='lat' dir='ltr'>coelum</span> <span class='ocrx_word' id='word_1_277' title='bbox 635 3151 842 3232; x_wconf 86' lang='lat' dir='ltr'>perueniebat,</span> <span class='ocrx_word' id='word_1_278' title='bbox 868 3159 897 3212; x_wconf 87' lang='lat' dir='ltr'>et</span> <span class='ocrx_word' id='word_1_279' title='bbox 918 3150 1028 3229; x_wconf 73' lang='lat' dir='ltr'>Angeli</span> <span class='ocrx_word' id='word_1_280' title='bbox 1047 3150 1106 3212; x_wconf 75' lang='lat' dir='ltr'>liei</span> <span class='ocrx_word' id='word_1_281' title='bbox 1125 3154 1325 3216; x_wconf 72' lang='lat' dir='ltr'>ascendebant</span> 
     </span>
     <span class='ocr_line' id='line_1_29' title="bbox 96 3251 1401 3334; baseline 0 -20"><span class='ocrx_word' id='word_1_282' title='bbox 96 3263 125 3314; x_wconf 92' lang='lat' dir='ltr'>et</span> <span class='ocrx_word' id='word_1_283' title='bbox 147 3253 362 3316; x_wconf 70' lang='lat' dir='ltr'>descendebant</span> <span class='ocrx_word' id='word_1_284' title='bbox 379 3269 440 3334; x_wconf 89' lang='lat' dir='ltr'>per</span> <span class='ocrx_word' id='word_1_285' title='bbox 460 3256 567 3331; x_wconf 63' lang='lat' dir='ltr'>prom·</span> <span class='ocrx_word' id='word_1_286' title='bbox 610 3251 643 3312; x_wconf 91' lang='lat' dir='ltr'>Si</span> <span class='ocrx_word' id='word_1_287' title='bbox 656 3252 746 3331; x_wconf 90' lang='lat' dir='ltr'>igitur</span> <span class='ocrx_word' id='word_1_288' title='bbox 761 3251 889 3330; x_wconf 83' lang='lat' dir='ltr'>Spiritus</span> <span class='ocrx_word' id='word_1_289' title='bbox 905 3251 1004 3312; x_wconf 89' lang='lat' dir='ltr'>omnia</span> <span class='ocrx_word' id='word_1_290' title='bbox 1018 3251 1122 3331; x_wconf 90' lang='lat' dir='ltr'>implet</span> <span class='ocrx_word' id='word_1_291' title='bbox 1136 3261 1166 3314; x_wconf 90' lang='lat' dir='ltr'>et</span> <span class='ocrx_word' id='word_1_292' title='bbox 1179 3252 1210 3314; x_wconf 91' lang='lat' dir='ltr'>in</span> <span class='ocrx_word' id='word_1_293' title='bbox 1225 3252 1323 3316; x_wconf 84' lang='lat' dir='ltr'>Verbo</span> <span class='ocrx_word' id='word_1_294' title='bbox 1398 3287 1401 3296; x_wconf 91' lang='lat'>·</span> 
     </span>
     <span class='ocr_line' id='line_1_30' title="bbox 94 3351 1322 3442; baseline 0.002 -28"><span class='ocrx_word' id='word_1_295' title='bbox 94 3372 238 3434; x_wconf 88' lang='lat' dir='ltr'>praesens</span> <span class='ocrx_word' id='word_1_296' title='bbox 261 3353 359 3414; x_wconf 91' lang='lat' dir='ltr'>estin</span> <span class='ocrx_word' id='word_1_297' title='bbox 381 3352 480 3414; x_wconf 87' lang='lat' dir='ltr'>medio</span> <span class='ocrx_word' id='word_1_298' title='bbox 503 3352 647 3442; x_wconf 79' lang='lat' dir='ltr'>omnium,</span> <span class='ocrx_word' id='word_1_299' title='bbox 671 3353 698 3414; x_wconf 93' lang='lat' dir='ltr'>si</span> <span class='ocrx_word' id='word_1_300' title='bbox 720 3360 822 3414; x_wconf 76' lang='lat' dir='ltr'>senua</span> <span class='ocrx_word' id='word_1_301' title='bbox 836 3351 938 3431; x_wconf 90' lang='lat' dir='ltr'>Angeli</span> <span class='ocrx_word' id='word_1_302' title='bbox 955 3354 1012 3414; x_wconf 90' lang='lat' dir='ltr'>bac</span> <span class='ocrx_word' id='word_1_303' title='bbox 1031 3353 1063 3416; x_wconf 91' lang='lat' dir='ltr'>in</span> <span class='ocrx_word' id='word_1_304' title='bbox 1086 3372 1119 3415; x_wconf 91' lang='lat' dir='ltr'>re</span> <span class='ocrx_word' id='word_1_305' title='bbox 1140 3353 1181 3415; x_wconf 93' lang='lat' dir='ltr'>illi</span> <span class='ocrx_word' id='word_1_306' title='bbox 1204 3353 1322 3428; x_wconf 89' lang='lat' dir='ltr'>cadunt,</span> 
     </span>
     <span class='ocr_line' id='line_1_31' title="bbox 95 3449 1323 3535; baseline 0.002 -20"><span class='ocrx_word' id='word_1_307' title='bbox 95 3463 180 3533; x_wconf 91' lang='lat' dir='ltr'>atque</span> <span class='ocrx_word' id='word_1_308' title='bbox 201 3455 397 3524; x_wconf 74' lang='lat' dir='ltr'>alliennium</span> <span class='ocrx_word' id='word_1_309' title='bbox 418 3454 607 3535; x_wconf 76' lang='lat' dir='ltr'>adeuntque</span> <span class='ocrx_word' id='word_1_310' title='bbox 630 3454 794 3526; x_wconf 90' lang='lat' dir='ltr'>mittuntur,</span> <span class='ocrx_word' id='word_1_311' title='bbox 817 3449 938 3515; x_wconf 85' lang='lat' dir='ltr'>dubium</span> <span class='ocrx_word' id='word_1_312' title='bbox 960 3453 1063 3534; x_wconf 89' lang='lat' dir='ltr'>utique</span> <span class='ocrx_word' id='word_1_313' title='bbox 1083 3472 1145 3516; x_wconf 92' lang='lat' dir='ltr'>non</span> <span class='ocrx_word' id='word_1_314' title='bbox 1168 3463 1223 3529; x_wconf 81' lang='lat' dir='ltr'>est,</span> <span class='ocrx_word' id='word_1_315' title='bbox 1250 3456 1323 3535; x_wconf 89' lang='lat' dir='ltr'>quin</span> 
     </span>
     <span class='ocr_line' id='line_1_32' title="bbox 96 3553 1322 3634; baseline 0.001 -19"><span class='ocrx_word' id='word_1_316' title='bbox 96 3553 222 3634; x_wconf 90' lang='lat' dir='ltr'>Spiritus</span> <span class='ocrx_word' id='word_1_317' title='bbox 249 3572 305 3616; x_wconf 93' lang='lat' dir='ltr'>nec</span> <span class='ocrx_word' id='word_1_318' title='bbox 330 3573 381 3616; x_wconf 88' lang='lat' dir='ltr'>res</span> <span class='ocrx_word' id='word_1_319' title='bbox 409 3556 484 3615; x_wconf 91' lang='lat' dir='ltr'>lacta</span> <span class='ocrx_word' id='word_1_320' title='bbox 512 3571 568 3616; x_wconf 89' lang='lat' dir='ltr'>nec</span> <span class='ocrx_word' id='word_1_321' title='bbox 594 3554 724 3634; x_wconf 80' lang='lat' dir='ltr'>Angelus</span> <span class='ocrx_word' id='word_1_322' title='bbox 747 3555 803 3627; x_wconf 84' lang='lat' dir='ltr'>sit,</span> <span class='ocrx_word' id='word_1_323' title='bbox 832 3554 876 3615; x_wconf 93' lang='lat' dir='ltr'>uti</span> <span class='ocrx_word' id='word_1_324' title='bbox 904 3556 1085 3617; x_wconf 86' lang='lat' dir='ltr'>contendere</span> <span class='ocrx_word' id='word_1_325' title='bbox 1107 3555 1238 3629; x_wconf 86' lang='lat' dir='ltr'>audetis,</span> <span class='ocrx_word' id='word_1_326' title='bbox 1268 3555 1322 3618; x_wconf 87' lang='lat' dir='ltr'>sed</span> 
     </span>
    </p>
   </div>
   <div class='ocr_carea' id='block_1_5' title="bbox 94 3655 1043 3735">
    <p class='ocr_par' dir='ltr' id='par_1_10' title="bbox 94 3655 1043 3735">
     <span class='ocr_line' id='line_1_33' title="bbox 94 3655 1043 3735; baseline 0.001 -19"><span class='ocrx_word' id='word_1_327' title='bbox 94 3655 272 3734; x_wconf 79' lang='lat' dir='ltr'>Angelorum</span> <span class='ocrx_word' id='word_1_328' title='bbox 292 3658 398 3717; x_wconf 79' lang='lat' dir='ltr'>natura</span> <span class='ocrx_word' id='word_1_329' title='bbox 419 3655 559 3735; x_wconf 89' lang='lat' dir='ltr'>superior</span> <span class='ocrx_word' id='word_1_330' title='bbox 581 3662 662 3718; x_wconf 89' lang='lat' dir='ltr'>certe</span> <span class='ocrx_word' id='word_1_331' title='bbox 684 3655 854 3718; x_wconf 91' lang='lat' dir='ltr'>censendus</span> <span class='ocrx_word' id='word_1_332' title='bbox 877 3666 934 3718; x_wconf 85' lang='lat' dir='ltr'>est.</span> <span class='ocrx_word' id='word_1_333' title='bbox 1039 3699 1043 3709; x_wconf 76' lang='lat'><em>.</em></span> 
     </span>
    </p>
   </div>
   <div class='ocr_carea' id='block_1_6' title="bbox 76 3830 1322 4644">
    <p class='ocr_par' dir='ltr' id='par_1_11' title="bbox 76 3830 1322 4023">
     <span class='ocr_line' id='line_1_34' title="bbox 96 3830 1322 3904; baseline 0 -14"><span class='ocrx_word' id='word_1_334' title='bbox 96 3842 130 3890; x_wconf 89' lang='lat' dir='ltr'>sic</span> <span class='ocrx_word' id='word_1_335' title='bbox 147 3841 232 3890; x_wconf 86' lang='lat' dir='ltr'>babet:</span> <span class='ocrx_word' id='word_1_336' title='bbox 251 3832 361 3888; x_wconf 76' lang='grc' dir='ltr'><em>εἶτατὰ</em></span> <span class='ocrx_word' id='word_1_337' title='bbox 379 3833 468 3904; x_wconf 82' lang='grc' dir='ltr'><em>ἁγίων</em></span> <span class='ocrx_word' id='word_1_338' title='bbox 485 3830 570 3888; x_wconf 77' lang='lat' dir='ltr'>odacri</span> <span class='ocrx_word' id='word_1_339' title='bbox 589 3831 620 3887; x_wconf 77' lang='lat' dir='ltr'>oia</span> <span class='ocrx_word' id='word_1_340' title='bbox 637 3853 680 3888; x_wconf 84' lang='lat' dir='ltr'>ne·</span> <span class='ocrx_word' id='word_1_341' title='bbox 732 3841 830 3891; x_wconf 87' lang='lat' dir='ltr'>Gobter.</span> <span class='ocrx_word' id='word_1_342' title='bbox 856 3848 880 3888; x_wconf 87' lang='lat' dir='ltr'>et</span> <span class='ocrx_word' id='word_1_343' title='bbox 903 3840 1009 3889; x_wconf 79' lang='lat' dir='ltr'>Felskm.</span> <span class='ocrx_word' id='word_1_344' title='bbox 1030 3840 1052 3886; x_wconf 87' lang='lat'>1.</span> <span class='ocrx_word' id='word_1_345' title='bbox 1077 3854 1211 3902; x_wconf 72' lang='lat' dir='ltr'>ononymos</span> <span class='ocrx_word' id='word_1_346' title='bbox 1234 3835 1267 3888; x_wconf 83' lang='grc' dir='ltr'><em>τὸ</em></span> <span class='ocrx_word' id='word_1_347' title='bbox 1291 3836 1322 3891; x_wconf 73' lang='grc' dir='ltr'>δὲ</span> 
     </span>
     <span class='ocr_line' id='line_1_35' title="bbox 76 3895 1322 4023; baseline 0.002 -68"><span class='ocrx_word' id='word_1_348' title='bbox 76 3899 193 4023; x_wconf 31' lang='lat' dir='ltr'>yffi·</span> <span class='ocrx_word' id='word_1_349' title='bbox 202 3898 292 4020; x_wconf 59' lang='grc' dir='ltr'>ἆῗρα</span> <span class='ocrx_word' id='word_1_350' title='bbox 301 3900 385 4023; x_wconf 65' lang='lat' dir='ltr'>illicssw.</span> <span class='ocrx_word' id='word_1_351' title='bbox 403 3907 562 4021; x_wconf 58' lang='grc' dir='ltr'><em>ἰτιῑττωεάῑίῑὶ</em></span> <span class='ocrx_word' id='word_1_352' title='bbox 573 3908 682 4021; x_wconf 58' lang='grc' dir='ltr'><em>οττΙιίττίΑεὶ</em></span> <span class='ocrx_word' id='word_1_353' title='bbox 731 3903 839 4022; x_wconf 29' lang='lat' dir='ltr'>altadas?</span> <span class='ocrx_word' id='word_1_354' title='bbox 850 3899 887 4018; x_wconf 56' lang='grc' dir='ltr'><em>ττὸὸ</em></span> <span class='ocrx_word' id='word_1_355' title='bbox 898 3895 1064 4019; x_wconf 48' lang='grc' dir='ltr'>ὅὲιξινεττῦἱό</span> <span class='ocrx_word' id='word_1_356' title='bbox 1072 3897 1258 4020; x_wconf 38' lang='lat' dir='ltr'>§sategere</span> <span class='ocrx_word' id='word_1_357' title='bbox 1276 3908 1322 3960; x_wconf 84' lang='lat' dir='ltr'>Alit</span> 
     </span>
    </p>

    <p class='ocr_par' dir='ltr' id='par_1_12' title="bbox 94 3983 1321 4440">
     <span class='ocr_line' id='line_1_36' title="bbox 145 3986 1303 4026; baseline -0.003 -4"><span class='ocrx_word' id='word_1_358' title='bbox 145 4010 151 4023; x_wconf 94' lang='lat'>.</span> <span class='ocrx_word' id='word_1_359' title='bbox 247 3987 646 4021; x_wconf 81' lang='lat' dir='ltr'>c..eeieo.ssi.-</span> <span class='ocrx_word' id='word_1_360' title='bbox 825 3987 831 4020; x_wconf 85' lang='grc' dir='ltr'>ι</span> <span class='ocrx_word' id='word_1_361' title='bbox 969 3987 1015 4018; x_wconf 82' lang='grc' dir='ltr'>νυ</span> <span class='ocrx_word' id='word_1_362' title='bbox 1085 3986 1103 4018; x_wconf 80' lang='grc' dir='ltr'><em>ν</em></span> <span class='ocrx_word' id='word_1_363' title='bbox 1168 3986 1303 4026; x_wconf 79' lang='grc' dir='ltr'>ια,</span> 
     </span>
     <span class='ocr_line' id='line_1_37' title="bbox 96 3983 1320 4116; baseline 0 -23"><span class='ocrx_word' id='word_1_364' title='bbox 96 3988 234 4093; x_wconf 44' lang='grc' dir='ltr'>ίὶοῑτΙετῖοτι</span> <span class='ocrx_word' id='word_1_365' title='bbox 251 3985 478 4089; x_wconf 55' lang='lat' dir='ltr'>igaelclm.1⁸.udrldd</span> <span class='ocrx_word' id='word_1_366' title='bbox 494 4032 540 4086; x_wconf 81' lang='lat' dir='ltr'>nai</span> <span class='ocrx_word' id='word_1_367' title='bbox 558 3987 683 4116; x_wconf 48' lang='lat' dir='ltr'>indedec-</span> <span class='ocrx_word' id='word_1_368' title='bbox 733 3987 745 4022; x_wconf 49' lang='grc' dir='ltr'>α</span> <span class='ocrx_word' id='word_1_369' title='bbox 767 3989 787 4087; x_wconf 38' lang='lat' dir='ltr'>i?</span> <span class='ocrx_word' id='word_1_370' title='bbox 807 3988 851 4088; x_wconf 81' lang='lat' dir='ltr'>¹Sic</span> <span class='ocrx_word' id='word_1_371' title='bbox 874 4039 931 4101; x_wconf 83' lang='lat' dir='ltr'>lleg.</span> <span class='ocrx_word' id='word_1_372' title='bbox 953 4038 975 4088; x_wconf 89' lang='lat' dir='ltr'>l.</span> <span class='ocrx_word' id='word_1_373' title='bbox 1000 3986 1099 4101; x_wconf 50' lang='lat' dir='ltr'>SCgoer.</span> <span class='ocrx_word' id='word_1_374' title='bbox 1123 4039 1196 4089; x_wconf 83' lang='lat' dir='ltr'>basil.</span> <span class='ocrx_word' id='word_1_375' title='bbox 1223 3983 1320 4100; x_wconf 51' lang='lat' dir='ltr'>(leffium.</span> 
     </span>
     <span class='ocr_line' id='line_1_38' title="bbox 94 4097 1321 4169; baseline 0.003 -13"><span class='ocrx_word' id='word_1_376' title='bbox 94 4105 147 4160; x_wconf 76' lang='lat' dir='ltr'>ior.</span> <span class='ocrx_word' id='word_1_377' title='bbox 184 4105 275 4167; x_wconf 85' lang='lat' dir='ltr'>Anglic.</span> <span class='ocrx_word' id='word_1_378' title='bbox 294 4114 317 4155; x_wconf 87' lang='lat' dir='ltr'>et</span> <span class='ocrx_word' id='word_1_379' title='bbox 335 4105 426 4167; x_wconf 67' lang='lat' dir='ltr'>nega.</span> <span class='ocrx_word' id='word_1_380' title='bbox 445 4097 512 4152; x_wconf 75' lang='lat' dir='ltr'>otte</span> <span class='ocrx_word' id='word_1_381' title='bbox 529 4099 584 4169; x_wconf 78' lang='grc' dir='ltr'>γὰρ</span> <span class='ocrx_word' id='word_1_382' title='bbox 602 4097 681 4152; x_wconf 73' lang='lat' dir='ltr'>neci</span> <span class='ocrx_word' id='word_1_383' title='bbox 734 4105 906 4154; x_wconf 75' lang='lat' dir='ltr'>arietabant.</span> <span class='ocrx_word' id='word_1_384' title='bbox 944 4107 1022 4155; x_wconf 84' lang='lat' dir='ltr'>Ceteri</span> <span class='ocrx_word' id='word_1_385' title='bbox 1042 4114 1065 4155; x_wconf 85' lang='lat' dir='ltr'>et</span> <span class='ocrx_word' id='word_1_386' title='bbox 1083 4107 1139 4156; x_wconf 84' lang='lat' dir='ltr'>editi</span> <span class='ocrx_word' id='word_1_387' title='bbox 1156 4101 1239 4156; x_wconf 75' lang='grc' dir='ltr'><em>ἐστίν.</em></span> <span class='ocrx_word' id='word_1_388' title='bbox 1269 4111 1321 4160; x_wconf 79' lang='lat' dir='ltr'>Atos</span> 
     </span>
     <span class='ocr_line' id='line_1_39' title="bbox 96 4163 1320 4241; baseline 0.003 -19"><span class='ocrx_word' id='word_1_389' title='bbox 96 4165 227 4237; x_wconf 69' lang='lat' dir='ltr'>daedalos.</span> <span class='ocrx_word' id='word_1_390' title='bbox 262 4173 307 4221; x_wconf 90' lang='lat' dir='ltr'>Alii</span> <span class='ocrx_word' id='word_1_391' title='bbox 323 4173 416 4222; x_wconf 84' lang='lat' dir='ltr'>etediti</span> <span class='ocrx_word' id='word_1_392' title='bbox 433 4165 500 4220; x_wconf 72' lang='lat' dir='ltr'>atae</span> <span class='ocrx_word' id='word_1_393' title='bbox 516 4165 571 4236; x_wconf 78' lang='grc' dir='ltr'>γὰρ</span> <span class='ocrx_word' id='word_1_394' title='bbox 591 4163 605 4219; x_wconf 83' lang='grc' dir='ltr'><strong>ὅ</strong></span> <span class='ocrx_word' id='word_1_395' title='bbox 624 4164 683 4218; x_wconf 80' lang='lat' dir='ltr'>deoi-</span> <span class='ocrx_word' id='word_1_396' title='bbox 733 4173 805 4222; x_wconf 89' lang='lat' dir='ltr'>iidem</span> <span class='ocrx_word' id='word_1_397' title='bbox 831 4168 889 4222; x_wconf 75' lang='lat' dir='ltr'>mss.</span> <span class='ocrx_word' id='word_1_398' title='bbox 913 4172 1001 4222; x_wconf 84' lang='lat' dir='ltr'>habent</span> <span class='ocrx_word' id='word_1_399' title='bbox 1024 4165 1200 4223; x_wconf 76' lang='grc' dir='ltr'>ἐλαττοῦνται</span> <span class='ocrx_word' id='word_1_400' title='bbox 1223 4169 1320 4241; x_wconf 71' lang='grc' dir='ltr'><em>τούτῳ.</em></span> 
     </span>
     <span class='ocr_line' id='line_1_40' title="bbox 94 4233 1321 4309; baseline 0.002 -19"><span class='ocrx_word' id='word_1_401' title='bbox 94 4237 179 4308; x_wconf 60' lang='lat' dir='ltr'>idoc-</span> <span class='ocrx_word' id='word_1_402' title='bbox 217 4240 292 4290; x_wconf 84' lang='lat' dir='ltr'>Penio</span> <span class='ocrx_word' id='word_1_403' title='bbox 310 4247 367 4304; x_wconf 85' lang='lat' dir='ltr'>post</span> <span class='ocrx_word' id='word_1_404' title='bbox 384 4241 466 4299; x_wconf 85' lang='lat' dir='ltr'>iidem,</span> <span class='ocrx_word' id='word_1_405' title='bbox 480 4241 537 4301; x_wconf 73' lang='lat' dir='ltr'>neg.</span> <span class='ocrx_word' id='word_1_406' title='bbox 550 4240 571 4289; x_wconf 93' lang='lat' dir='ltr'>l.</span> <span class='ocrx_word' id='word_1_407' title='bbox 582 4242 681 4301; x_wconf 80' lang='lat' dir='ltr'>Segasa.</span> <span class='ocrx_word' id='word_1_408' title='bbox 733 4240 812 4290; x_wconf 86' lang='lat' dir='ltr'>Ceteri</span> <span class='ocrx_word' id='word_1_409' title='bbox 835 4249 859 4289; x_wconf 89' lang='lat' dir='ltr'>et</span> <span class='ocrx_word' id='word_1_410' title='bbox 883 4239 939 4290; x_wconf 91' lang='lat' dir='ltr'>editi</span> <span class='ocrx_word' id='word_1_411' title='bbox 962 4233 1088 4294; x_wconf 79' lang='grc' dir='ltr'>ἐλάττους</span> <span class='ocrx_word' id='word_1_412' title='bbox 1106 4234 1182 4296; x_wconf 77' lang='grc' dir='ltr'><em>ὄντες</em></span> <span class='ocrx_word' id='word_1_413' title='bbox 1197 4236 1228 4291; x_wconf 74' lang='grc' dir='ltr'>ἐν</span> <span class='ocrx_word' id='word_1_414' title='bbox 1245 4237 1321 4309; x_wconf 78' lang='grc' dir='ltr'><em>τόπῳ</em></span> 
     </span>
     <span class='ocr_line' id='line_1_41' title="bbox 96 4298 1321 4377; baseline 0.001 -17"><span class='ocrx_word' id='word_1_415' title='bbox 96 4308 206 4360; x_wconf 82' lang='lat' dir='ltr'>cibasti.</span> <span class='ocrx_word' id='word_1_416' title='bbox 226 4307 314 4356; x_wconf 80' lang='lat' dir='ltr'>babent</span> <span class='ocrx_word' id='word_1_417' title='bbox 331 4299 359 4356; x_wconf 76' lang='lat' dir='ltr'>lae</span> <span class='ocrx_word' id='word_1_418' title='bbox 377 4305 425 4354; x_wconf 81' lang='lat' dir='ltr'>eod</span> <span class='ocrx_word' id='word_1_419' title='bbox 444 4298 570 4374; x_wconf 75' lang='lat' dir='ltr'>adparari.</span> <span class='ocrx_word' id='word_1_420' title='bbox 603 4307 682 4358; x_wconf 85' lang='lat' dir='ltr'>Ceteri</span> <span class='ocrx_word' id='word_1_421' title='bbox 732 4299 792 4357; x_wconf 70' lang='lat' dir='ltr'>etei,</span> <span class='ocrx_word' id='word_1_422' title='bbox 827 4309 970 4358; x_wconf 88' lang='lat' dir='ltr'>lidemitem</span> <span class='ocrx_word' id='word_1_423' title='bbox 990 4311 1147 4375; x_wconf 85' lang='lat' dir='ltr'>manuscripti</span> <span class='ocrx_word' id='word_1_424' title='bbox 1157 4312 1253 4361; x_wconf 85' lang='lat' dir='ltr'>codices</span> <span class='ocrx_word' id='word_1_425' title='bbox 1263 4327 1321 4377; x_wconf 86' lang='lat' dir='ltr'>pcr-</span> 
     </span>
     <span class='ocr_line' id='line_1_42' title="bbox 96 4361 1321 4440; baseline 0.001 -12"><span class='ocrx_word' id='word_1_426' title='bbox 96 4387 119 4428; x_wconf 92' lang='lat' dir='ltr'>et</span> <span class='ocrx_word' id='word_1_427' title='bbox 135 4377 190 4427; x_wconf 86' lang='lat' dir='ltr'>editi</span> <span class='ocrx_word' id='word_1_428' title='bbox 209 4367 237 4423; x_wconf 78' lang='lat' dir='ltr'>dn</span> <span class='ocrx_word' id='word_1_429' title='bbox 255 4373 312 4423; x_wconf 78' lang='grc' dir='ltr'><em>τῶν</em></span> <span class='ocrx_word' id='word_1_430' title='bbox 326 4366 461 4440; x_wconf 74' lang='grc' dir='ltr'>οὐρανῶν.</span> <span class='ocrx_word' id='word_1_431' title='bbox 732 4375 829 4425; x_wconf 76' lang='lat' dir='ltr'>ticulum</span> <span class='ocrx_word' id='word_1_432' title='bbox 854 4361 918 4432; x_wconf 76' lang='lat' dir='ltr'>adv,</span> <span class='ocrx_word' id='word_1_433' title='bbox 947 4391 1019 4440; x_wconf 85' lang='lat' dir='ltr'>quom</span> <span class='ocrx_word' id='word_1_434' title='bbox 1044 4381 1084 4428; x_wconf 86' lang='lat' dir='ltr'>atii</span> <span class='ocrx_word' id='word_1_435' title='bbox 1109 4389 1132 4428; x_wconf 86' lang='lat' dir='ltr'>et</span> <span class='ocrx_word' id='word_1_436' title='bbox 1156 4379 1212 4427; x_wconf 89' lang='lat' dir='ltr'>editi</span> <span class='ocrx_word' id='word_1_437' title='bbox 1232 4379 1321 4430; x_wconf 85' lang='lat' dir='ltr'>babent</span> 
     </span>
    </p>

    <p class='ocr_par' dir='ltr' id='par_1_13' title="bbox 98 4433 1321 4644">
     <span class='ocr_line' id='line_1_43' title="bbox 130 4433 1321 4511; baseline 0.003 -19"><span class='ocrx_word' id='word_1_438' title='bbox 130 4459 149 4492; x_wconf 87' lang='lat' dir='ltr'>s.</span> <span class='ocrx_word' id='word_1_439' title='bbox 168 4445 224 4506; x_wconf 73' lang='lat' dir='ltr'>ling.</span> <span class='ocrx_word' id='word_1_440' title='bbox 237 4443 259 4493; x_wconf 94' lang='lat' dir='ltr'>l.</span> <span class='ocrx_word' id='word_1_441' title='bbox 271 4453 294 4494; x_wconf 87' lang='lat' dir='ltr'>et</span> <span class='ocrx_word' id='word_1_442' title='bbox 305 4443 405 4506; x_wconf 87' lang='lat' dir='ltr'>Segucr.</span> <span class='ocrx_word' id='word_1_443' title='bbox 424 4437 542 4510; x_wconf 72' lang='grc' dir='ltr'><em>τρεπτὴν</em></span> <span class='ocrx_word' id='word_1_444' title='bbox 558 4436 614 4509; x_wconf 77' lang='grc' dir='ltr'>ἔχει</span> <span class='ocrx_word' id='word_1_445' title='bbox 631 4437 682 4502; x_wconf 75' lang='grc' dir='ltr'><em>τὴν</em></span> <span class='ocrx_word' id='word_1_446' title='bbox 733 4451 788 4506; x_wconf 89' lang='lat' dir='ltr'>post</span> <span class='ocrx_word' id='word_1_447' title='bbox 806 4433 973 4509; x_wconf 71' lang='grc' dir='ltr'><strong><em>ἀμφίβολον,</em></strong></span> <span class='ocrx_word' id='word_1_448' title='bbox 993 4447 1114 4507; x_wconf 84' lang='lat' dir='ltr'>omittant,</span> <span class='ocrx_word' id='word_1_449' title='bbox 1132 4447 1253 4510; x_wconf 84' lang='lat' dir='ltr'>iidemque</span> <span class='ocrx_word' id='word_1_450' title='bbox 1264 4454 1321 4511; x_wconf 88' lang='lat' dir='ltr'>post</span> 
     </span>
     <span class='ocr_line' id='line_1_44' title="bbox 98 4501 1319 4577; baseline 0.005 -21"><span class='ocrx_word' id='word_1_451' title='bbox 98 4503 188 4572; x_wconf 76' lang='grc' dir='ltr'><strong><em>φύσιν.</em></strong></span> <span class='ocrx_word' id='word_1_452' title='bbox 222 4511 275 4560; x_wconf 82' lang='lat' dir='ltr'>Aiax</span> <span class='ocrx_word' id='word_1_453' title='bbox 292 4511 366 4562; x_wconf 89' lang='lat' dir='ltr'>iidem</span> <span class='ocrx_word' id='word_1_454' title='bbox 383 4519 407 4562; x_wconf 89' lang='lat' dir='ltr'>et</span> <span class='ocrx_word' id='word_1_455' title='bbox 424 4511 496 4562; x_wconf 81' lang='lat' dir='ltr'>basil.</span> <span class='ocrx_word' id='word_1_456' title='bbox 515 4527 542 4562; x_wconf 88' lang='lat' dir='ltr'>ac</span> <span class='ocrx_word' id='word_1_457' title='bbox 559 4511 681 4574; x_wconf 86' lang='lat' dir='ltr'>Anglicsn.</span> <span class='ocrx_word' id='word_1_458' title='bbox 733 4501 796 4559; x_wconf 75' lang='lat' dir='ltr'>oder</span> <span class='ocrx_word' id='word_1_459' title='bbox 813 4526 919 4575; x_wconf 85' lang='lat' dir='ltr'>sequens</span> <span class='ocrx_word' id='word_1_460' title='bbox 936 4509 1027 4563; x_wconf 85' lang='lat' dir='ltr'>addunt</span> <span class='ocrx_word' id='word_1_461' title='bbox 1045 4505 1128 4569; x_wconf 74' lang='grc' dir='ltr'><strong><em>ὅλως,</em></strong></span> <span class='ocrx_word' id='word_1_462' title='bbox 1149 4527 1210 4577; x_wconf 85' lang='lat' dir='ltr'>quoe</span> <span class='ocrx_word' id='word_1_463' title='bbox 1227 4527 1270 4562; x_wconf 82' lang='lat' dir='ltr'>roa</span> <span class='ocrx_word' id='word_1_464' title='bbox 1290 4515 1319 4562; x_wconf 85' lang='lat' dir='ltr'>ab</span> 
     </span>
     <span class='ocr_line' id='line_1_45' title="bbox 98 4567 1011 4644; baseline 0.005 -21"><span class='ocrx_word' id='word_1_465' title='bbox 98 4567 127 4624; x_wconf 78' lang='lat' dir='ltr'>ed</span> <span class='ocrx_word' id='word_1_466' title='bbox 145 4570 182 4642; x_wconf 69' lang='lat' dir='ltr'>di</span> <span class='ocrx_word' id='word_1_467' title='bbox 207 4575 313 4644; x_wconf 69' lang='grc' dir='ltr'><em>πνεῇμα</em></span> <span class='ocrx_word' id='word_1_468' title='bbox 341 4573 372 4626; x_wconf 81' lang='grc' dir='ltr'><em>τὸ</em></span> <span class='ocrx_word' id='word_1_469' title='bbox 398 4569 466 4628; x_wconf 82' lang='lat' dir='ltr'>adeo&#39;</span> <span class='ocrx_word' id='word_1_470' title='bbox 485 4570 545 4628; x_wconf 76' lang='grc' dir='ltr'><em>ἔστι</em></span> <span class='ocrx_word' id='word_1_471' title='bbox 565 4574 612 4626; x_wconf 83' lang='lat' dir='ltr'>nni</span> <span class='ocrx_word' id='word_1_472' title='bbox 635 4587 680 4630; x_wconf 86' lang='lat' dir='ltr'>etc.</span> <span class='ocrx_word' id='word_1_473' title='bbox 733 4579 786 4628; x_wconf 83' lang='lat' dir='ltr'>aliis</span> <span class='ocrx_word' id='word_1_474' title='bbox 804 4586 828 4630; x_wconf 88' lang='lat' dir='ltr'>et</span> <span class='ocrx_word' id='word_1_475' title='bbox 846 4580 916 4630; x_wconf 86' lang='lat' dir='ltr'>editis</span> <span class='ocrx_word' id='word_1_476' title='bbox 934 4581 1011 4632; x_wconf 83' lang='lat' dir='ltr'>abest.</span> 
     </span>
    </p>
   </div>
   <div class='ocr_carea' id='block_1_7' title="bbox 0 0 1558 5318">
    <p class='ocr_par' dir='ltr' id='par_1_14' title="bbox 0 0 1558 5318">
     <span class='ocr_line' id='line_1_46' title="bbox 0 0 1558 5318; baseline 0 0"><span class='ocrx_word' id='word_1_477' title='bbox 0 0 1558 5318; x_wconf 95' lang='lat' dir='ltr'> </span> 
     </span>
    </p>
   </div>
  </div>
 </body>
</html>
