3250 5292
561 375 669 420 onorio
685 375 729 427 nr.
745 375 861 420 eornm
875 375 1012 420 aminon
1326 365 1389 427 ent
1455 399 1458 408 ‚

154 523 329 604 significare
351 542 438 604 qoam
460 523 633 591 nunsmoti
656 525 847 588 sententiam:
886 525 950 600 „ita
973 524 1013 588 ilii
1036 533 1140 588 nostre
1162 528 1276 591 unitate
1297 547 1465 596 unumnm

153 624 252 700 „tsine
272 625 351 688 inter
378 645 428 699 se,
457 633 491 688 ut
517 643 573 690 nor
593 629 700 688 nature
722 632 754 687 et
772 643 876 688 revera
897 644 989 688 onum
1018 645 1140 700 sumum
1172 647 1234 690 non
1260 641 1391 710 possunt

151 733 289 800 ,tantem
303 735 403 788 'unum
424 725 502 788 inter
523 746 557 788 se
584 743 669 800 esse,
700 724 757 788 nisi
787 725 817 788 in
839 723 928 787 nobis
950 725 1067 789 discant
1086 727 1262 792 unitatem.“
1306 731 1391 794 Hono

149 845 253 907 porro
276 835 411 890 nonnam
434 825 651 908 expositionem
672 825 781 888 Paulus
804 825 852 886 his
875 823 974 888 verbis
997 827 1167 890 eoniirmat:
1188 828 1391 896 Haerentem

151 929 389 1013 rrnnafipnreoi
416 933 448 992 in
475 947 521 992 ore
544 939 573 992 rt
595 927 714 1008 Apollo,
737 937 773 990 nt
794 931 827 988 in
849 927 937 990 nodie
961 927 1085 991 berotto
1107 945 1171 992 non
1192 948 1290 1011 snpra
1311 935 1390 1014 qnod

149 1033 310 1110 seriptum
333 1041 379 1092 ert
400 1029 519 1108 inflari.
563 1027 614 1090 ilia
645 1045 716 1106 ergo
739 1027 868 1089 dictione
890 1031 923 1090 in
944 1028 1031 1090 nobie
1053 1027 1176 1092 minime
1198 1030 1389 1110 significatur,

147 1149 217 1192 nos
241 1149 309 1192 esen
330 1129 362 1192 in
384 1129 472 1192 Patre
494 1129 742 1210 quemadmodum
764 1127 795 1189 in
818 1127 883 1207 ipso
906 1135 954 1190 est
967 1128 1072 1203 ditius,
1095 1129 1150 1191 sed
1172 1132 1336 1212 exemplum
1359 1143 1389 1196 et

148 1230 311 1311 specimen
332 1231 525 1311 proponitur,
548 1230 757 1311 idemque'est
778 1248 812 1292 ae
834 1231 860 1291 si
884 1229 1047 1296 diceretur:
1080 1230 1125 1296 ttx
1152 1230 1241 1295 nobie
1264 1233 1388 1297 diseunt.

147 1332 198 1394 Ut
219 1332 297 1394 eninr
321 1331 433 1394 Paulus
452 1331 627 1407 Corinthiis,
649 1332 694 1394 ein
714 1330 812 1393 Patris
835 1339 865 1392 et
878 1331 945 1392 Filii
968 1331 1068 1394 unitae
1091 1350 1197 1396 norma
1219 1343 1266 1396 eet
1288 1335 1385 1398 omni·
1439 1340 1445 1350 '

147 1435 216 1496 bns
239 1442 269 1496 et
289 1434 407 1514 regula,
429 1433 510 1503 iuxta
533 1452 620 1514 quarn
642 1433 805 1498 naturalem
828 1432 925 1494 Patris
947 1441 978 1494 et
998 1433 1064 1495 Filii
1087 1433 1228 1498 unitatem
1251 1445 1387 1498 oontem-

148 1533 274 1614 plantee
304 1543 434 1615 possunt
467 1533 599 1610 discere,
633 1553 763 1615 quonam
792 1541 825 1596 et
850 1534 907 1614 ipsi
936 1534 1027 1596 modo
1050 1553 1141 1598 unum
1163 1536 1241 1600 inter
1262 1555 1295 1598 ee
1318 1557 1388 1600 ense

149 1635 326 1698 animorum
359 1653 519 1700 consensu.
544 1633 679 1700 debeant.
724 1635 813 1708 Quod
842 1635 868 1696 si
897 1635 985 1698 etiam
1013 1634 1097 1700 aliter
1118 1636 1198 1700 buno
1218 1638 1387 1718 scripturae

150 1737 256 1798 iorum
278 1736 438 1815 defendero
461 1745 608 1816 oportent,
630 1736 687 1798 hae
707 1755 798 1800 voees
821 1741 853 1798 in
874 1738 962 1800 nobie
983 1737 1063 1803 idern
1086 1738 1183 1800 vatent
1205 1757 1240 1802 oe
1261 1740 1288 1802 si
1302 1741 1385 1804 dioe-

152 1843 256 1898 retur:
278 1837 386 1899 virtute
409 1836 507 1898 Patrio
529 1845 559 1898 et
579 1837 646 1902 Filii
668 1844 702 1902 ut
723 1856 812 1900 unum
835 1837 908 1900 fient
929 1837 1058 1918 idipsum
1081 1839 1225 1904 dieentes.
1259 1840 1291 1903 id
1307 1842 1386 1909 euim

155 1937 225 2000 sine
245 1936 308 1998 lieo
331 1937 395 1998 deri
417 1937 498 2000 nudo
521 1937 611 2000 modo
633 1945 743 2017 potest.
788 1938 871 2000 Hane
892 1947 990 2002 autem
1013 1939 1287 2020 interpretationem
1309 1960 1385 2021 poe-

156 2056 264 2102 aunrus
287 2037 353 2100 aliis
376 2038 546 2119 Scripturao
567 2039 644 2102 loeis
665 2038 872 2120 comprobare,
896 2039 965 2102 istis
986 2041 1112 2120 exempli
1135 2060 1238 2106 cauea:
1261 2041 1301 2104 in
1321 2043 1386 2106 lien

154 2141 304 2218 fortemne
327 2143 482 2215 uirtutem,
505 2149 538 2202 et
556 2141 596 2204 In
609 2140 673 2204 Deo
696 2141 913 2221 transgrediar
934 2159 1065 2213 murum,
1088 2149 1118 2204 et
1141 2141 1177 2206 in
1200 2155 1229 2208 te
1249 2147 1385 2208 ininrieon

154 2251 282 2305 nostroe
305 2242 516 2306 ventilabrinna
541 2260 647 2306 ternu.
683 2241 799 2303 Clarum
823 2249 872 2305 est
893 2242 992 2320 igitur,
1015 2260 1072 2304 nne
1094 2242 1124 2304 in
1147 2245 1267 2308 nomine
1289 2246 1385 2310 Patris

154 2351 183 2404 et
205 2341 273 2404 Filii
295 2361 386 2406 onom
409 2345 532 2406 etieetoa
561 2343 680 2404 firmum
709 2341 841 2404 caritatis
862 2343 1010 2406 vincutum
1032 2343 1142 2409 babere
1162 2363 1266 2424 posse.
1310 2346 1387 2409 itinn

153 2441 299 2508 Dominus
323 2445 447 2506 eandem
470 2437 595 2506 dilatans
620 2443 798 2506 sententiam
820 2443 876 2504 eit:
910 2445 947 2508 dt
974 2462 1025 2525 epo
1046 2445 1194 2524 pieriam,
1222 2465 1311 2527 puero
1334 2449 1386 2509 de-

154 2545 228 2606 disti
247 2547 330 2618 mitti,
354 2547 423 2609 dedi
443 2551 494 2617 nb,
517 2557 553 2609 ut
575 2550 637 2608 sint
658 2565 763 2615 norem,
785 2549 864 2608 n'ent
886 2557 915 2608 et
936 2563 993 2608 nor
1015 2565 1112 2608 unum
1134 2564 1248 2608 annone.
1281 2546 1385 2626 Appo-

155 2641 213 2701 nite
236 2643 285 2702 bie
305 2662 424 2722 quoque
445 2663 506 2707 non
529 2645 617 2708 dixit:
642 2652 676 2708 ut
697 2647 758 2708 sint
779 2646 856 2708 inte
879 2646 966 2710 sinoti
990 2663 1045 2724 ego
1062 2664 1140 2718 sum,
1162 2646 1313 2712 sedatam
1327 2665 1384 2710 noe

156 2757 279 2812 eumne,
309 2746 367 2819 qut
395 2744 513 2822 quidem
541 2746 682 2826 partiente
704 2753 784 2810 n'eut
805 2755 906 2826 aperte
929 2745 1076 2818 ostendit,
1106 2763 1167 2811 non
1189 2746 1384 2819 identitatem,

155 2849 190 2902 ut
212 2841 253 2900 ite
275 2840 389 2920 loquar,
412 2843 581 2924 significari,
604 2848 657 2908 sed
681 2847 840 2926 imaginem
863 2857 893 2908 et
914 2845 1065 2924 exemplar
1085 2847 1225 2924 proponi.

240 3041 292 3104 22.
336 3040 438 3120 itaque
453 3041 580 3105 Verbum
601 3044 721 3124 qmdem
743 3065 812 3106 vere
835 3027 957 3108 eandem
981 3053 1115 3108 naturam
1131 3046 1268 3110 habetne
1281 3047 1384 3121 Petam
1454 3081 1459 3088 ·

152 3139 243 3202 nobis
266 3148 365 3204 antem
387 3142 417 3204 id
440 3143 580 3209 duntaxat
600 3145 669 3206 lieet
689 3145 808 3216 imitari,
832 3131 1046 3208 nieuti'dieturn
1062 3154 1125 3224 θείς
1148 3147 1225 3213 unde
1241 3149 1383 3212 motione

154 3240 322 3304 subiunxit:
346 3241 407 3322 Epo
429 3247 463 3306 in
484 3248 526 3306 ete
549 3256 579 3306 et
601 3255 635 3310 tn
658 3250 690 3308 in
711 3265 766 3316 me.
790 3256 826 3309 nt
847 3250 910 3308 rint
928 3248 1065 3329 persenti·
1082 3253 1116 3312 in
1129 3267 1232 3314 naum.
1268 3248 1383 3324 Quibus

152 3339 253 3402 verbis
284 3341 378 3404 maius
408 3351 438 3404 et
463 3345 625 3424 perfectius
659 3345 768 3424 aliquid
801 3364 855 3424 pro
883 3347 971 3408 nobis
1000 3349 1107 3428 poscit.
1152 3349 1275 3412 Constat
1302 3350 1381 3411 enim

153 3441 280 3502 Verbum
302 3443 333 3503 in
356 3442 575 3506 nobistantum
598 3463 682 3518 esse,
713 3445 821 3526 quippe
851 3465 917 3509 cum
946 3455 1084 3510 nostrum
1107 3449 1238 3512 induerit
1259 3469 1380 3530 eorpus.

155 3540 217 3613 „Et
238 3553 273 3604 tn
294 3546 327 3604 in
347 3563 402 3616 me,
424 3543 528 3621 Pater3
551 3545 698 3626 siquidem
716 3555 796 3608 tuum
814 3565 869 3628 ego
886 3568 951 3612 snm
969 3549 1107 3623 Verbum,
1130 3559 1160 3614 et
1173 3553 1299 3632 proinde
1314 3571 1380 3616 eum

154 3649 212 3712 „tu
233 3643 263 3702 in
285 3661 333 3705 nro
355 3645 407 3718 sis,
430 3646 498 3724 quin
520 3656 603 3708 tuum
626 3665 693 3710 oum
710 3648 847 3728 Verbum,
871 3669 939 3712 eum
960 3650 1031 3712 item
1054 3651 1111 3714 sim
1133 3653 1163 3713 in
1186 3653 1244 3714 iilis
1259 3663 1382 3734 propter

154 3825 209 3876 editi
228 3822 259 3876 τό
283 3829 402 3880 omittunt.
437 3831 529 3892 tortio.
547 3831 604 3882 ibid.
622 3825 741 3890 ποιήσω-
826 3848 849 3896 g.
867 3829 964 3882 inundo
981 3835 1226 3888 theodemirum
1263 3837 1381 3902 tinnites.

152 3906 209 3958 μιν.
245 3895 371 3946 bonitium.
390 3897 527 3948 etFeietrm.
538 3898 562 3948 b.
579 3891 741 3963 ποιήσομαι.
795 3900 815 3947 t.
835 3908 860 3949 et
877 3901 976 3962 Seguer.
1000 3895 1047 3950 aet
1062 3893 1204 3968 θειότερον
1221 3919 1267 3967 pro
1285 3901 1381 3958 τελειό-

153 3961 207 4012 idns.
226 3953 449 4030 ibidatotiirrp
466 3961 533 4028 θεῷ.
567 3965 594 4012 ln
612 3964 744 4014 editirxot
792 3977 873 4029 τερον
895 3967 1016 4044 iidemdpe
1034 3977 1057 4016 et
1076 3970 1173 4019 Gobier.
1192 3979 1215 4020 et
1233 3972 1338 4024 Vettium.
1358 3975 1380 4023 l.

152 4030 226 4080 deest
569 4051 576 4058 ·
679 4086 719 4108 Ἡ
793 4031 963 4099 ιιᾱάιιιιιπερι
981 4031 1068 4099 ημῶν.
1090 4037 1154 4099 qnod
1172 4039 1269 4092 inritis
1287 4048 1310 4089 nt
1328 4043 1380 4092 edi·

184 4097 208 4144 d.
227 4095 365 4146 Gobterian.
386 4104 409 4146 et
427 4096 532 4147 Veietm.
548 4097 569 4145 t.
587 4090 638 4155 τὴν
655 4110 741 4155 nonno
791 4098 858 4148 tione
877 4099 994 4150 Continet.
1013 4103 1089 4156 deret.

153 4153 260 4211 etrier:
285 4164 345 4214 ibid.
366 4166 422 4227 iieg.
435 4163 456 4214 i.
476 4164 608 4226 etSegner.
627 4156 740 4218 ἐπεκτεί-

150 4243 212 4278 νων.
248 4229 327 4282 Ceteri
346 4239 369 4282 et
386 4231 442 4282 editi
458 4223 593 4282 ἐκτείνων.
825 4231 848 4282 b.
866 4227 914 4282 arni
937 4234 1006 4286 deest
1030 4237 1053 4288 io
1072 4237 1170 4290 center.
1189 4249 1213 4292 ot
1229 4241 1334 4290 Voietun.
1356 4240 1377 4290 i.

182 4312 204 4346 o.
223 4297 279 4376 ¹¹²}
300 4298 321 4348 t.
339 4299 439 4362 Sogoor.
458 4300 555 4350 Gobier.
566 4297 702 4350 otVeteim.
716 4301 738 4351 t.
790 4300 880 4352 ibidem
899 4302 987 4366 Regino
1001 4304 1024 4354 i.
1041 4295 1072 4354 ἐν
1087 4299 1158 4372 ἐμοί
1175 4303 1239 4375 περὶ
1256 4305 1306 4356 σοῦ
1323 4299 1378 4370 γάρ

150 4357 241 4442 redde
258 4365 340 4436 nudie.
377 4367 455 4418 Ceteri
475 4376 498 4418 et
512 4367 568 4418 editi
582 4359 676 4420 nobrio
691 4361 739 4417 nni
789 4360 950 4434 riptie'yor.
986 4371 1084 4424 bonite
1101 4374 1141 4424 .t.
1160 4375 1258 4438 Segoer.
1279 4375 1377 4426 Gobier.

151 4429 232 4496 ημεῒθ.
789 4445 812 4486 et
831 4437 968 4488 iniciaret.
986 4433 1033 4489 καὶ
1050 4434 1098 4490 dtu
1115 4437 1147 4492 ot
1164 4451 1209 4494 ete.
1233 4441 1312 4492 diiiet
1322 4437 1379 4488 editi

152 4505 164 4612 i
181 4498 197 4546 i.
218 4499 396 4615 Ubterqtne'iieg.
410 4501 510 4564 segrei.
521 4501 619 4554 Gobier.
630 4501 735 4553 Veieim.
787 4497 835 4552 καί
852 4509 972 4559 omittunt.

165 4571 216 4615 ,οι
249 4577 285 4617 ,ε
315 4565 378 4632 op'n.
