3094 5318
468 373 650 418 seraranan
673 375 710 416 sn
733 373 929 418 ammianus.
1110 367 1132 388 '¹
1236 363 1297 428 729

28 529 106 592 Dei
139 528 194 590 sit.
240 527 328 600 Quod
355 526 426 587 item
454 524 617 587 centesima
647 523 735 586 tertia
758 523 877 586 Psalmo
900 523 1041 599 habetur,
1070 526 1178 589 clarius
1206 529 1386 591 adhucnsn.

33 638 273 710 argumentum
297 627 333 690 ad
356 627 466 688 hancce
489 625 635 687 haeresim
658 625 846 686 evertendam
868 625 956 692 nobis
978 626 1165 720 suppeditat,
1188 630 1302 691 utiam
1399 615 1406 626 ’

30 733 257 796 monuimus:
279 729 409 808 Anseres
432 731 577 807 spiritum
599 744 704 788 eornm
726 738 756 790 et
778 727 924 806 deficient,
948 738 977 789 ct
990 729 1199 810 invulnerem
1212 749 1302 795 sunm

35 844 278 897 revertentur.
321 829 447 892 Battus
470 828 621 908 Spiritum
643 836 728 888 tnuvn
751 836 781 888 et
803 827 1000 897 creabuntur,
1024 837 1051 889 et
1074 833 1234 894 renovabis
1249 834 1303 911 sa«

38 941 134 998 ciem
164 946 277 997 terrae.
321 930 361 992 Et
382 928 492 992 Paulus
513 929 588 990 haec
602 927 671 988 Tito
694 925 813 988 scribit:
838 926 897 989 Per
915 926 1073 990 lavacrum
1095 937 1302 1010 regeneratio-

37 1041 103 1098 nis
135 1047 171 1098 et
193 1036 405 1096 renovationis
426 1030 561 1111 Spiritus
585 1032 698 1098 sancti,
733 1045 818 1107 quent
846 1028 953 1108 effudit
973 1033 1007 1090 in
1025 1029 1084 1093 'nos
1107 1032 1224 1094 adnnde
1243 1052 1303 1113 ver

43 1137 174 1200 Iesum
196 1130 361 1198 Christum.
406 1132 437 1194 Si
460 1132 554 1210 igitur
570 1130 668 1191 Pater
681 1129 781 1190 omnia
808 1145 864 1208 per
885 1127 1014 1190 Verbum
1036 1131 1067 1192 in
1090 1130 1201 1211 Spiritu
1224 1142 1305 1195 creat

43 1249 82 1300 ct
111 1245 262 1310 renovat,
296 1253 371 1314 quse
399 1232 563 1296 similitudo
586 1239 638 1294 aut
658 1230 795 1310 cognatio
818 1230 946 1292 creantis
969 1249 1035 1293 cnm
1057 1231 1149 1295 rebus
1172 1232 1303 1296 means?
1377 1291 1381 1298 .
1446 1271 1452 1280 ·

44 1340 114 1400 Vel
142 1342 196 1416 qni
219 1337 339 1399 omnino
361 1337 425 1398 lieri
448 1343 536 1415 queat
557 1333 659 1409 atille
681 1351 732 1394 res
756 1332 796 1394 sit
817 1340 931 1406 creata,
963 1332 993 1394 in
1023 1351 1081 1412 qua
1112 1335 1211 1396 omitia
1234 1355 1302 1398 cre-
1331 1377 1337 1389 -

46 1438 182 1502 antur?
224 1439 302 1502 Sana
330 1455 396 1498 cnm
425 1437 515 1516 impia
543 1436 599 1497 hac
628 1434 776 1496 sententia
803 1433 851 1496 illa
873 1433 929 1495 alia
948 1434 1107 1508 cohaeret,
1140 1455 1214 1516 quae
1236 1436 1302 1500 Filii

49 1541 253 1604 divinitatem
275 1540 438 1618 impugnat,
460 1537 501 1599 ita
523 1544 556 1598 ut
576 1535 625 1615 qui
649 1535 794 1614 Spiritum
815 1553 880 1599 rem
903 1543 1032 1598 creatam
1055 1537 1302 1608 esse‘contendee

10 1701 13 1722 J
49 1644 136 1716 rint,
155 1623 287 1704 ¹eosdem
309 1635 541 1700 faterinecesse
564 1636 605 1696 sit
619 1636 758 1708 Verbum,
780 1654 835 1715 per
850 1635 930 1715 quod
947 1636 1045 1699 omnia
1068 1647 1216 1713 creantur,
1238 1657 1303 1702 rem

52 1761 192 1824 quoque
215 1749 343 1802 creatam
365 1756 443 1801 esse.
487 1737 599 1800 Addam
622 1738 764 1817 Spiritum
788 1737 946 1816 imaginem
960 1737 1026 1819 Filii
1049 1748 1079 1800 et
1100 1738 1157 1802 dici
1180 1749 1210 1802 et
1224 1759 1301 1804 esse.

18 1883 23 1891 -
54 1846 145 1906 Nam
172 1842 257 1915 Quas
275 1845 452 1922 praescivit,
475 1849 504 1901 et
521 1841 765 1919 praedestinavit
786 1841 959 1919 conformes
981 1840 1054 1922 fieri
1073 1845 1211 1922 imaginis
1233 1843 1307 1906 Filii
1397 1883 1402 1886 -

10 1985 25 2026 .·
57 1949 129 2008 sni.
175 1943 278 2022 ltaque
307 1960 373 2004 cum
402 1940 462 2020 ipsi
488 1925 634 2002 fateantur
655 1939 761 2002 Filium
791 1960 855 2003 rem
884 1949 1013 2002 creatam
1041 1959 1103 2002 ncn
1130 1961 1214 2016 esse,
1249 1963 1305 2006 nec

58 2046 161 2107 etiam
184 2044 249 2106 eius
270 2043 367 2122 imago
389 2061 440 2104 res
463 2051 560 2104 creata
582 2042 730 2104 censenda
752 2051 807 2104 est.
852 2042 955 2114 Qualis
985 2041 1064 2104 enim
1086 2043 1173 2104 suerit
1195 2045 1302 2124 imago,

11 2221 12 2224 Ἴ
58 2129 164 2207 ιειεεε
182 2162 307 2207 neccsse
329 2151 377 2206 est
399 2161 467 2204 eum
489 2161 568 2216 esse,
592 2143 676 2204 cuius
699 2143 797 2222 imago
813 2143 922 2222 luerit.¹
955 2142 1040 2204 Unde
1055 2144 1304 2222 quemadmodum

10 2301 13 2330 ,
60 2250 135 2309 iure
159 2245 265 2308 merito
289 2263 323 2307 ac
344 2233 556 2306 convenienter
577 2243 705 2306 Verbum
727 2262 779 2305 res
801 2252 897 2306 creata
921 2261 990 2305 esse
1012 2253 1145 2323 negatur,
1168 2247 1236 2326 quia
1258 2256 1306 2310 est

10 2401 17 2411 ,
62 2348 169 2427 imago
191 2331 298 2422 Patris,
321 2348 360 2408 ita
383 2348 435 2426 qui
457 2347 600 2426 Spiritum
622 2347 701 2408 inter
722 2365 772 2408 res
795 2355 909 2408 creatas
932 2346 1077 2408 collocare
1100 2365 1161 2408 nan
1184 2347 1303 2410 dubila-

10 2483 17 2528 ;
63 2450 162 2522 verit,
191 2467 252 2512 non
266 2457 376 2528 potest
398 2448 469 2529 quin
490 2448 597 2511 Filium
620 2467 687 2511 cum
709 2446 814 2510 iisdem
836 2456 1028 2521 annumeret3
1057 2465 1091 2507 ac
1117 2448 1244 2525 proinde
1267 2449 1304 2512 ad

10 2531 23 2644 ,Ἰ
67 2549 170 2624 ipsam
192 2549 309 2612 Patrem
331 2551 460 2614 refertur
482 2549 624 2630 quidquid
647 2548 737 2628 impie
766 2550 804 2610 de
831 2550 921 2612 huius
953 2547 1081 2627 imagine
1104 2549 1233 2611 senserit
1255 2548 1303 2611 di·

17 2711 21 2717 ,
67 2647 195 2707 xeritve.
858 2656 859 2662 ’
1335 2641 1339 2648 ’

10 2815 14 2836 .
161 2749 212 2812 25.
256 2749 358 2828 ltaque
378 2751 569 2814 manifestum
591 2758 639 2814 est
660 2750 802 2830 Spiritum
825 2749 916 2812 alium
939 2749 1061 2810 omnino
1084 2767 1152 2809 esec
1174 2766 1192 2810 a
1212 2747 1303 2810 rebus

10 2839 17 2934 j
55 2846 198 2932 ‚meatim
230 2865 357 2928 eumque
385 2841 568 2914 ostendimus
595 2852 750 2931 proprium
777 2849 844 2912 Filii
872 2867 957 2921 esse,
986 2867 1047 2910 non
1077 2857 1175 2911 antem
1203 2849 1304 2911 aneo

73 2948 214 3010 alienum.
268 2949 401 3028 Namque
430 2952 509 3030 quod
538 2953 575 3014 ad
600 2953 710 3014 hancce
743 2957 858 3012 acutam
889 2949 1008 3010 iliorum
1040 2949 1306 3028 interrogationem
1400 2959 1403 2966 '

10 3109 13 3134 ,
75 3059 206 3128 spectat:
229 3049 261 3110 Si
283 3051 413 3131 Spiritus
434 3071 469 3112 ex
487 3053 549 3114 lieo
572 3062 628 3126 est,
651 3069 742 3130 quare
764 3069 826 3111 non
848 3050 913 3132 ipse
935 3067 1052 3128 quoque
1074 3049 1152 3112 lilius
1175 3049 1306 3115 dicitur?

10 3137 17 3160 ⁵*
74 3150 153 3212 lianc
170 3151 299 3231 inquam
328 3145 580 3229 quaestiunculam
603 3150 742 3213 audacem
766 3161 797 3212 et
819 3150 1005 3212 temerariam
1034 3169 1102 3214 esse
1131 3169 1220 3231 snpra
1247 3151 1306 3214 iam

10 3233 13 3252 ¹
77 3260 232 3316 ostensum
255 3261 311 3326 est,
335 3251 389 3314 sed
412 3253 490 3314 idem
512 3252 706 3314 nihilominus
728 3269 835 3314 rursus
858 3251 1019 3314 ostendere
1033 3269 1094 3314 non
1109 3251 1305 3334 gravabimur.
1396 3251 1402 3260 '

10 3355 15 3436 ζ
76 3353 207 3416 Tametsi
236 3352 315 3414 enim
344 3352 474 3431 Spiritus
501 3353 531 3414 in
555 3352 717 3432 Scripturis
745 3353 823 3414 lilius
852 3371 914 3414 non
942 3351 1065 3428 dicitnr,
1099 3354 1152 3416 sed
1181 3353 1305 3434 spiritus

10 3533 11 3536 Ἴ
77 3454 143 3528 uei,
172 3460 270 3516 tamen
299 3454 330 3515 in
353 3454 419 3533 ipsc
441 3453 504 3516 ileo
527 3461 557 3516 el
579 3473 616 3514 ex
637 3454 705 3533 ipso
727 3454 790 3516 [lec
813 3471 880 3516 esse
903 3453 999 3538 dictus
1022 3461 1084 3526 est,
1117 3454 1160 3514 uti
1183 3437 1306 3534 scriqsit

79 3555 246 3636 Apostolus.
291 3555 386 3616 Porro
410 3555 436 3616 si
458 3554 563 3629 Filius,
585 3554 653 3634 qnia
677 3563 721 3616 est
744 3574 780 3616 ex
801 3554 899 3628 Patre,
922 3542 1061 3634 proprius
1074 3555 1198 3622 ‘idcirco
1221 3553 1303 3618 eius·

81 3657 145 3718 dem
172 3656 356 3736 substantiae
379 3663 436 3730 est,
458 3673 586 3718 necesse
608 3663 655 3717 est
677 3655 814 3718 similiter
835 3655 995 3735 Spiritum,
1024 3656 1074 3736 qni
1097 3673 1134 3718 ex
1153 3656 1216 3718 lieo
1239 3674 1306 3718 esse

75 3739 198 3829 dicitur,
230 3756 385 3835 proprium
413 3775 532 3838 quoque
559 3756 627 3818 Filii
655 3775 725 3819 esse
759 3757 935 3818 secundum*
957 3754 1165 3818 substantiam.
1220 3755 1306 3818 Certe

10 3839 12 3874 ἶ
81 3855 324 3938 quemadmodum
346 3847 490 3920 Dominus
513 3866 562 3924 est
582 3855 670 3932 iilius,
692 3859 732 3919 ita
754 3859 819 3937 ipse
839 3857 966 3937 Spiritus
989 3856 1112 3935 spiritus
1134 3855 1305 3937 adoptionis

116 4043 130 4090 t.
148 4033 161 4086 d
179 4047 235 4104 past
251 4038 399 4106 nicaeam
421 4041 510 4093 habent
532 4043 621 4105 Regina
640 4041 664 4092 2.
752 4042 767 4091 i.
786 4042 826 4090 Sic
844 4040 900 4102 neg.
921 4041 944 4091 1.
971 4048 994 4091 et
1013 4041 1113 4103 Segner.
1149 4041 1176 4092 la
1204 4041 1258 4093 aliis
1282 4049 1306 4094 et

83 4107 182 4158 Feiclm.
203 4108 224 4156 1.
244 4116 267 4158 ει
285 4110 323 4158 ed.
343 4109 460 4158 Commsl.
717 4109 788 4160 editis
807 4106 855 4156 τοῦ
874 4110 950 4160 deest.
1203 4117 1207 4132 ⁸

116 4189 137 4236 g.
154 4175 207 4236 lieg.
227 4175 248 4224 1.
267 4175 407 4236 Sequeriaa.
427 4183 450 4226 et
466 4177 537 4226 Basil.
557 4169 664 4227 codron.
751 4177 772 4226 l.
792 4176 832 4225 Sic
850 4177 905 4238 lteg.
930 4177 949 4224 1.
969 4176 1067 4236 Segner.
1089 4176 1186 4228 Gobler.
1200 4175 1306 4227 Falckm.

85 4243 126 4292 dlii
148 4258 200 4292 tero
220 4251 243 4292 ει
261 4242 318 4292 editi
337 4233 430 4291 airon.
465 4245 516 4297 tica
536 4245 623 4307 Regius
641 4246 664 4294 1.
719 4243 741 4294 1.
760 4252 784 4292 et
802 4243 874 4292 Basil.
909 4233 1307 4306 itinglic.inrovideodnnl

85 4313 175 4372 Sagaer.
200 4309 326 4360 liasiliens.
352 4310 449 4360 Goblsr.
474 4319 498 4360 et
514 4313 620 4362 i'elclm.
641 4312 662 4361 1.
714 4303 920 4378 πατρός-ἔστιν.
957 4311 1036 4361 Ottoh.
1057 4304 1071 4358 ὁ
1090 4307 1120 4361 δὲ
1138 4305 1196 4366 υἱὸς
1213 4305 1304 4371 insedi

87 4371 142 4424 silio
167 4369 222 4443 ἄρα
246 4375 303 4424 τῶν
330 4368 496 4441 κτισμάτων.
538 4381 617 4430 Ceteri
641 4385 665 4428 at
716 4371 745 4426 ἔκ
762 4377 811 4426 τοῦ
829 4378 896 4428 θεοῦ
913 4371 995 4428 tazv.
1035 4380 1113 4432 Ceteri
1130 4389 1153 4431 ει
1162 4381 1200 4432 ed.
1211 4381 1304 4430 Comm.

89 4446 137 4494 editi
153 4435 206 4510 ἄρα
224 4429 274 4494 οὖν
290 4437 322 4494 od
340 4443 398 4494 coir
414 4439 579 4511 κτισμάτων,
716 4437 744 4494 ἐκ
762 4443 811 4510 ζεῦ
828 4445 896 4498 θεοῦ
914 4439 997 4498 ἔστιν.
1084 4486 1087 4495 ,

110 4513 192 4587 ‚nstv
208 4515 266 4574 ileg.
280 4514 300 4566 1.
326 4522 349 4564 ει
367 4514 466 4574 Segner.
503 4514 548 4564 titt
567 4522 590 4564 et
608 4514 665 4566 editi
751 4514 767 4563 l.
785 4515 826 4564 Sic
844 4517 900 4576 llcg.
914 4517 935 4565 1.
953 4519 1052 4577 Segner.
1072 4515 1142 4564 cont.
1161 4522 1185 4565 ει
1201 4514 1304 4566 Felaltm.

90 4590 166 4630 aanor.
696 4581 741 4660 ἱ1.
777 4582 856 4633 Celeri
875 4576 1023 4633 etedtttvo'
1041 4583 1164 4632 abiiciunt.
