3226 5280
15 373 19 462 δ
247 381 259 404 ·
296 393 322 438 s.
333 363 719 437 armmsn'mcmnomcaet
735 391 877 436 ceteram
892 392 930 434 oc
946 391 1110 436 scurnum
1125 391 1267 436 utonmn.
1353 375 1395 438 93

164 547 268 604 uicaus
292 543 428 604 retundit
449 542 665 624 impudentiam
681 541 922 624 Catluolicustque
936 541 1115 622 Dionysium
1133 543 1225 622 plane
1242 555 1477 606 common-rma.

166 655 251 708 strat
274 653 303 706 et
325 643 361 705 ab
384 646 453 706 Arii
474 647 622 706 sententio
644 643 872 706 alienissimum.

254 744 307 806 ΙΙΙ.
350 745 470 807 &imon
488 763 588 826 porra
612 744 657 806 laic
680 744 767 806 obuia
782 745 925 824 Dionysii
946 743 1021 815 loco,
1044 743 1153 824 quibus
1170 747 1258 808 tertio
1273 741 1394 806 sucula

164 845 314 926 Dionysii
332 847 584 909 aduersariorum
606 845 734 926 depulsa
756 849 945 915 cnmr'uatio,
968 853 1079 925 quarto
1102 843 1289 904 Arianorum
1311 843 1395 904 calu-

165 952 253 1009 ucnia
277 945 369 1008 semul
389 959 418 1010 et
435 965 537 1027 praua
560 946 702 1008 doctrina
725 947 886 1024 confutata
909 953 970 1014 est,
988 947 1066 1023 pari
1087 941 1228 1022 bodieque
1250 945 1283 1004 ui
1299 941 1397 1022 polle-

166 1061 224 1111 aut
252 1047 294 1110 ad
321 1065 416 1110 nouos
445 1046 631 1126 refellendas
655 1047 801 1118 Arianos,
831 1047 884 1126 qui
907 1043 996 1106 Verbi
1021 1045 1158 1106 deitatem
1180 1042 1262 1104 baud
1283 1047 1400 1106 minare

167 1168 261 1230 mam
289 1151 391 1229 prisci
414 1148 464 1209 illi
491 1149 643 1227 impietate
666 1158 857 1226 oppuquant,
886 1148 993 1227 quique
1014 1163 1101 1207 suam
1122 1147 1305 1207 seutentiam
1326 1162 1399 1206 aeu-

168 1255 272 1312 rtitaut
302 1260 339 1310 ut
365 1247 525 1329 prioribus
547 1246 699 1309 Ecclesiae
728 1245 856 1310 sacoma
884 1245 975 1327 uulqa
1005 1256 1165 1326 receptam
1208 1243 1346 1327 Namque
1365 1256 1400 1310 ut

168 1363 292 1414 caetera
316 1362 427 1412 taceam
449 1367 488 1410 ea
509 1351 558 1419 iis,
582 1365 657 1428 quac
678 1367 760 1409 uum
779 1347 828 1411 te.
850 1347 1009 1420 labemur,
1030 1347 1156 1427 planum
1177 1355 1231 1418 eat,
1255 1363 1344 1408 uoces
1359 1343 1399 1408 il-

168 1451 219 1513 las
241 1445 277 1514 in
298 1449 356 1532 τῆς
377 1441 493 1524 οὐσίας
515 1460 546 1510 et
567 1440 746 1529 δμοοάσιον
768 1454 827 1511 iam
842 1459 905 1512 tum
920 1453 1052 1511 usitatas
1069 1447 1267 1530 vulgatasque
1280 1447 1397 1528 fuisse,-

168 1559 216 1618 ita
244 1563 280 1614 ut
308 1552 343 1613 de
369 1549 442 1612 Filia
467 1550 633 1630 loquentem
656 1569 692 1612 ea
714 1550 806 1614 rerba
828 1555 1017 1632 rutpuqnasee
1039 1567 1200 1612 erroneum
1223 1547 1395 1618 baberetur,

167 1657 308 1716 amisim
328 1655 538 1732 suspiciosum.
583 1649 700 1713 Eminet
722 1669 794 1714 uero
818 1652 953 1714 omuibus
976 1651 1045 1714 aliis
1060 1651 1204 1730 Diouqsii
1250 1653 1309 1714 'tis
1326 1649 1397 1712 baec

163 1753 334 1836 praeclaro
364 1755 526 1834 aureisque
552 1753 687 1832 apicibus
709 1753 866 1814 exaranda
888 1756 1050 1824 sententia,
1080 1769 1140 1832 qua
1162 1767 1211 1812 om
1285 1751 1397 1830 prelii-

166 1865 286 1935 qantur
301 1855 449 1916 aduersus
466 1851 641 1914 Trinitatem
657 1853 782 1914 obortae
798 1853 942 1925 baereses,
958 1871 1040 1915 uum.
1058 1855 1108 1915 17.
1132 1843 1221 1915 οὕτω
1234 1847 1295 1930 μὲν
1305 1841 1399 1932 ἡμεῖς

169 1952 222 2030 εἵς
243 1977 279 2018 τε
299 1951 358 2038 τὴν
378 1949 500 2036 τριάδα
520 1948 578 2035 τὴν
599 1949 729 2034 μονάδα
744 1949 951 2036 criminamur
966 1945 1163 2035 ἀδιαίρετον,
1185 1949 1240 2015 nal
1255 1945 1316 2034 ripe
1328 1970 1400 2032 τρι-
1434 2023 1441 2032 ι

170 2053 238 2120 aida
265 2051 369 2120 πάλιν
392 2047 556 2136 ἆμείωτον
578 2051 625 2130 εἰς
644 2051 702 2138 τὴν
724 2049 856 2136 μονάδα
877 2049 1221 2140 σογκεφαλαιοάμεδα.
1267 2051 1319 2116 stc
1341 2069 1398 2114 nos

168 2157 291 2238 quidem
317 2156 465 2220 lJnitetem
498 2155 707 2220 indivisibilem
741 2156 773 2218 in
796 2155 970 2218 Trinitatem
1001 2155 1175 2230 dilatamus,
1207 2173 1241 2217 ac
1268 2153 1398 2216 uicissim
1466 2231 1471 2240 ¹

168 2257 356 2334 Trinitatem,
379 2277 454 2338 quae
475 2257 609 2322 imminui
631 2259 745 2340 nequit,
770 2257 801 2320 in
823 2257 970 2320 Unitatem
993 2255 1208 2320 accinimus.
1251 2255 1333 2319 llaec
1347 2259 1397 2318 in-

170 2379 259 2442 quam
287 2366 451 2433 sententia,
479 2380 553 2442 quae
579 2365 614 2423 in
642 2362 779 2424 omnibus
809 2359 933 2422 Graecis
954 2359 1116 2422 Arbaaasii
1142 2358 1227 2420 editis
1255 2357 1397 2420 bactesms

171 2462 411 2534 desiderabatur,
433 2465 495 2524 iam
513 2466 616 2542 primo
635 2461 745 2525 Graece
762 2463 869 2542 prodit
891 2465 1025 2524 omnium
1045 2459 1106 2541 fide
1120 2461 1399 2539 manuscriptorum

171 2567 343 2626 restituta·
373 2561 518 2640 Gottapsc
537 2566 646 2642 quippe
667 2561 737 2640 [uit.
761 2563 840 2644 quod
860 2581 947 2625 oocea
969 2555 1091 2644 τριάδα
1112 2570 1142 2623 et
1162 2554 1292 2642 μονάδα
1316 2561 1399 2620 simi-

175 2662 246 2723 liter
271 2665 391 2720 omnino
415 2661 594 2720 desinerent.

263 2757 311 2816 w.
355 2755 393 2818 llt
415 2774 488 2818 oeno
509 2776 571 2819 non
593 2759 661 2821 baec
682 2779 745 2823 una
766 2781 804 2824 ec
819 2765 930 2827 Graeco
955 2776 1041 2827 teatu
1064 2762 1222 2824 exciderat
1237 2747 1485 2830 sententiosum.

177 2857 294 2921 multae
316 2859 424 2936 quippe
446 2855 524 2918 aliae
546 2868 618 2919 sunt
639 2864 671 2920 iu
694 2861 748 2922 bac
769 2863 897 2942 epistola
917 2866 1148 2926 amanuensium
1169 2862 1246 2920 vitia
1270 2859 1403 2928 omissae,

173 2959 258 3040 quod
285 2957 425 3020 uidelicet
452 2957 530 3020 duae
551 2971 767 3038 consequenter
785 2967 902 3040 positae
924 2963 1080 3025 maculae
1103 2959 1150 3021 uel
1173 2959 1274 3020 eadem
1295 2956 1343 3018 uei
1362 2959 1405 3018 ai·

171 3059 289 3121 militer
311 3059 466 3122 destruente
489 3077 560 3121 uoce
585 3060 743 3132 codereut5
766 3079 839 3142 quae
862 3081 962 3125 omnes
979 3067 1165 3142 optimorum
1179 3063 1403 3138 manuscripto·

172 3179 241 3222 rum
265 3177 323 3241 ope
346 3163 406 3222 mm
427 3174 503 3224 suut
521 3159 658 3240 feliciter
683 3165 850 3223 restitutae.
894 3161 931 3222 lit
960 3179 1035 3224 sone
1063 3159 1140 3222 nibil
1159 3161 1349 3244 frequentius
1370 3165 1401 3224 ia

173 3271 235 3323 toto
259 3261 423 3324 Athanasii
448 3279 577 3344 operum
606 3263 737 3324 decursu
766 3262 868 3324 cidere
895 3272 955 3334 est,
979 3281 1068 3343 quom
1090 3261 1244 3325 clausulae
1267 3267 1426 3352 iuteqrae·

174 3361 228 3423 boc
251 3362 358 3442 lapaut
379 3381 487 3444 qenere
504 3367 751 3444 praetermissae.
788 3361 827 3424 Ut
841 3364 890 3425 oei
902 3363 972 3427 binc
981 3363 1085 3446 polam
1099 3365 1234 3427 omuibus
1246 3369 1295 3436 sit,
1311 3383 1400 3446 quam

174 3468 350 3525 necessaria
370 3465 469 3545 suerit
491 3483 571 3528 noua
593 3465 725 3528 eiusdem
747 3469 848 3528 sancti
864 3465 1010 3528 doctoris
1034 3483 1156 3547 operum
1178 3469 1278 3530 editio.

257 3565 291 3625 V.
340 3565 430 3638 Quod
455 3577 555 3628 autem
576 3565 737 3638 Eusebius,
767 3571 820 3648 qui
838 3567 981 3647 Dionysii
996 3580 1079 3650 qesta
1099 3568 1170 3648 [use
1192 3571 1267 3628 satie
1287 3585 1400 3646 prose-

175 3671 291 3748 quitur,
314 3684 351 3728 ue
371 3668 496 3730 uerbum
518 3669 634 3749 quidem
657 3667 693 3729 de
714 3667 768 3730 bac
791 3668 920 3731 bistorio
940 3671 1058 3750 fecerit,
1083 3669 1152 3730 binc
1174 3686 1247 3729 sane
1270 3679 1400 3746 cupetur

174 3771 235 3827 inm
257 3766 380 3847 uulqata
401 3770 435 3831 de
456 3773 524 3848 r'pso
545 3772 691 3849 nimisque
711 3769 803 3848 firma
818 3769 986 3833 Arianismi
1006 3773 1150 3850 suspicio.
1197 3766 1309 3829 Callicle
1320 3785 1399 3855 pro-

173 3867 256 3946 fecto
279 3869 374 3931 tacuit
397 3869 516 3930 baeresi
536 3887 607 3931 suae
630 3871 790 3931 exitiosam
814 3871 983 3939 historiam,
1006 3887 1095 3949 qrcam
1117 3872 1276 3940 incautius,
1300 3877 1335 3930 ut
1356 3871 1401 3928 ait

174 3967 377 4040 Atianaeius,
407 3968 464 4029 alii
484 3971 594 4029 An'aui
620 3971 653 4029 in
681 3986 824 4048 suamque
843 3972 1007 4048 perniciem
1029 3967 1220 4047 euulqorunt.
1265 3969 1400 4048 Apparet

175 4077 276 4129 autem
298 4085 336 4130 ecc
357 4067 535 4150 quidnam
557 4067 647 4129 buius
670 4066 816 4148 epistolae
837 4067 926 4144 locis,
949 4071 1046 4148 ipsum
1067 4069 1173 4132 Arium
1195 4071 1230 4132 de
1253 4068 1399 4148 Dionysia

176 4183 329 4230 mucorem
351 4167 439 4230 illum
460 4171 629 4248 sparsisse3
654 4171 718 4230 uisi
735 4167 820 4248 sorte
842 4172 956 4249 tropice
970 4171 1075 4232 Arcum
1086 4189 1148 4252 pro
1164 4172 1288 4233 Arionis
1305 4167 1400 4231 diba-

175 4271 283 4329 nasiua
313 4270 472 4350 siquificet,
505 4287 591 4351 quem
622 4273 691 4332 item
712 4267 820 4332 Arium
841 4273 931 4352 quasi
949 4275 1144 4352 superstitem
1167 4269 1329 4353 aliquando
1352 4269 1400 4332 lo-

174 4379 311 4451 quentem
333 4371 461 4443 inducit,
485 4375 605 4434 tametsi
625 4371 702 4434 banc
724 4371 881 4452 eps'stolom
899 4381 971 4452 post
994 4373 1169 4453 defunctum
1190 4372 1298 4432 Arium
1319 4373 1400 4432 ecri-

168 4480 258 4548 ptam
277 4470 375 4551 fuisse
396 4475 450 4533 usta
472 4475 620 4554 quispiam
642 4475 682 4534 sit
705 4473 864 4537 dubitandi
884 4471 986 4536 lacus.-
