3176 5304
217 375 256 444 16
742 385 916 431 rnmrtrro.
983 387 997 406 ·

215 537 324 619 quendi
353 536 527 616 dicendique
556 537 673 616 generis
705 544 843 615 patrum,
876 554 935 615 quo
968 535 1126 614 peculiaris
1161 554 1264 600 eorum
1294 538 1442 618 cogitandi

217 638 424 720 sentiendique
446 638 522 700 ratio
546 646 576 698 et
597 637 682 717 quasi
705 637 800 700 torma
822 637 933 716 ingenii
956 654 1096 717 expressa
1126 646 1188 712 est,
1221 637 1344 701 multum
1373 641 1444 702 lacit

216 739 303 802 etiam
332 739 368 802 ad
395 738 528 800 rationes
557 737 754 820 dogmaticas,
791 755 865 818 quas
894 737 988 800 secuti
1016 746 1102 811 sunt,
1135 739 1319 818 aperiendas.
1364 741 1445 804 llaec

215 841 304 920 igitur
325 839 473 920 praesidia
495 838 531 900 ad
554 838 747 918 indagandam
769 838 920 900 veritatem
943 838 1084 900 deliciunt
1104 856 1169 914 eos,
1192 841 1243 920 qui
1258 840 1295 902 de
1310 841 1446 904 doctrina

216 941 325 1002 veteris
355 939 497 1002 ecclesiae
525 948 702 1019 quaerentes
729 939 839 1020 scripta
866 947 982 1020 patrum
1016 956 1077 1001 non
1110 957 1214 1020 graece
1235 950 1266 1004 et
1285 941 1375 1004 latine
1395 942 1445 1004 le·

217 1031 299 1122 gunt,
322 1041 375 1104 sed
397 1039 587 1103 versionibus
609 1047 734 1114 utuntur
756 1039 819 1102 sire
839 1039 1024 1114 vernaculis,
1052 1041 1115 1102 sire
1135 1040 1236 1104 latims
1259 1060 1444 1122 graccorum,

218 1151 305 1206 etex
327 1142 374 1204 his
397 1159 504 1222 sapere
526 1149 681 1204 conantur.
724 1141 812 1216 Quod
834 1159 903 1202 vero
926 1140 1135 1220 gravissimum
1158 1151 1221 1216 est,
1243 1142 1332 1204 iidem
1353 1143 1445 1206 variis

218 1243 338 1306 obnoxii
362 1250 432 1304 sunt
453 1241 606 1304 erroribus
628 1259 664 1304 ex
686 1241 833 1323 imperitia
857 1242 903 1314 sel
927 1241 1105 1322 negligentia
1126 1243 1332 1324 interpretum,
1355 1243 1447 1305 etiam

220 1363 255 1406 ex
275 1344 405 1426 partium
427 1342 544 1418 studio,
578 1361 636 1422 qno
664 1343 739 1405 fides
767 1344 962 1423 interpretum
989 1341 1020 1404 in
1053 1342 1112 1405 hoo
1134 1331 1313 1425 scriptorum
1336 1351 1447 1423 genere

220 1445 389 1506 etiamnunc
427 1443 611 1506 sollicitatur.
669 1444 711 1506 lle
753 1443 889 1506 lloesleri
931 1443 1228 1524 interpretationibus
1263 1443 1294 1505 id
1325 1444 1447 1526 quidem

219 1545 329 1608 dictum
352 1543 439 1606 nolo:
468 1544 521 1608 sed
552 1545 632 1606 huno
653 1563 772 1625 quoque
792 1542 940 1606 interdum
962 1544 1171 1608 hallucinatum
1194 1564 1263 1608 esse
1284 1554 1315 1608 et
1335 1563 1352 1608 a
1374 1563 1447 1607 vero

220 1648 416 1727 scriptorum,
439 1645 565 1708 maxime
593 1663 781 1724 graecorum,
804 1662 895 1706 sensu
924 1643 1080 1708 aberrasse
1108 1663 1167 1708 non
1190 1645 1335 1708 dubitabit
1357 1645 1448 1708 etiam

220 1748 270 1828 qui
303 1766 364 1810 non
393 1746 557 1828 inspexerit
577 1745 805 1822 Bibliotlreoam,
838 1747 863 1808 si
897 1746 997 1826 operis
1019 1748 1097 1808 intra
1117 1765 1230 1828 paucos
1252 1765 1348 1809 annos
1371 1765 1448 1808 oon-

220 1849 287 1912 lecti
321 1848 430 1912 molem
463 1856 493 1908 et
522 1846 724 1908 difficultatem
756 1846 938 1927 expenderit.
983 1846 1071 1920 Quod
1100 1848 1126 1908 si
1158 1847 1248 1926 igitur
1270 1866 1326 1909 nec
1346 1848 1446 1910 lioes·

220 1949 274 2012 leri
298 1949 405 2013 studiis
427 1948 487 2020 illa,
509 1966 584 2028 quae
606 1947 717 2009 multos
740 1966 775 2010 cs
797 1947 945 2028 theologis
967 1947 1106 2009 litteratis
1129 1955 1158 2010 et
1173 1947 1244 2010 olim
1259 1948 1449 2010 desiderasse

222 2058 252 2112 et
273 2067 353 2112 nuno
374 2049 543 2112 desiderare
570 2048 714 2125 diximus,
747 2047 861 2128 expleta
889 2056 975 2122 sunt,
1007 2049 1141 2128 prolecto
1169 2049 1330 2112 serendum
1359 2048 1448 2112 nobis

221 2169 282 2214 non
305 2159 367 2225 est,
399 2169 437 2212 ne
466 2150 589 2212 edentes
611 2147 823 2210 bibliothecam
844 2157 963 2229 patrum
985 2167 1159 2228 graecorum
1181 2149 1376 2228 dogmaticam
1398 2149 1449 2210 di-

222 2270 324 2314 camur
345 2260 408 2316 acta
431 2269 534 2332 agere,
563 2268 620 2330 qua
648 2249 685 2312 ab
712 2250 877 2314 temeritate
898 2249 1015 2311 animus
1038 2248 1188 2312 abhorret.
1233 2249 1328 2312 Simul
1349 2257 1449 2312 autem

223 2353 349 2415 strictim
372 2352 654 2424 demonstravimus,
684 2369 737 2412 our
758 2351 847 2412 nobis
870 2368 931 2411 non
953 2349 1098 2430 probetur
1118 2350 1193 2412 ratio
1215 2349 1350 2413 lloesleri
1372 2351 1449 2412 alio-

222 2472 348 2534 rumque
369 2455 500 2516 rirorum
523 2454 688 2534 doctorum,
712 2453 761 2532 qui
785 2459 921 2530 excerpta
942 2451 1044 2531 potius
1067 2470 1102 2513 ex
1124 2459 1239 2530 patrum
1261 2451 1345 2513 libris
1360 2471 1449 2533 quam

222 2555 337 2635 integra
359 2574 464 2617 eorum
486 2554 594 2636 scripta
618 2552 763 2615 studiosis
787 2552 955 2632 theologiae
977 2551 1136 2614 historicae
1156 2553 1351 2634 proponenda
1380 2572 1452 2616 esse

224 2653 421 2731 oensu'eruut,
454 2675 550 2736 neque
575 2663 714 2736 putamus
742 2654 825 2727 lore,
855 2653 904 2734 qui
933 2671 1013 2715 nuuc
1040 2652 1098 2716 tale
1127 2652 1196 2732 quid
1224 2670 1240 2713 a
1277 2652 1365 2735 nobis
1395 2672 1450 2716 ex-

223 2767 368 2846 spectent.
411 2757 474 2819 Nec
494 2765 591 2818 tanim
615 2773 720 2816 noram
743 2753 869 2834 aliquam
898 2772 955 2816 nos
983 2755 1119 2834 prolerre
1147 2760 1361 2832 syntagmatum
1392 2772 1450 2834 pa·

195 2863 199 2868 ’
223 2860 407 2921 tristioorum
430 2856 578 2939 speciem,
609 2875 684 2936 quae
706 2854 832 2917 dubitari
854 2853 952 2936 possit
973 2873 1010 2916 an
1037 2853 1158 2916 omuino
1181 2853 1221 2915 sit
1242 2854 1398 2916 commoda
1421 2863 1453 2918 et

224 2961 292 3023 usui
315 2960 521 3040 theologorum
544 2956 741 3028 conveniens.
776 2956 804 3018 id
827 2955 1034 3018 collectionum
1057 2953 1220 3028 eiusmodi,
1249 2973 1322 3035 quas
1344 2973 1452 3018 recen·

225 3064 351 3136 suimus,
374 3060 505 3142 exempla
528 3059 646 3122 docent.
688 3059 751 3120 Alia
772 3076 843 3120 vero
867 3067 914 3120 cst
935 3055 1087 3135 quaestio,
1110 3073 1147 3118 an
1170 3063 1250 3116 recte
1276 3063 1453 3128 statuamus,

225 3163 337 3224 nostris
374 3161 558 3242 temporibus
596 3159 702 3222 edendi
740 3157 841 3240 operis
877 3155 1064 3218 occasionem
1100 3153 1187 3216 nobis
1227 3173 1295 3216 esse
1337 3155 1452 3218 datam:

226 3263 263 3324 de
285 3281 342 3342 qua
364 3271 520 3340 autequam
543 3262 637 3324 dicam
660 3261 731 3341 quid
758 3259 901 3329 sentiam,
933 3273 1057 3317 necesse
1089 3263 1137 3314 est
1162 3252 1200 3314 de
1228 3253 1323 3334 ipsius
1351 3256 1452 3335 operis

226 3363 363 3426 instituto
385 3360 430 3434 rel
452 3361 574 3422 materia
597 3369 627 3420 et
648 3363 743 3422 lorma
766 3359 920 3420 disseram.
966 3354 996 3416 ld
1011 3353 1090 3415 enim
1107 3353 1274 3416 institutum
1297 3356 1382 3436 quale
1402 3355 1451 3428 sit,

227 3481 323 3544 neque
346 3461 499 3541 inscriptio
522 3459 561 3520 ita
584 3459 704 3532 indicat,
731 3467 765 3518 nt
786 3456 858 3518 nihil
881 3473 957 3536 opus
979 3454 1019 3518 sit
1037 3452 1162 3517 editoris
1178 3457 1379 3536 professione,
1396 3475 1453 3518 ne-

228 3583 285 3644 que
307 3563 450 3625 hacteuus
473 3560 545 3623 satis
567 3561 597 3622 in
620 3561 675 3622 bac
695 3559 877 3640 praelatione
899 3555 1073 3636 explicatum
1098 3565 1159 3632 est,
1189 3558 1246 3618 etsi
1275 3555 1311 3617 ab
1333 3557 1397 3638 ipsa
1419 3575 1452 3618 re

228 3665 326 3728 exorsi
349 3681 465 3726 sumus.

313 3764 443 3826 Primum
457 3761 555 3842 igitur
577 3762 655 3842 quod
677 3759 797 3823 maximi
819 3767 867 3821 est
893 3757 1036 3820 momenti
1065 3775 1226 3838 exponam,
1255 3755 1361 3835 quibus
1389 3763 1452 3818 ter·

228 3865 317 3930 minis
339 3864 484 3940 collectio,
508 3882 594 3944 quam
616 3862 790 3942 simpliciter
815 3860 1029 3924 bibliothecam
1048 3872 1174 3940 potrom
1195 3873 1376 3938 pruscorum
1399 3857 1456 3918 do-

176 3993 182 4001 ·
227 3970 385 4048 pmoticonr
400 3963 565 4028 inscribere
579 3964 651 4027 milii
667 3963 787 4044 placuit,
810 3963 850 4024 sit
870 3961 1092 4041 circumscripta
1114 3958 1160 4020 rel
1178 3966 1322 4037 quaenam
1337 3967 1454 4039 patrum

229 4086 402 4147 graecorum
431 4065 573 4146 opuscula
602 4064 765 4144 dogmatica
794 4082 829 4124 cx
857 4081 962 4142 magna
992 4080 1068 4143 quae
1096 4067 1190 4121 exstat
1217 4057 1405 4120 multitudine
1427 4066 1458 4120 et
1526 4083 1532 4092 ·

228 4169 370 4230 varietate
391 4167 522 4247 deligere
543 4153 724 4245 innotimqne
745 4165 834 4226 edere
855 4165 1044 4246 propositum
1066 4161 1117 4222 sit.
1162 4158 1227 4232 Oua
1255 4157 1292 4219 de
1318 4176 1352 4222 re
1380 4177 1455 4222 con-

231 4269 329 4332 silium
358 4287 457 4332 meum
486 4266 522 4330 ab
560 4265 645 4329 initio
681 4265 874 4347 praelationis
911 4265 949 4328 ita
983 4259 1102 4343 aperui,
1136 4267 1169 4322 ut
1196 4259 1226 4321 in
1253 4277 1340 4322 usum
1367 4260 1455 4323 theo-
1490 4257 1501 4276 ⁹

229 4370 366 4450 logorum
399 4368 526 4432 maxime
547 4367 711 4431 desiderari
743 4367 978 4430 demonstrarem
1009 4360 1154 4426 delectum
1187 4353 1457 4424 illustrissimorum

230 4480 348 4553 patrum
371 4488 552 4552 graecorum,
576 4469 627 4552 qni
649 4487 738 4551 quum
760 4466 932 4550 principalia
955 4473 985 4527 ct
1006 4459 1184 4524 universalia
1205 4460 1360 4538 religionis
1375 4460 1456 4522 cbri-

232 4573 346 4636 stianae
367 4571 504 4654 dogmata
526 4572 564 4635 de
578 4572 709 4634 trinitate
724 4580 756 4633 et
768 4567 971 4632 incarnatione
993 4562 1042 4626 dei
1063 4561 1095 4623 in
1115 4560 1331 4641 disceptatione
1353 4577 1456 4624 versa·
