3212 5272
554 299 663 344 numo
678 299 699 342 r.
716 299 833 344 caussa
846 301 981 346 manes.
1318 289 1381 353 2⁰5

154 449 218 514 tu
238 450 351 514 indimt
370 457 516 522 naturam,
539 467 606 512 orm
626 467 694 512 eum
709 449 848 524 Verbum,
871 450 1046 530 sapientiam
1062 462 1092 515 et
1106 453 1296 534 splendorem
1313 473 1465 520 escensu.

155 553 228 616 tica
274 551 347 613 lnale
370 549 520 630 siquidem
540 549 732 629 intelligimus
754 550 882 612 divinam
904 553 1124 630 generationem
1146 555 1298 634 passionis
1320 556 1379 620 im-
1451 553 1456 565 '

43 711 44 720 ,
153 671 273 716 munem
294 659 504 732 aeternamque
526 659 556 714 et
576 651 639 714 Deo
661 653 779 731 dignam
802 671 881 714 esse.
912 654 995 726 Quae
1011 655 1090 716 euim
1104 656 1205 734 passio
1228 657 1273 718 vel
1288 677 1380 737 quae-

43 759 45 814 i
154 773 214 818 nam
244 763 296 825 est
323 772 393 834 pars
420 753 517 816 l’atris
539 753 685 826 Verbum,
714 753 861 832 sapientia
889 762 919 816 et
947 754 1112 834 splendor?
1154 756 1189 818 ld
1215 766 1295 820 certe
1320 759 1379 839 ipsi
1388 777 1464 822 rues.

154 857 235 920 etiam
260 861 399 920 amentes
420 855 541 934 possint
561 854 687 916 discere.
731 853 771 916 Ut
792 853 871 916 enim
893 855 1033 918 mulieres
1056 857 1093 918 de
1113 857 1188 920 Filio
1211 857 1379 939 interroga-

152 977 224 1032 rere‚
248 957 299 1018 sie
320 956 402 1019 viros
424 955 461 1016 cle
482 954 579 1017 Verbo
603 955 797 1034 interrogent,
819 963 853 1016 ut
873 954 1044 1030 doceantur,
1067 976 1124 1019 nec
1137 959 1308 1039 passionem
1326 977 1382 1024 nec

152 1067 262 1139 partem
288 1077 393 1120 eorum
422 1075 491 1118 esse
518 1056 628 1118 mentis
650 1075 721 1119 suae
743 1056 882 1130 verbum,
917 1058 996 1136 quod
1025 1059 1193 1122 enrrnoiant
1238 1061 1325 1134 Quod
1354 1062 1381 1124 si

43 1241 44 1248 ἵ
152 1160 322 1236 lominum
344 1177 472 1238 quorum
493 1158 622 1237 patibilis
645 1167 676 1218 et
698 1157 815 1220 dividua
838 1166 886 1221 est
907 1167 1032 1233 natura,
1054 1161 1227 1224 huiusmodi
1250 1161 1290 1223 sit
1311 1181 1379 1224 ver-

152 1260 231 1336 bnm,
262 1279 361 1340 quare
383 1260 413 1320 in
435 1259 514 1333 neo,
542 1258 593 1338 qui
621 1276 677 1320 nec
704 1277 867 1338 corporeus
890 1269 1013 1322 estnec
1039 1261 1194 1335 dividuus,
1222 1261 1379 1342 passiones

152 1371 286 1441 partesve
309 1361 449 1440 cogitant,
473 1369 506 1422 nt
526 1359 640 1421 seilicet
660 1359 690 1421 id
713 1377 816 1422 cavere
839 1360 1012 1423 simulantes
1040 1379 1139 1424 rorem
1161 1381 1195 1424 ac
1215 1363 1379 1426 naturalem

154 1461 212 1524 lilii
232 1462 463 1543 generationem
484 1457 619 1538 negent?
662 1458 756 1538 lgitur
778 1459 818 1533 id,
842 1461 923 1540 quod
938 1481 974 1522 ex
987 1460 1050 1523 neo
1073 1463 1203 1541 genitum
1225 1469 1282 1532 est.
1304 1463 1378 1524 abs-

154 1582 204 1642 que
224 1565 285 1626 nlla
307 1561 452 1644 passione
474 1557 607 1641 genitum
628 1578 696 1622 esse
719 1561 793 1624 satis
816 1579 906 1642 snpra
925 1561 1081 1642 probatum
1104 1571 1166 1638 est3
1189 1563 1378 1628 nuncetiam

155 1666 301 1746 speciatim
332 1663 519 1726 ostendimus
549 1663 678 1725 Verbum
707 1661 818 1740 absque
848 1663 989 1742 passione
1018 1664 1164 1743 generari.
1216 1664 1276 1725 lam
1307 1684 1379 1728 vero

157 1765 256 1828 eedem
275 1765 415 1828 similiter
436 1765 472 1826 de
494 1763 640 1844 sapientia
662 1761 790 1824 audiant
834 1763 900 1826 Non
928 1772 976 1826 est
1002 1764 1081 1827 lleus
1112 1775 1144 1826 ut
1171 1765 1277 1838 homo,
1305 1766 1378 1827 nilril
1474 1780 1478 1790 “

159 1866 208 1928 hic
226 1867 382 1928 humanum
402 1867 440 1928 de
462 1865 512 1928 illo
535 1865 655 1944 fingant.
698 1864 771 1926 Nam
794 1865 969 1946 sapientiam
990 1866 1136 1946 accipiunt
1166 1865 1323 1940 homines;
1350 1876 1383 1928 at

159 1967 253 2042 Deus,
281 1967 331 2048 qni
350 1968 457 2031 nulius
480 1967 514 2028 lit
534 1965 702 2047 particeps,
730 1966 796 2046 ipse
819 1985 890 2028 suae
912 1968 1073 2047 sapientiae
1094 1975 1178 2047 pater
1200 1975 1261 2042 est,
1294 1967 1380 2030 maius

160 2069 207 2150 qui
226 2070 382 2150 participes
403 2071 494 2143 liunt,
529 2067 679 2148 sapientes
703 2067 801 2130 solent
822 2067 972 2148 appellari.
1016 2068 1095 2130 llaec
1116 2077 1213 2130 autern
1235 2067 1380 2148 sapientia

159 2189 217 2232 non
237 2172 356 2252 passio,
377 2189 440 2232 non
461 2187 542 2250 pars,
565 2167 617 2230 sed
640 2167 780 2248 proprius
802 2168 899 2230 Patris
922 2177 970 2230 est
991 2170 1080 2232 letus.
1126 2169 1236 2232 idcirco
1259 2189 1379 2251 semper

162 2271 214 2332 luit
232 2271 331 2346 Pater,
358 2290 415 2333 nec
435 2279 550 2350 patrem
573 2288 640 2330 esse
661 2269 723 2330 llee
745 2277 852 2348 postea
881 2268 1002 2344 accidit,
1031 2289 1069 2332 ne
1098 2289 1166 2333 esse
1195 2271 1379 2334 existimetur

162 2371 312 2434 mutabilis.
339 2373 413 2436 Nam
436 2373 463 2434 si
485 2371 567 2433 illum
588 2379 702 2451 patrem
725 2388 793 2432 esse
815 2369 926 2434 bonum
947 2371 1012 2447 luit,
1035 2389 1091 2434 nec
1113 2391 1232 2455 sempor
1253 2375 1309 2436 luit
1322 2391 1378 2452 pa-

161 2481 218 2546 ter,
238 2491 298 2535 non
317 2474 407 2554 igitau
427 2491 545 2553 semper
567 2471 624 2532 luit
644 2470 674 2531 in
696 2469 746 2532 illo
768 2471 889 2536 bonum.

252 2873 303 2936 29.
342 2873 424 2950 Atqui
444 2874 578 2954 inquiunt
600 2893 718 2953 semper
739 2893 857 2954 qnoque
878 2874 958 2936 lleus
980 2875 1037 2937 luit
1058 2875 1198 2946 effector,
1231 2890 1287 2933 nec
1314 2871 1381 2934 effi·

171 2971 264 3034 elenu
283 2974 396 3036 nemus
418 2975 456 3037 illi
480 2985 584 3056 postes
607 2976 749 3038 accessit:
778 2995 849 3038 num
872 2994 943 3055 ergo
966 2975 1033 3054 quia
1056 2973 1238 3052 epitescat,
1262 2981 1379 3034 aelerna

168 3093 279 3153 quoque
296 3085 362 3138 sunt
382 3077 446 3139 eius
469 3095 576 3158 opera,
598 3094 654 3138 neo
675 3077 711 3138 de
734 3077 782 3137 his
804 3076 903 3136 dicere
925 3075 1010 3147 licet,
1032 3092 1094 3137 non
1117 3081 1202 3136 erant
1223 3085 1379 3154 antequam

163 3174 287 3238 fierent?
324 3177 386 3238 Nae
416 3178 515 3239 insani
542 3174 658 3240 Arianil
714 3175 792 3248 Quid
819 3174 898 3236 enim
926 3174 1021 3236 simile
1050 3184 1098 3239 est
1123 3175 1214 3238 lilium
1244 3175 1323 3238 inter
1350 3187 1380 3240 et

160 3293 239 3354 opus,
262 3286 292 3338 ut
312 3277 419 3340 eadem
442 3278 479 3340 de
500 3285 585 3357 patre
607 3296 682 3356 quae
704 3276 742 3358 cle
763 3275 918 3356 opificibus
941 3275 1064 3339 dicant?
1093 3279 1150 3352 Qut
1165 3298 1267 3359 porro,
1290 3287 1377 3358 post-

158 3395 235 3456 quam
257 3387 371 3440 tanum
395 3397 465 3439 esse
487 3380 565 3440 letus
589 3387 620 3440 et
641 3378 740 3456 operis
763 3377 957 3440 differentiam
981 3395 1071 3458 supra
1093 3387 1251 3442 ostensum
1269 3387 1325 3453 est,
1347 3379 1380 3439 in

157 3477 249 3542 eadem
270 3479 402 3542 haerent
423 3477 565 3540 inscitia?
609 3479 691 3540 tuem
712 3478 802 3558 igitur
829 3478 1022 3559 repetendum
1045 3489 1107 3556 est,
1137 3481 1275 3544 videlicet
1303 3497 1381 3560 opus

154 3589 226 3642 extra
246 3583 391 3663 opificem
414 3599 492 3653 osse,
515 3579 557 3641 uti
579 3579 689 3642 (lictum
711 3590 767 3654 est,
790 3581 882 3642 lilium
897 3600 968 3643 vero
988 3584 1144 3662 proprium
1167 3601 1235 3645 esse
1257 3593 1380 3644 naturae
1493 3626 1501 3638 .

154 3680 245 3745 teum.
289 3680 443 3757 Quocirca
467 3699 590 3750 necesse
611 3700 672 3744 non
695 3690 740 3744 est
759 3701 876 3762 semper
892 3703 967 3763 opus
984 3683 1128 3756 eititisse‚
1151 3683 1297 3762 siquidem
1312 3699 1379 3744 cnm

153 3781 207 3844 rnlt
226 3785 338 3865 opilea,
366 3800 446 3862 opus
468 3782 546 3844 lacit.
590 3782 627 3844 At
648 3784 725 3846 letus
748 3783 899 3846 subiectus
922 3783 1066 3846 voluntati
1090 3801 1150 3844 non
1172 3792 1229 3858 est,
1253 3785 1305 3846 sed
1321 3803 1377 3846 na-

152 3889 226 3945 turae
247 3897 294 3949 est
315 3884 500 3965 proprietas.
537 3885 693 3947 Praeterea
714 3894 795 3947 recte
818 3886 914 3965 opilea
931 3885 998 3963 quis
1013 3886 1112 3946 vocari
1126 3895 1237 3966 potest,
1262 3885 1378 3948 etiamsi

152 4028 178 4079 τὸ
194 4024 268 4086 εἶναι.
308 4036 390 4086 ΡιιιΙο
410 4045 466 4099 post
483 4035 582 4112 Segusa.
599 4031 679 4102 φησί,
695 4031 743 4084 stul
792 4037 891 4098 Segusa.
916 4035 1014 4088 Gohler.
1040 4037 1141 4088 Felclm.
1161 4040 1182 4089 l.
1208 4047 1230 4088 et
1256 4040 1312 4100 lleg.
1331 4021 1377 4100 ἄρ’

151 4091 186 4148 risi
202 4097 318 4164 ποιητής
335 4097 418 4152 loru
434 4096 450 4150 sl
467 4102 533 4156 θεος
554 4097 601 4151 καὶ
618 4095 666 4151 οὐκ
683 4095 740 4152 lne-
793 4091 848 4153 οὖν.
885 4105 946 4154 liditi
964 4095 1012 4170 ἄρ’
1033 4089 1089 4154 οὖν.

150 4165 244 4246 plysn.
272 4173 380 4224 Gobler.
401 4171 575 4221 etrele-tamn.
595 4165 676 4234 quoi,
695 4165 742 4218 sal
826 4187 848 4234 g.
867 4171 1025 4234 SieSegner.
1062 4173 1123 4222 Erilli
1141 4189 1196 4223 sero
1222 4181 1245 4221 et
1263 4172 1303 4222 alii
1321 4183 1381 4235 γεν-

43 4295 45 4308 y
151 4248 187 4282 aar
211 4231 226 4284 ὅ
249 4234 316 4292 θεὸς
341 4225 379 4297 ἦν
403 4231 519 4298 ποιητὴς
543 4232 590 4285 καὶ
614 4231 674 4286 ἔστι
696 4233 742 4286 sol
791 4237 871 4306 voigi,
899 4240 958 4289 lbirl.
977 4241 1076 4302 segnes.
1095 4242 1192 4292 Goller.
1211 4239 1380 4290 etl'elelrn.l.

152 4294 193 4350 oia
214 4297 371 4370 ἐπιγέγονε.
409 4297 741 4386 lit·g.9r1or'‚aoelrieiai
792 4298 915 4374 ἄφρονες
926 4299 954 4354 oi
968 4298 1106 4374 {speraret
1126 4309 1188 4358 Edili
1198 4316 1222 4357 et
1232 4307 1272 4358 alii
1290 4298 1381 4372 ‹lappo-

151 4365 207 4424 lsis
223 4359 256 4431 ἦν
273 4365 397 4434 ποιητὴς
412 4385 459 4421 και
476 4385 535 4422 εστι
551 4367 597 4420 καὶ
615 4365 742 4422 olzrlm-
791 4387 836 4427 ras·
849 4366 988 4438 Ἀρειανοί.

150 4432 261 4500 γέγονεν.
301 4444 369 4490 ΕιΙὶιι
394 4445 498 4504 φασιν,
523 4430 566 4488 rial
588 4432 604 4487 sl
627 4434 692 4493 θεὸς
709 4426 744 4499 ἢν
827 4444 851 4492 Ιι.
869 4445 1020 4506 SicSeguer.
1044 4445 1073 4491 lt
1090 4441 1131 4490 alii
1149 4434 1381 4502 erelistqureop-

151 4502 255 4568 neuris
272 4503 321 4557 esai
340 4501 413 4562 ἔστι,
433 4497 494 4557 οὔτε
512 4501 660 4572 ἐπιγέγονε.
689 4509 742 4558 llox
792 4501 933 4573 γημάιων.
