3258 5276
577 405 683 450 omnio
699 407 719 452 r.
736 407 852 451 coarat
868 409 1003 454 soranos.
1339 401 1403 465 277

174 557 272 621 dendo
301 565 331 618 et
358 554 565 618 descendendo
591 556 779 648 ministrant,
808 558 844 619 de
865 559 940 621 Filio
969 568 1067 624 autem
1094 561 1179 626 dioit:
1212 565 1252 629 m
1273 567 1491 634 odornense·

172 678 240 722 eam
262 677 363 721 omnes
385 657 493 738 tapeti
503 657 570 720 Dei.
615 658 742 738 insuper
763 677 830 722 eum
845 659 947 739 Angeli
969 661 1149 738 ministrant,
1170 666 1268 729 aiunt:
1290 668 1403 734 biissus

171 778 237 822 sum
260 759 298 822 ad
320 766 359 836 te,
383 768 427 821 et:
449 759 594 820 Dominus
615 758 777 839 praecepit
821 759 856 820 dt
876 760 979 834 Filius,
1002 761 1072 823 licet
1092 771 1126 823 ut
1146 763 1236 828 bomo
1258 769 1344 846 dieat,
1367 791 1403 836 se

171 861 297 925 missum
320 879 389 924 esse
412 869 442 922 et
463 859 583 922 venisse
606 861 643 922 ad
666 879 742 942 opus
763 861 979 940 perficiendum
1005 869 1035 922 et
1056 861 1331 944 administrandum,
1353 879 1402 933 ta·

171 982 239 1026 men
262 971 296 1025 ut
316 961 446 1024 Verbum
468 971 499 1023 et
520 961 617 1041 imago
640 963 696 1024 ait:
724 963 787 1042 Epo
811 965 843 1024 in
865 961 959 1025 Patre
981 974 1011 1027 et
1032 961 1127 1028 Peter
1148 970 1180 1028 ia
1202 986 1248 1030 me
1271 979 1330 1041 est,
1359 977 1404 1032 et:

175 1067 237 1140 Qui
257 1065 409 1138 viditate,
432 1063 556 1126 Patrem
577 1065 662 1137 aldit,
686 1070 731 1126 et:
754 1063 848 1126 Peter
869 1067 902 1126 la
922 1083 968 1128 me
990 1085 1115 1129 manens
1130 1070 1196 1148 lpse
1208 1069 1287 1148 fucit
1301 1087 1403 1151 opero.

170 1165 245 1227 Nam
267 1182 343 1245 qnae
365 1165 396 1227 in
418 1165 476 1228 ista
497 1165 636 1226 videntur
657 1163 799 1246 imagine,
823 1183 857 1226 ea
878 1165 944 1246 ipsa
966 1175 1038 1230 sunt
1058 1167 1156 1230 Patris
1180 1188 1282 1251 opera.
1325 1170 1407 1236 iiaee

170 1267 261 1348 igitur
281 1266 353 1329 satis
376 1266 503 1328 suntad
525 1266 658 1328 veritatis
681 1267 785 1328 hostes
806 1267 922 1347 pudore
943 1269 1126 1332 alliciendos.
1172 1269 1314 1345 Quodsi,
1338 1271 1407 1352 quia

171 1367 315 1448 seriptum
338 1376 386 1430 est
403 1372 617 1450 praestantior
638 1370 752 1449 saetas,
775 1369 882 1431 nolunt
901 1369 978 1431 bauo
1000 1389 1102 1433 rocem
1123 1373 1228 1453 sertas
1251 1373 1292 1436 ita
1312 1372 1405 1436 intel·
1479 1384 1486 1401 ·

171 1467 221 1548 ligi
244 1469 281 1530 de
302 1466 394 1544 Filio,
425 1479 458 1532 ut
479 1469 559 1532 idem
581 1470 622 1532 sit
643 1489 677 1532 ae
698 1471 724 1532 si
748 1469 895 1533 diceretur
917 1473 1021 1552 foetas
1045 1484 1090 1536 est
1111 1481 1141 1534 et
1162 1485 1224 1549 est3
1253 1474 1299 1537 vel
1322 1475 1404 1556 quod

172 1569 237 1632 eius
260 1570 480 1632 administratio
501 1573 703 1650 praestantior
725 1571 790 1633 aliis
812 1571 888 1633 laeta
909 1571 1014 1646 luerit,
1036 1573 1080 1634 uti
1101 1573 1245 1648 diximus,
1268 1575 1324 1638 sed
1344 1577 1493 1641 boem-

171 1689 208 1732 ex
231 1669 375 1732 vocabulo
397 1669 579 1732 arbitrantur
600 1672 709 1734 laetum
731 1671 789 1733 diei
810 1671 949 1746 Verbum,
972 1672 1047 1734 baed
1066 1673 1174 1736 iterum
1196 1675 1327 1740 breviter
1347 1695 1402 1741 au·

172 1769 266 1844 diant,
289 1769 529 1850 quandoquidem
552 1789 627 1848 quae
648 1791 738 1852 supra
760 1771 974 1852 disputavimus
996 1773 1054 1836 iam
1076 1784 1147 1836 sunt
1168 1774 1262 1837 obliti.

261 2073 313 2137 62.
357 2071 389 2132 Si
411 2070 504 2132 Filius
527 2087 604 2133 nnus
628 2089 662 2133 ex
684 2071 804 2152 Angelis
827 2081 891 2148 est,
921 2091 1014 2153 aeque
1041 2073 1099 2154 ipsi
1120 2092 1155 2136 ae
1174 2073 1232 2136 illis
1254 2076 1330 2137 haee
1350 2091 1408 2138 ron

171 2177 278 2255 saetas
301 2172 466 2246 conveniat,
488 2172 620 2253 nihilque
641 2183 746 2236 natura
769 2173 806 2235 ab
829 2173 888 2236 illis
911 2173 1044 2248 dillerat;
1073 2189 1176 2236 verum
1198 2173 1243 2238 vel
1264 2175 1324 2256 ipsi
1346 2175 1408 2240 sint

170 2273 224 2336 filii
247 2272 293 2334 vel
315 2272 363 2335 ille
385 2274 426 2336 sit
445 2273 589 2354 Angelus,
613 2293 778 2354 omnesque
799 2275 912 2354 pariter
934 2275 970 2337 ad
992 2275 1141 2338 dexteram
1153 2275 1249 2338 Patris
1271 2275 1406 2354 sedeant,

170 2373 217 2437 vel
240 2393 307 2436 eum
331 2375 468 2437 omnibus
491 2376 616 2438 assistat
636 2394 758 2455 quoque
786 2376 854 2454 ipse
874 2375 968 2438 Filius
997 2385 1135 2457 tanquam
1162 2377 1286 2457 spiritua
1308 2378 1406 2440 admi·

169 2476 282 2552 nister,
306 2477 337 2540 in
359 2479 651 2542 administrationem
673 2483 707 2537 ut
729 2474 772 2536 illi
793 2476 916 2540 missus.
959 2477 996 2540 bt
1023 2497 1095 2541 vero
1119 2478 1146 2539 si
1167 2478 1276 2541 Paulus
1297 2477 1406 2539 Filium

168 2579 300 2641 erebus
322 2581 407 2642 laetis
429 2580 514 2641 hisee
536 2577 636 2639 verbis
658 2575 855 2639 discriminet:
880 2579 936 2642 tlte·
955 2583 1034 2642 enim
1048 2579 1233 2660 Aopeloram
1255 2581 1332 2641 detail
1346 2595 1408 2639 on·

172 2699 280 2758 qaam:
309 2680 405 2741 Filius
428 2699 511 2740 metas
535 2697 566 2740 es
591 2675 648 2740 tui
675 2685 828 2756 praeterea
857 2679 884 2740 si
912 2681 1026 2742 eaelum
1054 2679 1105 2741 ille
1132 2687 1161 2740 et
1183 2689 1295 2742 terram
1316 2683 1408 2751 orent,

173 2777 267 2855 bique
290 2777 326 2838 ab
349 2796 385 2838 eo
408 2779 491 2852 liunt,
515 2779 542 2839 si
564 2777 612 2839 ille
635 2795 700 2840 enm
721 2779 809 2842 Patre
831 2780 925 2853 sedet,
953 2781 983 2842 bi
1006 2787 1105 2842 autem
1127 2780 1332 2841 ministrantes
1356 2781 1410 2838 a's·

177 2878 306 2950 sistunt3
333 2877 378 2939 eui
407 2896 468 2939 non
489 2879 680 2958 perspicuum
703 2888 767 2956 est,
789 2898 974 2960 nequaquam
997 2879 1034 2942 de
1055 2878 1145 2941 Verbi
1167 2877 1333 2940 substantia
1353 2894 1410 2938 ro-

176 2997 242 3040 oem
263 2979 367 3058 saetas
390 2979 512 3058 intelligi
535 2979 571 3041 ab
593 2979 747 3060 donatulo,
771 2981 825 3042 sed
847 2981 884 3042 de
905 2977 1175 3050 administratione,
1198 2995 1274 3056 quae
1292 2981 1414 3057 peraeta

176 3097 233 3160 per
253 3079 352 3160 ipsum
376 3077 446 3141 esti
475 3079 548 3142 Nam
571 3080 830 3159 quemadmodum,
853 3098 919 3142 enm
942 3086 1027 3141 esset
1045 3075 1186 3152 Verbum,
1212 3095 1281 3139 earo
1302 3078 1411 3138 lactum

176 3191 238 3253 est,
272 3179 312 3242 ita
340 3181 435 3241 lactus
463 3179 553 3242 bomo
582 3187 666 3242 tanto
688 3181 890 3260 praestantior
916 3179 947 3242 in
969 3177 1225 3241 administratione
1246 3179 1341 3240 laetam
1363 3183 1412 3242 est

176 3278 312 3359 Angelis,
342 3289 483 3359 natantum
505 3280 583 3344 lilios
606 3298 623 3342 a
644 3279 742 3344 servis
772 3287 802 3342 et
823 3281 921 3360 opiter
944 3279 981 3342 ab
1003 3278 1145 3360 operibus
1167 3279 1275 3342 differt.
1318 3276 1409 3342 Desi-

174 3389 248 3441 nant
268 3381 367 3459 itaque
390 3399 494 3444 vooem
515 3383 619 3462 soclus
643 3381 679 3442 de
701 3389 807 3444 nature
828 3381 894 3444 Filii
916 3381 1122 3461 interpretari,
1145 3398 1200 3443 nee
1221 3379 1301 3442 enim
1323 3388 1410 3442 este

176 3481 266 3542 rebus
289 3481 391 3556 laetis3
414 3482 467 3544 sed
491 3490 653 3562 agnoscant
674 3483 734 3544 boe
754 3481 898 3545 vocabulo
919 3485 1021 3564 saetas
1044 3485 1149 3544 laetam
1171 3479 1331 3562 significari
1353 3477 1409 3540 ad·
1454 3509 1461 3516 ·

177 3583 428 3646 ministrationem
450 3590 481 3645 et
501 3584 765 3666 dispensationem.
810 3583 968 3657 Quomodo
986 3591 1084 3647 autem
1098 3581 1302 3664 praestantior
1315 3580 1410 3642 laetus

210 3815 231 3862 g.
250 3801 292 3851 Sia
310 3802 410 3860 Seeuer.
428 3803 469 3866 qul
487 3817 542 3853 mox
558 3819 612 3854 enm
632 3802 766 3856 (labisbal
852 3803 869 3854 l.
887 3805 928 3854 Sia
946 3803 1045 3864 Segasa.
1066 3807 1091 3850 at
1107 3799 1164 3861 ¹³⁰⁸·
1201 3797 1281 3850 Ceteri
1296 3803 1413 3846 intentet

177 3865 316 3917 rotetur.
335 3861 375 3918 ἐπ’
396 3859 480 3933 αὐτῷ.
508 3871 553 3920 dlii
572 3878 595 3920 st
613 3869 670 3920 editi
687 3863 767 3919 ἔσται
818 3869 876 3920 editi
893 3867 950 3917 τῶν
968 3869 1089 3918 omittunt.
1124 3857 1414 3917 tormentalium

177 3927 224 4010 aa}
240 3925 280 3982 ἐπ’
300 3927 394 3994 αὐτοῦ.
430 3935 505 3985 Panlo
523 3944 580 3999 post
590 3937 689 3998 Senner.
698 3930 769 3984 κατὰ
819 3932 880 4000 μέν.
913 3935 978 3984 udin
995 3926 1042 3980 ani
1059 3923 1141 3983 ariade
1156 3925 1216 3996 pto.

178 4011 273 4065 avaro.
857 4029 890 4066 m.
909 4016 1008 4078 Segosa.
1024 4009 1258 4082 παρειστήκεισαν.
1274 4029 1279 4040 ·

177 4067 422 4186 ὶῃῧὲιξέθθῗθξὲιῗίἑ
436 4067 772 4195 ἕζωζῗιῂιῗξὲὲῗὲῦὲ
858 4121 882 4158 n.
901 4107 942 4158 Sic
959 4105 1058 4170 Segner.
1093 4106 1122 4156 bt
1138 4105 1179 4158 alli
1197 4115 1222 4158 et
1231 4107 1287 4158 aditi
1297 4098 1411 4172 ἐλέγετο.

178 4202 277 4252 Goblor.
296 4211 321 4252 et
338 4203 475 4252 Felelmen.
492 4203 513 4254 l.
531 4197 578 4250 καὶ
596 4185 680 4252 oinos.
709 4201 772 4252 liditi
857 4215 880 4251 o.
899 4197 1000 4262 Segusa.
1024 4190 1129 4248 deditur
1153 4192 1167 4248 ὅ
1185 4192 1252 4255 uida,
1270 4195 1316 4248 eni
1334 4192 1349 4248 d
1366 4193 1415 4258 aa·

178 4267 267 4332 aliique
284 4261 330 4317 καὶ
342 4259 429 4320 ainai.
448 4270 523 4321 Panlo
533 4269 672 4336 postllasil.
682 4281 772 4334 pepe·
821 4261 956 4335 μιουργός
972 4267 1029 4316 rato
1045 4262 1315 4332 tquvopooptvur.
1338 4265 1414 4318 Bneil.

179 4331 400 4393 καθεζὲσθωσαν.
823 4345 847 4387 et
864 4336 955 4400 tnglie.
965 4328 1250 4412 δεδημιουργημένων.
1271 4335 1375 4386 Felelm.
1388 4333 1414 4384 5.

214 4403 230 4453 i.
255 4405 354 4466 sepner.
381 4405 439 4469 ling.
464 4411 488 4457 et
510 4404 616 4456 Feleim.
635 4405 659 4456 5.
682 4417 771 4472 παρα·
822 4405 910 4466 etlleg.
923 4397 1183 4471 δημωυργηματων.
1210 4397 1416 4470 Εάἰιίδημιουρ-

179 4466 309 4530 andree.
822 4467 964 4538 rapiam
984 4471 1108 4522 mendosa.
1129 4467 1204 4546 ‚thid
1218 4467 1319 4531 sepner.
1341 4465 1413 4518 Golol.

216 4537 238 4586 l.
257 4539 297 4590 Sia
311 4540 453 4601 Segneriro.
472 4537 570 4590 Gobler.
589 4547 614 4590 et
630 4539 772 4592 solenni.
823 4547 849 4588 et
870 4538 976 4590 retum.
998 4537 1019 4588 l.
1044 4533 1263 4585 amoarium.
1305 4533 1369 4586 antu
1390 4536 1418 4582 et

183 4599 230 4652 Alli
247 4612 271 4656 at
287 4607 344 4658 aditi
364 4600 412 4662 rin
429 4599 540 4658 ἐκείνων
557 4599 662 4673 ὁμοίως.
824 4605 865 4656 alii
882 4599 1076 4656 neoto-loeas.
