3226 5308
248 363 311 426 608
369 413 376 420 .
647 377 674 420 ε.
689 377 843 422 mmm
856 377 1082 424 ιιιιιτειεεοει

162 541 238 590 ειιε.
249 525 344 594 εἴποι
372 517 580 609 αῦτοσοφίαν
609 515 693 590 εἶναι
710 513 780 590 ’καὶ
808 518 989 611 αῦτολόγον
1008 525 1068 592 τὸν
1090 527 1183 595 θεόν.
1221 521 1290 594 ἄλλ’
1313 528 1344 596 εί
1364 532 1481 612 τοῦτο,
1519 539 1525 548 “

195 667 201 676 -
247 626 297 712 εἴη
320 618 360 690 ἂν
382 619 483 702 αὐτὸς
504 623 622 690 ἑαυτοῦ
643 622 754 710 πατὴρ
776 627 830 690 καί
855 625 937 706 υλός,
961 626 1071 715 πατὴρ
1086 633 1156 711 μέν,
1180 625 1255 698 ’ὅτε
1267 629 1385 717 σοφός,
1402 631 1482 711 υίὸς

246 727 292 806 δέ,
316 721 373 793 ὅτε
394 731 510 812 σοφία.
546 719 633 790 ἀλλὰ
652 723 698 812 μὴ
721 719 767 803 ὥς
785 725 930 814 ποιότης
943 752 996 824 τις
1009 731 1115 794 ταῦτα
1129 728 1165 796 ἐν
1179 733 1226 815 τῷ
1236 733 1330 817 ,θεῷ’
1353 729 1480 818 ῦπογε,

245 821 397 912 ἀπρεπὲς
423 829 539 906 τοῦτο,
569 820 788 912 εὑρεθήσεται
808 827 871 913 γὰρ
893 827 1057 909 σύνθετος
1079 826 1097 896 6
1119 829 1203 910 θεὸς
1224 831 1261 911 ἐξ
1283 827 1398 912 οῦσίας
1418 837 1481 901 καί

245 927 441 1014 ποιότητος,
471 930 568 994 πᾶσα
594 926 657 1014 γαὶρ
685 927 827 1015 ποιότης
857 929 891 996 ἐν
920 924 1019 1022 οὖσίρ
1045 931 1128 1000 ἐστί.
1167 931 1252 1000 κατὰ
1272 937 1370 1000 τοῦτο
1393 931 1479 1022 ῦλῆ

244 1033 327 1097 θεία
354 1028 458 1113 μονὰς
486 1023 674 1114 ἀδιαίρετος
701 1018 787 1094 οῦσα
808 1029 972 1110 σύνθετος
994 1031 1194 1121 φανήσεται,
1223 1041 1403 1122 τεμνομένη
1425 1035 1480 1115 είς

245 1124 362 1197 οῦσίαν
382 1129 440 1196 καί
460 1129 672 1218 συμβεβηκός.
709 1137 872 1198 παυστέον
894 1123 954 1201 οῦν
974 1137 1041 1202 τιῦν
1062 1139 1260 1221 προπετῶν
1281 1132 1300 1201 6
1321 1136 1393 1216 υίὸς
1414 1159 1479 1204 σο-
1589 1197 1590 1238 η

246 1237 311 1319 φία
330 1234 385 1300 καί
408 1230 505 1317 λόγος
525 1230 687 1319 ίνίηρῦχθη
708 1235 768 1297 τοῦ
789 1235 894 1299 θεοῦ·
916 1237 992 1312 πιῦς
1011 1242 1122 1302 τοίνυν
1145 1235 1256 1318 ἐστίνς
1293 1237 1324 1304 ελ
1343 1239 1404 1321 μὲν
1426 1235 1478 1316 ὦς

245 1332 395 1420 ποιότης,
419 1333 552 1420 ἐδείχθη
573 1332 613 1399 τὸ
635 1331 780 1413 ἄτοπον,
806 1333 836 1401 εἰ
858 1335 896 1402 66
917 1329 1104 1421 αῦτοσοφία
1125 1331 1145 1399 6
1166 1335 1267 1414 θεός,
1297 1337 1413 1404 καὶτὸ
1437 1337 1476 1405 ἐκ

244 1433 363 1500 τοῦτον
392 1432 521 1500 ἄτοπον
549 1433 679 1521 εἴρηται
703 1432 798 1520 παρὰ
818 1436 997 1521 Σαβελλίφ.
1034 1428 1150 1500 οῦκοῦν
1178 1431 1224 1512 ὥς
1247 1441 1393 1521 γέννημα
1413 1465 1476 1504 κυ-

244 1540 325 1621 ρίως
352 1534 388 1614 ἐξ
413 1529 514 1602 αὐτοῦ
541 1537 602 1602 τοῦ
629 1534 758 1621 πατρὸς
783 1535 926 1602 κατὰτὸ
947 1537 1006 1601 τοῦ
1029 1532 1141 1622 φωτὸς
1162 1532 1382 1620 παράδειγμα.
1421 1535 1473 1616 ιῦς

244 1636 305 1723 γὰρ
326 1633 398 1704 ἀπὸ
419 1634 526 1723 πυρὸς
549 1638 636 1723 φῶς,
664 1633 771 1714 οῦτοις
793 1636 829 1704 ἐκ
848 1639 933 1704 θεοῦ
957 1635 1054 1722 λόγος
1075 1635 1151 1703 ι’καί
1172 1642 1277 1724 σοφία
1299 1636 1333 1703 ἐκ
1354 1641 1466 1722 σοφοῦ

244 1738 301 1805 καί
327 1737 363 1806 ἐκ
388 1736 517 1824 πατρὸς
538 1737 618 1817 νίός.
654 1737 755 1826 ταῦτη
777 1737 841 1823 γὰρ
863 1742 917 1806 καί
940 1735 960 1827 ἦ
981 1737 1087 1822 μονὰς
1108 1733 1295 1823 ἀδιαίρετος
1314 1735 1370 1803 καί
1391 1733 1471 1803 ὁλό-

244 1841 363 1927 κληρος
389 1845 496 1924 μένει,
529 1842 583 1906 καί
612 1835 632 1905 6
657 1839 777 1925 ταύτης
804 1838 879 1917 υίὸς
908 1839 1006 1925 λόγος
1038 1836 1098 1907 οῦκ
1126 1834 1282 1917 ῦνοῦσιος
1314 1833 1390 1905 οῦδὲ
1412 1832 1473 1922 οῦχ

158 1938 405 2031 Ριθίθιῦφεστώς,
429 1936 498 2010 ἀλλ’
524 1936 687 2032 ρῦσιιόῦης
708 1936 854 2028 ἀληθῶς.
893 1941 970 2008 ἐπεὶ
991 1941 1022 2008 εἰ
1042 1941 1087 2029 μη
1108 1944 1228 2008 τοῦτον
1243 1939 1380 2024 ἔχειτὸν
1394 1939 1473 2024 τρό-

244 2067 321 2122 πον,
345 2043 396 2125 εἰἠ
419 2036 459 2108 ἂν
480 2041 601 2120 πάντα,
625 2040 647 2108 ἃ
669 2043 806 2127 λίγειαι,
829 2035 898 2106 κατ’
923 2040 1077 2108 ἐπίνοιαν
1097 2039 1156 2108 καί
1170 2037 1288 2120 ἁπλιῦς
1302 2039 1471 2126 λεγόμενα.

243 2144 275 2210 εί
307 2143 343 2208 δὲ
375 2147 532 2229 φευκτέον
563 2141 603 2208 τὸ
631 2142 669 2210 zu
695 2147 755 2231 τῆς
781 2141 934 2220 ἐπινοίας
955 2139 1084 2210 ἄτοπον
1090 2191 1100 2222 ,
1134 2141 1202 2229 ἄρα
1223 2138 1354 2230 ἀληθὴς
1375 2141 1473 2226 λόγος

243 2237 407 2328 οῦσιώόης
427 2241 526 2308 ἐστίν.
565 2240 676 2329 ὥςπερ
697 2244 759 2330 γὰρ
782 2239 920 2331 ἀληθῶς
933 2241 1053 2329 πατήρ,
1078 2239 1185 2321 οῦτως
1199 2237 1339 2330 ἆληθιῦς
1354 2249 1470 2330 σοφία.

243 2343 328 2412 κατὰ
353 2346 452 2410 τοῦτο
481 2333 539 2410 οῦν
561 2342 620 2410 ῦῦο
641 2350 715 2428 μέν,
746 2341 800 2412 ότι
820 2344 865 2434 μὴ
886 2341 969 2410 κατὰ
989 2345 1171 2430 Σαβίλλιον
1195 2340 1214 2409 6
1236 2338 1337 2422 αὐτὸς
1358 2341 1470 2431 πατὴρ
1589 2429 1590 2434 ¹

166 2503 173 2516 .
243 2451 298 2514 καί
326 2445 413 2525 υλός,
443 2441 529 2512 ἀλλὰ
556 2440 575 2511 6
597 2446 707 2531 πατὴρ
730 2447 842 2534 πατὴρ
864 2444 921 2512 καὶ
943 2440 960 2511 6
982 2444 1054 2524 ολὸς
1074 2443 1162 2525 υἱός,
1186 2447 1221 2512 ἓν
1244 2445 1296 2523 δέ,
1319 2440 1378 2510 ὅτι
1398 2443 1471 2522 υίὸς
1589 2443 1590 2462 ’

242 2549 302 2636 τῆς
329 2542 445 2626 οὐσίας
472 2550 530 2614 τοῦ
557 2545 685 2631 πατρός
707 2545 780 2613 ἐστι
801 2547 918 2634 φύσει,
948 2547 1036 2625 ἰ’διος
1058 2541 1215 2632 ῦπάρχιον
1237 2545 1334 2630 λόγος
1356 2537 1467 2612 οῦτοῦ.
1589 2601 1590 2611 ,

242 2651 342 2716 τοῦτο
371 2645 390 2716 6
416 2647 527 2734 κῦριος
548 2647 671 2734 ἔλεγεν·
699 2646 763 2733 ἐγὼ
783 2647 841 2713 καί
863 2644 881 2713 6
903 2647 1014 2734 πατὴρ
1037 2647 1071 2715 ἓν
1093 2646 1230 2730 ἐσμεν).
1268 2645 1345 2714 οῦτε
1365 2645 1427 2731 γὰρ
1449 2640 1468 2710 6

239 2751 341 2838 λόγος
365 2749 562 2837 κεχώρισται
587 2751 647 2816 τοῦ
675 2746 818 2832 πατρός,
853 2747 930 2816 οότε
952 2746 971 2814 6
992 2748 1104 2838 πατὴρ
1126 2745 1246 2834 ἄλογος
1267 2746 1410 2814 πώποτε
1429 2736 1470 2833 ἢν
1588 2771 1589 2796 ¹

241 2851 367 2941 ἤέστι.
404 2854 458 2920 καί
481 2847 500 2918 6
522 2851 619 2938 λόγος
640 2837 699 2917 οῦν
718 2847 811 2928 θεός,
835 2847 891 2916 καί
907 2845 925 2916 6
940 2848 1051 2938 πατὴρ
1066 2844 1126 2915 οῦκ
1139 2846 1276 2935 ἄλογος·
1300 2847 1357 2915 διὰ
1370 2851 1469 2914 τοῦτο

243 2953 307 3042 ίγὼ
329 2953 363 3024 ἐν
384 2957 432 3042 τῷ
454 2955 558 3039 πατρί
580 2955 635 3020 καί
658 2947 677 3019 6
699 2948 808 3038 πατὴρ
832 2948 866 3018 ἐν
888 2950 992 3034 ἐμοί’)
1014 2950 1131 3038 ε’ίρηκε.
1194 2941 1197 2952 ’

328 3262 357 3321 3.
401 3257 470 3322 Καὶ
492 3255 596 3323 πάλιν
619 3251 638 3321 6
658 3257 809 3348 Χριστὸς
829 3254 927 3340 λόγος
947 3255 1007 3320 τοῦ
1027 3253 1112 3320 θεοῦ
1134 3250 1214 3318 ἐστι
1252 3249 1395 3337 πότερον
1410 3239 1468 3317 οῦν

241 3347 299 3441 ἀφ’
324 3354 442 3420 ἑαυτοῦ
469 3351 598 3438 ῦπίστη
624 3353 682 3420 καὶ
708 3353 860 3432 ὑποστὰς
881 3351 1161 3438 προςκεκόλληται
1181 3354 1229 3439 τῷ
1252 3357 1370 3438 πατρί,
1403 3345 1465 3437 ἢὸ

240 3453 324 3532 θεὸς
345 3447 445 3519 αὐτὸν
467 3459 632 3539 πεποίηκε
653 3455 707 3518 καὶ
729 3450 918 3535 “ὠνόμασεν
941 3451 1059 3516 ἑαυτοῦ
1081 3443 1197 3542 λόγον,·
1236 3453 1266 3520 εί
1278 3454 1339 3536 μὲν
1354 3441 1411 3520 οῦν
1425 3450 1465 3516 τὸ

241 3557 391 3642 πρῶτον,
421 3553 505 3636 λέγω
533 3550 572 3636 δὴ
593 3549 634 3614 τὸ
657 3549 764 3635 ἑαυτῷ
788 3547 934 3636 ·“ῦπέστη
956 3551 1011 3616 καί
1033 3548 1117 3628 θεός
1139 3549 1225 3632 ἐστι,
1256 3552 1316 3620 660
1339 3548 1379 3620 ἂν
1401 3547 1465 3620 εἶεν

240 3651 354 3742 ῦρχαί,
388 3647 446 3720 οῦκ
477 3649 572 3718 ἔσται
603 3650 641 3717 όλ
669 3648 804 3729 εἰκότως
834 3646 912 3718 0666
936 3653 997 3717 τοῦ
1020 3651 1149 3739 πατρὸς
1169 3653 1260 3732 ἰ’ῦιος
1281 3652 1339 3720 διὰ
1359 3651 1399 3720 τὸ
1419 3652 1464 3741 μὴ

240 3752 343 3826 αῦτοῦ
368 3757 428 3822 τοῦ
455 3751 585 3838 πατρὸς
612 3745 682 3819 ἀλλ’
714 3751 834 3819 ἑαυτοῦ
862 3747 964 3820 εἶναι·
999 3753 1029 3821 εί
1057 3753 1093 3820 66
1122 3753 1248 3834 ἔξωθεν
1270 3761 1463 3842 πεποίηται,

241 3859 292 3947 εἴη
322 3854 363 3926 ῦκ
389 3863 519 3941 κτίσμα.
555 3856 709 3926 λείπεται
730 3853 770 3944 δὴ
793 3854 830 3936 ἐξ
850 3849 951 3922 αῦτοῦ
973 3857 1032 3922 τοῦ
1054 3859 1140 3924 θεοῦ
1161 3857 1267 3942 λέγειν
1289 3851 1397 3923 αῦτόν.
1435 3855 1465 3924 εί

241 3960 278 4026 66
300 3963 409 4041 τοῦτο,
431 3957 514 4026 ἄλλο
537 3951 578 4026 ἂν
602 3959 652 4045 εἴη
673 3957 713 4028 τὸ
736 3957 770 4026 ἔκ
790 3981 884 4037 τινος
904 3960 958 4025 καί
981 3954 1063 4025 ἄλλο
1084 3956 1124 4022 τὸ
1146 3956 1182 4036 ίξ
1202 3947 1242 4024 οῦ
1265 3956 1345 4024 ἐστι
1381 3959 1465 4024 κατὰ

239 4063 339 4128 τοῦτο
371 4060 438 4148 ίίρα
469 4059 539 4126 δύο.
583 4060 614 4127 εί
641 4060 678 4127 66
697 4059 743 4149 μὴ
766 4057 825 4126 δύο
847 4060 917 4147 ε’ίη,
946 4053 1016 4126 ἀλλ’
1041 4055 1100 4125 ἐπὶ
1120 4061 1179 4124 τοῦ
1202 4051 1303 4124 αῦτοῦ
1323 4057 1464 4143 λέγοιτο,

311 4250 334 4310 1)
351 4250 418 4323 ιιιη.
441 4227 480 4310 16,
498 4247 540 4298 ιο.
611 4246 636 4306 ι)
656 4245 721 4298 μοι.
742 4247 783 4308 ιι,
804 4249 843 4298 ιο.

274 4401 295 4436 ι.
314 4385 371 4446 λος.
382 4385 481 4445 δεςοει.
499 4381 571 4430 ΒειίΙ.
591 4379 682 4436 ΑομΙίε.
695 4380 791 4430 Gobler.
803 4389 827 4430 οι
911 4379 995 4444 Μία
1013 4392 1071 4428 mss.
1105 4381 1134 4428 Αι
1151 4381 1223 4430 editio
1235 4373 1408 4430 ὡσπολλοί
1419 4389 1465 4428 σο-

238 4453 344 4502 ΐτίελοι.
356 4452 378 4500 1.
397 4442 442 4498 ὅτε
458 4439 550 4514 τῦφος
567 4443 638 4512 [ελε],
657 4438 716 4500 οἰὸς
733 4441 762 4494 δὲ
780 4437 825 4495 ὅτε
878 4445 932 4512 φία
949 4439 978 4494 ίκ
994 4439 1100 4510 πατρὸς
1115 4438 1182 4502 οἷός.

240 4515 336 4584 σοφία.
372 4517 418 4568 Alii
444 4526 468 4566 ει
489 4517 548 4567 editi
573 4505 617 4562 ῦτι
640 4507 731 4580 σόφοτ
753 4511 823 4580 [niel.
912 4529 933 4562 ι.
952 4513 1007 4574 λος.
1028 4521 1052 4562 ει
1069 4515 1168 4576 Seguer.
1186 4505 1335 4580 ὠνόμακεν.

238 4579 298 4642 οὓς
314 4581 344 4635 δὲ
363 4576 406 4634 ὅτι
423 4578 519 4652 σοφία
911 4580 934 4630 d.
952 4581 1009 4643 fleg.
1029 4581 1126 4633 Gobler.
1146 4591 1170 4631 et
1187 4583 1291 4634 Felckm.
1312 4584 1334 4632 1.
1352 4575 1462 4641 όιιίστιι.
