3226 5280
214 411 274 476 ’96
630 433 655 475 ι.
671 433 825 476 numm
837 433 1057 477 ιιιοιιιτειιιοει

148 592 226 640 ενι.
316 580 345 642 2.
390 575 431 643 Εἰ
452 578 512 662 μὲν
535 567 591 646 ούν
612 579 795 664 θαρροῦσιν
811 574 869 660 ,οἷς
891 583 1052 669 φρονοῦσι
1064 579 1121 648 καὶ
1134 582 1274 668 λέγουσι,
1297 597 1443 670 'nempe-

232 680 380 762 ρίτωσαν
401 678 523 768 γυμνήν
550 680 609 768 τήν
638 680 764 766 αἰρεσιν
787 684 840 748 καί
863 681 1081 751 δεικνύτωσαν
1110 682 1146 764 ἐξ
1177 669 1277 768 αύτής
1309 683 1341 750 εἴ
1370 709 1446 750 τινα

233 777 422 862 νομίζουσιν
442 775 464 869 ἢ
487 780 521 849 ἰν
541 785 607 848 τῶν
629 786 764 872 γραφῶν
787 783 869 868 ἔχειν
890 778 911 872 ή
932 779 992 874 κήίν
1013 781 1228 872 ἀνθρώπινόν
1255 809 1330 852 τινα
1355 784 1445 870 λογι·

234 879 317 964 σμδν
340 877 456 971 εύσεβή
487 883 572 970 πρὸς
593 880 792 970 ἀπολογίαν,
825 885 854 954 εί
882 885 919 954 δὲ
938 889 1059 976 11μηδέν
1086 913 1121 955 τι
1145 891 1296 954 τοιοῦτον
1324 885 1443 969 ἔχουσι,

236 984 467 1053 σιωπάτωσαν.
518 980 707 1071 οὐδαμόθεν
734 986 794 1074 γὰρ
824 984 1014 1075 εὑρήσουσιν
1045 989 1074 1058 εἰ
1094 989 1138 1078 μή
1165 991 1291 1075 μᾶλλον
1318 988 1446 1075 ἔλεγχον

234 1081 317 1155 καθ’
341 1087 466 1154 ἑαυτῶν
473 1139 482 1169 ,
506 1083 575 1154 ἀπὸ
597 1091 657 1173 μὲν
678 1091 744 1156 τῶν
765 1083 916 1178 γραφῶν,
953 1094 1011 1158 τού
1032 1093 1092 1176 μὲν
1110 1086 1258 1158 Ἰωάννου
1280 1091 1446 1177 λέγοντος·

118 1255 121 1266 ,
236 1189 270 1258 ἰν
292 1185 371 1278 ἀρχῇ
393 1179 431 1277 ἦν
454 1184 472 1268 ὁ
494 1188 629 1276 λόγυςί),
653 1187 689 1263 δν
712 1179 805 1274 ούτοι
826 1193 974 1278 λέγουσιν
989 1187 1046 1260 ούν
1067 1182 1105 1284 ήν
1127 1195 1206 1280 πρὶν
1221 1196 1371 1281 γεννηθῇ,
1387 1195 1446 1260 τού

238 1293 273 1360 δὲ
287 1292 397 1377 Δαβίδ
417 1291 605 1377 ψάλλοντος
630 1289 665 1359 ἐκ
686 1293 867 1380 προςιύπου
886 1298 947 1362 τού
970 1293 1106 1382 πατρός·
1130 1293 1319 1383 ἰξηρεύξατο
1334 1291 1354 1384 ή
1369 1320 1448 1382 καρ-

238 1396 293 1461 δία
312 1417 376 1477 μου
398 1392 495 1480 λόγον
518 1389 686 1481 ἀγαθόνἸ,
710 1393 748 1462 όν
763 1383 859 1476 οὗτοι
878 1397 1012 1482 λέγουσι
1031 1391 1104 1469 κατ’
1128 1397 1279 1465 ἰπίνσιαν
1294 1391 1446 1464 εἶναικαὶ

236 1495 272 1576 ἐξ
291 1490 349 1563 ούκ
371 1492 475 1564 όντων
496 1501 724 1585 1γεγενῆσθαι,
763 1492 835 1572 εἶτα
861 1502 919 1573 τοῦ
947 1501 1007 1586 μὲν
1025 1495 1172 1578 Ίωάννου
1193 1498 1295 1566 πάλιν
1318 1491 1447 1584 εύαγγε-

237 1598 416 1682 λιζομίνου,
440 1595 494 1667 ότι
514 1597 625 1667 πάντα
647 1591 695 1667 δι’
720 1589 821 1667 αύτού
844 1599 984 1688 ἐγένετο,
1006 1599 1060 1668 ιιαί
1080 1597 1180 1689 χωρίς
1201 1595 1301 1668 αύτού
1323 1599 1447 1687 ἐγένετο

237 1695 313 1768 οὐδὲ
336 1701 409 1782 ἕν’),
432 1705 490 1770 τού
513 1702 549 1769 δί
574 1701 706 1769 Παύλου
727 1701 927 1795 γράφοντος·
955 1698 1003 1783 είς
1022 1701 1132 1789 κύριος
1150 1697 1271 1791 Ἰησοῦς
1284 1700 1447 1794 Χριστός,

240 1799 290 1870 δι’
309 1791 348 1870 ού
368 1801 411 1871 τὰ
431 1803 542 1871 πάντα
549 1807 581 1884 ’),
598 1807 652 1871 καί
675 1803 708 1871 ἰν
725 1805 863 1898 ἑτέροις·
879 1801 932 1874 ότι
947 1805 980 1874 ἐν
995 1800 1083 1893 αύτῷ
1100 1805 1235 1893 ἐκτίσθη
1250 1804 1292 1872 τὰ
1306 1804 1449 1884 πάντά).

238 1913 341 1973 ποίαν
362 1907 550 1994 παρρησίαν
573 1905 700 1986 ἕξουσιν
724 1895 831 1989 οὗτοι,
864 1906 920 1974 καί
941 1899 979 1975 ού
1000 1908 1125 1993 μᾶλλον
1147 1905 1299 1994 αἰσχύνην
1326 1901 1452 1994 ἰόφλή-

240 2030 364 2088 σουσιν,
388 2005 632 2092 ἐναντιούμενοι
653 2018 725 2088 τοϊς
746 2012 812 2077 τῶν
834 2003 936 2096 ἀγίων
957 2007 1108 2096 ῥήμασιν,
1132 2005 1212 2075 ὅταν
1232 2008 1353 2094 λέγωσι
1373 2012 1452 2074 ποί-

239 2134 307 2196 ημα
329 2101 414 2176 εἰναι
435 2107 492 2176 τὸν
514 2112 580 2178 τῶν
602 2110 737 2177 πάντων
761 2111 972 2210 δημιουργόν,
994 2114 1048 2180 καί
1071 2117 1191 2196 Ικτίσμα
1213 2112 1344 2190 τοῦτον,
1368 2108 1401 2178 ἰν
1423 2095 1452 2196 ᾧ

239 2209 281 2276 τά
301 2216 463 2294 κτίσματα
484 2217 595 2298 γέγονε
616 2213 669 2280 καί
692 2217 901 2300 συνέστηκενς
923 2205 999 2280 ούδὲ
1021 2210 1236 2299 ἀνθρώπινος
1264 2213 1301 2280 δέ
1321 2236 1371 2294 τις
1393 2203 1452 2278 αύ·

239 2319 311 2392 τοῖς
333 2310 490 2404 λογισμὸς
513 2309 646 2405 εὐσεβής
668 2315 715 2396 εἰς
737 2303 919 2400 ἀπολογίαν
941 2314 1197 2400 ’περιλείπεται
1241 2319 1292 2396 τίς
1313 2311 1373 2401 γὰρ
1396 2305 1453 2378 ἀν·

129 2484 133 2490 ,
239 2413 399 2514 θρῶπων,
422 2409 573 2506 ήἝλλην
594 2411 615 2505 ἢ
636 2417 818 2506 Βάρβαρος,
843 2415 880 2484 ὃν
901 2411 1054 2502 ,ὁμολογεῖ
1073 2413 1166 2497 θεόν,
1189 2417 1306 2484 τοῦτον
1329 2413 1453 2498 ἐπιχει-

239 2515 336 2608 ρήσει
353 2519 458 2606 λίγειν
479 2525 600 2604 κτίσμα
619 2513 641 2608 ή
664 2515 717 2586 ότι
738 2511 795 2586 ούκ
815 2507 855 2606 ἦν
877 2524 956 2606 πρὶν
977 2523 1124 2606 γεννήταις
1147 2511 1169 2606 ἢ
1189 2523 1240 2596 τίς
1261 2511 1452 2602 ἀνθρώπων

240 2614 381 2700 ἀκούσας
403 2621 495 2710 παρὰ
516 2621 648 2704 τούτου,
674 2619 710 2688 ὃν
732 2619 907 2694 ἐπίστευσε
926 2619 1028 2705 μόνον
1051 2614 1136 2688 εἰναι
1155 2617 1253 2699 θεόν,
1286 2618 1453 2704 λέγοντος·

242 2711 338 2803 ούτός
360 2721 448 2790 ἐστιν
484 2719 501 2790 ὁ
530 2723 600 2804 υίός
627 2747 691 2810 μου
715 2717 733 2790 ό
756 2718 963 2818 ἀγαπητός“),
995 2725 1050 2792 καί
1083 2715 1272 2810 ἒξηρεόξατο
1294 2713 1314 2808 ή
1337 2717 1455 2807 καρδία

241 2850 305 2914 μου
333 2824 429 2914 λόγον
451 2818 621 2914 ἀγαθόν’),
656 2824 815 2914 τολμήσει
835 2817 924 2916 ἰκᾷνο
934 2825 1040 2896 εἰπεῖν
1069 2819 1123 2894 ότι
1145 2817 1163 2891 ό
1185 2823 1220 2892 ἐκ
1239 2822 1375 2910 καρδίας
1396 2821 1455 2888 τού

242 2931 326 2997 θεοῦ
349 2926 444 3017 λόγος
465 2927 501 3009 ἐξ
521 2921 579 2997 ούκ
601 2923 704 2996 όντων
725 2933 854 3016 γέγονεν
883 2919 904 3016 ἢ
928 2922 945 2994 ό
967 2926 1038 3008 υίὸς
1058 2933 1178 3011 κτίσμα
1211 2923 1279 2992 ἐστὶ
1312 2925 1366 2993 καί
1389 2915 1456 2990 ὀύκ

241 3032 329 3098 ἰ’διον
350 3034 409 3099 τού
431 3032 582 3118 λέγοντος
602 3035 760 3120 γέννημας
783 3029 885 3110 πάλιν
908 3031 945 3098 δὲ
965 3035 1016 3109 τίς
1031 3022 1157 3098 ἀκούων
1178 3025 1304 3106 τούτου,
1329 3022 1366 3091 όν
1381 3023 1456 3090 όπί-

242 3155 375 3202 στευσεν
398 3121 614 3220 εἰναῖκύριον
636 3133 690 3200 καί
713 3134 853 3219 σωτῆρα,
876 3131 1040 3225 λέγοντος·
1070 3129 1132 3216 ἰγῶ
1155 3128 1188 3196 ἐν
1209 3131 1256 3214 τῷ
1278 3126 1379 3212 πατρί
1401 3125 1455 3192 καί

244 3228 392 3318 ύπατὴρ
415 3233 448 3300 ἐν
472 3231 582 3316 ἐμοί’),
615 3237 669 3301 καί
692 3233 755 3324 ἰγώ
776 3234 829 3300 καί
853 3227 871 3298 ό
893 3229 1003 3318 πατήρ
1026 3231 1060 3298 ἓν
1082 3227 1222 3314 ἒσμεν”),
1257 3226 1457 3314 ἐπιχειρήσω

245 3331 384 3420 διαιρεῖν
407 3331 429 3399 ἀ
451 3333 573 3413 ἐκεῖνος
593 3330 700 3420 ἥνωσε
721 3331 776 3416 ηαί
798 3329 960 3418 ἀμέριστα
981 3345 994 3382 ¹
1000 3329 1168 3419 τετήρηκες

318 3439 357 3502 ’3.
405 3435 518 3499 Ταῦτα
538 3437 615 3518 γοῦν
631 3435 685 3500 καί
701 3425 793 3508 αὐτοὶ
809 3433 1010 3516 συνορῶντες
1025 3435 1078 3500 καί
1094 3431 1282 3519 παῤῥησίαν
1298 3423 1355 3496 ούκ
1370 3427 1458 3512 ἔχον-

244 3559 297 3614 τες
319 3533 352 3602 ἐν
373 3543 446 3613 τοῖς
468 3533 566 3611 ἰδίοις
587 3531 852 3616 καταψεύδονται
872 3534 938 3599 τῶν
962 3526 1114 3620 εύσεβῶν.
1158 3527 1253 3622 ’ἀλλ’
1285 3531 1352 3599 ἔδει
1373 3529 1458 3596 πάν-

245 3661 310 3704 των
332 3629 451 3713 αύτούς
473 3633 612 3723 ἐρήμους
635 3633 731 3718 ὄντας
752 3637 806 3718 καί
829 3638 1036 3734 συνορῶντας
1059 3632 1193 3711 ἑαυτούς
1222 3629 1255 3700 ἒν
1282 3642 1357 3712 ταῖς
1378 3630 1458 3717 ἰρω-

161 3737 360 3827 mmmm
387 3735 597 3820 πανταχόθεν
625 3731 832 3824 ἀποροῦντας
863 3740 917 3805 καί
947 3741 1181 3822 χασμωμένους
1207 3733 1458 3822 μεταγινώσκειν

245 3841 379 3936 μᾶλλον,
403 3835 679 3930 ἀποστραφέντας
710 3863 779 3908 απο
801 3864 859 3926 της
883 3838 961 3906 οδου
982 3863 1040 3924 της
1061 3836 1197 3925 πλάνης,
1219 3838 1274 3902 καί
1294 3835 1338 3923 μή
1362 3861 1459 3904 συνα-

246 3949 381 4030 ριθμεῖν
404 3943 534 4024 ἑαυτοῖς
562 3941 618 4025 οὓς
640 3935 697 4010 ούκ
719 3943 847 4023 ἰ’σασιν,
879 3941 934 4009 ίνα
954 3938 998 4028 μή
1021 3944 1075 4007 καί
1097 3931 1181 4027 παρ’
1202 3933 1311 4005 αύτῶν
1333 3935 1460 4026 ἐλεγχό-
1586 3943 1587 3952 ’

48 4117 64 4158 v
246 4069 341 4132 μενοι
361 4046 500 4119 πλείονα
520 4045 578 4134 τήν
600 4045 753 4136 αἰσχύνην
775 4039 1024 4132 ἀπενέγιωνται.
1067 4043 1150 4121 ἰ’σως
1172 4039 1208 4108 δί
1229 4043 1286 4125 τῆς
1307 4038 1460 4126 τοιαύτης

318 4285 424 4348 1)Ιοιιι.
446 4288 468 4344 1,
489 4288 511 4342 1.
569 4279 946 4354 2)ΡειΙ.45[44.1.ΧΧ.],2.
1006 4282 1115 4344 ³)lonn.
1138 4280 1202 4342 1,³.
1262 4277 1460 4339 4)1.c0r.s‚6.

250 4355 380 4416 ῡίῦοίοιε
402 4354 481 4419 1,16.
542 4353 779 4416 o)mauh.³,.17;
800 4353 882 4426 με.
944 4350 1171 4412 7)Ιοιυ.14,11.
1241 4345 1469 4411 8)102n.10‚30.v

284 4541 305 4576 ι.
323 4525 419 4576 Tauria.
439 4534 463 4577 ιι
481 4524 585 4577 (ἓοΙΙνιιι
615 4523 661 4576 noli
679 4516 827 4590 πρατφερί-
879 4521 950 4572 Tum.
970 4519 1037 4572 colb.
1063 4526 1087 4570 ιῑ
1110 4519 1148 4568 Fr.
1167 4517 1185 4568 Ι.
1209 4507 1257 4564 καί
1278 4515 1352 4566 δοιοί.
1388 4513 1461 4564 ΡιοΙσ

250 4605 352 4644 τασαν.
879 4597 936 4653 post
954 4589 1022 4639 colb.
1039 4582 1143 4654 μᾶλλον
1160 4577 1290 4662 ἰλίγγους.
1327 4583 1461 4633 Μοιτισι.

282 4663 307 4715 h.
324 4661 388 4716 Editi
406 4655 430 4714 εἰ
447 4653 634 4740 δὲναίχιηδίν,
671 4659 720 4716 Sed
737 4657 827 4723 ἰοθις.
881 4657 948 4709 Colb.
967 4657 1012 4708 les.
1033 4665 1055 4708 ει
1073 4656 1112 4706 Fr.
1130 4653 1148 4705 1.
1168 4645 1220 4702 ἀπο
1239 4645 1360 4722 μὲνγὰρ
1378 4649 1442 4700 τῶν.
