3162 5308
456 333 459 342 ¹
514 367 659 414 eruerent
673 369 694 412 i.
710 369 746 413 in
763 368 959 416 senoniense.
1275 359 1333 420 711

49 564 58 576 ·
84 537 216 590 tanen
238 523 316 585 idem
339 520 459 584 alterius
482 527 528 582 est
549 526 643 599 pater.
687 519 770 582 Unde
799 538 860 582 non
888 483 1009 600 proprie
1037 521 1067 582 in
1090 521 1259 584 honrinibus
1281 537 1426 602 pernen·

14 665 15 668 =
59 629 166 690 ·tris
196 633 225 688 ει
246 623 299 688 dlii
320 639 430 684 nomen
453 627 595 682 serretur.
639 621 856 694 Sicuonem,
879 621 1005 700 quiduit
1020 621 1096 685 fitius
1112 623 1237 696 Therae,
1259 623 1337 686 idem

13 741 19 776 r
89 729 167 790 tuis
195 737 279 808 peter
299 724 391 786 Isaac.
436 721 579 784 Similiter
600 721 698 795 Isaac,
726 723 777 802 qui
806 722 883 784 filius
913 729 977 784 eret
997 721 1145 798 Abrahae,
1173 727 1237 788 tuit·
1255 735 1339 806 peter

13 861 15 874 ·
43 853 52 886 e
91 829 223 902 Iacob,
252 845 344 906 eaque
372 833 419 888 εει
447 825 593 888 humanae
620 831 743 886 naturae
764 823 906 886 conditio.
950 823 1023 906 Nam
1045 824 1102 886 eibi
1124 825 1247 888 invicem
1270 835 1366 890 sunt.

13 931 33 982 τ’
91 941 229 1014 partes,
253 937 283 992 et
302 926 436 1008 quisquis
458 925 586 1008 gignitur
607 925 699 1004 patris
720 933 834 1004 portem
857 924 954 998 habet,
977 933 1009 986 nt
1029 933 1060 988 et
1074 925 1138 1005 ipse
1152 926 1273 988 alterius
1289 928 1339 990 tint

92 1043 212 1116 peter.
255 1031 292 1092 tr
312 1047 373 1091 non
394 1027 434 1090 ite
456 1047 489 1090 εε
510 1045 560 1089 res
582 1025 672 1088 habet
693 1026 724 1086 in
745 1026 905 1090 divinitate.
948 1026 1009 1090 Nee
1031 1027 1277 1091 enimhuminum
1293 1029 1338 1090 si-

93 1135 197 1198 milis
220 1140 266 1196 est
286 1131 381 1203 Deus,
411 1147 466 1192 nec
494 1128 618 1192 divisam
645 1126 734 1190 habet
760 1136 904 1190 naturam.
950 1128 1138 1209 Quapropter
1166 1147 1261 1210 neque
1290 1129 1338 1192 sui

13 1271 45 1304 ;..
96 1235 267 1300 divisione
287 1233 391 1296 Filium
414 1239 544 1311 generat,
568 1237 601 1294 ut
622 1239 653 1292 et
674 1229 738 1309 ipse
760 1229 880 1292 alterius
894 1239 979 1309 putei·
1000 1230 1059 1302 fiat,
1083 1249 1148 1294 cum
1163 1249 1259 1311 neque
1273 1231 1338 1312 ipse

13 1373 15 1382 =
43 1375 49 1391 ‹
98 1340 152 1402 sit
180 1357 216 1400 ex
237 1343 330 1417 patre,
352 1352 448 1413 neque
470 1331 561 1396 Filius
583 1349 653 1412 pars
675 1331 715 1393 sit
735 1331 839 1410 patris.
874 1329 982 1412 ‘Itaque
1004 1332 1094 1395 Filius
1115 1351 1177 1396 non
1207 1343 1336 1412 generet,
1344 1351 1419 1396 noea.

19 1493 44 1516 .·.
99 1447 143 1504 nt
167 1440 238 1520 ipse
258 1437 376 1516 genitus
399 1443 461 1508 est,
484 1435 537 1496 sed
560 1441 639 1496 tetris
661 1441 707 1496 est
728 1433 820 1496 totius
843 1433 939 1516 imago
961 1443 989 1496 ει
1011 1433 1169 1515 splendor;
1197 1443 1285 1516 atque
1305 1436 1336 1498 in

14 1589 32 1618 „
99 1541 181 1604 sola
204 1539 352 1602 divinitate
375 1537 463 1598 Pater
483 1535 603 1614 proprie
626 1543 673 1598 est
694 1543 787 1615 pater,
811 1543 842 1596 et
854 1534 946 1598 Filius
968 1537 1087 1616 proprie
1109 1545 1156 1600 ost
1176 1537 1264 1612 fitius,
1287 1538 1336 1618 quai

12 1689 20 1722 a„
32 1655 37 1670 ⁴
97 1643 205 1706 Pater
228 1657 347 1719 semper
367 1638 423 1699 tuit
442 1644 543 1716 pater,
573 1645 602 1698 et
621 1636 713 1700 Filius
742 1637 853 1716 periter
874 1655 993 1718 semper
1013 1639 1068 1700 ruit
1088 1638 1176 1702 filius.
1222 1639 1334 1712 Quem·
1410 1707 1414 1716 ,

12 1793 48 1828 e.
99 1743 277 1808 admodum
298 1741 369 1802 item
390 1755 539 1818 nunquam
562 1737 648 1801 Peter
669 1739 784 1801 iuturus
806 1747 853 1802 est
879 1739 973 1814 filius,
1004 1741 1048 1802 sie
1074 1759 1222 1822 nunquam
1243 1741 1335 1805 Filius

12 1898 18 1932 .=
93 1849 234 1910 iuturus
257 1852 304 1904 est
324 1851 418 1922 peter.
461 1841 499 1902 m
512 1849 553 1902 ‘ut
574 1859 722 1920 nunqnam
741 1841 828 1903 Pater
849 1841 964 1904 desinet
986 1843 1068 1904 solus
1090 1861 1160 1906 esse
1180 1851 1273 1923 peter,
1295 1843 1335 1906 ita

30 1939 45 2015 ¹.
100 1947 210 2010 Filios
232 1962 385 2024 nunquam
403 1943 519 2006 desinet
540 1961 609 2004 osse
631 1943 715 2004 solus
737 1931 837 2004 nlius)
868 1943 962 2006 Nemo
984 1943 1073 2022 igitur
1094 1945 1153 2006 nisi
1171 1953 1269 2008 mente
1283 1965 1335 2006 ca-

12 2105 23 2139 a·
101 2057 187 2131 ptus
208 2047 314 2110 dixerit
341 2045 387 2107 ael
414 2045 600 2124 cogitaverit,
631 2045 750 2108 fratrem
779 2063 847 2106 esse
872 2044 964 2118 Filio,
999 2053 1029 2107 et
1054 2065 1163 2110 nomen
1190 2046 1235 2108 ari
1256 2046 1335 2108 Patri

16 2211 28 2239 Ι,
105 2150 285 2214 convenire.
329 2146 405 2210 Hinc
426 2145 504 2208 enirn
526 2163 672 2224 nusquam
693 2145 723 2208 in
746 2145 907 2226 Scripturie
930 2147 1022 2208 sacris
1045 2147 1181 2228 Spiritus·
1194 2149 1271 2211 titius
1286 2149 1334 2210 di-

22 2230 28 2338 ¹.
104 2259 182 2316 ctus
204 2258 267 2324 est,
296 2268 334 2311 ne
355 2251 447 2311 frater
474 2267 542 2310 esse
565 2247 800 2321 existimaretur,
829 2248 871 2310 nti
897 2265 953 2310 nec
980 2249 1160 2330 tricennii,
1189 2269 1226 2313 ne
1248 2251 1335 2312 Peter

106 2373 188 2416 avus
211 2353 390 2416 crederetur.
436 2349 495 2412 Sed
516 2349 607 2412 Filius
629 2349 726 2412 Petris
749 2359 795 2410 est
815 2349 903 2420 iiiios,
927 2359 956 2412 et
977 2351 1104 2431 Spiritus
1124 2353 1221 2414 Patris
1243 2351 1334 2431 spiri-

19 2440 43 2504 ·'
107 2463 165 2517 tus
187 2455 282 2518 dictus
304 2462 359 2528 est,
382 2461 470 2532 atque
491 2451 531 2514 ite
554 2469 611 2514 una
634 2451 785 2516 Trinitatis
807 2451 943 2516 divinitas
965 2460 995 2515 et
1016 2453 1089 2516 fides
1112 2460 1167 2515 est.

11 2827 37 2838 Ι,
205 2758 253 2818 17.
298 2755 442 2827 Quocirca
465 2773 529 2816 eem
550 2773 667 2836 qnoque
689 2754 727 2817 ob
749 2755 894 2818 rationem
918 2755 1030 2816 insenia
1053 2755 1119 2816 sino
1134 2753 1223 2818 dubio
1246 2755 1335 2816 tuerit

11 2907 12 2912 ,
111 2855 306 2930 contendere,
328 2875 392 2918 rem
414 2863 540 2918 creatam
561 2857 641 2920 iilum
664 2875 742 2920 esse.
786 2858 859 2920 Nam
882 2857 909 2918 si
930 2875 979 2918 res
1001 2864 1097 2918 ereata
1118 2863 1210 2930 esset,
1233 2856 1333 2918 Trini-

113 2957 169 3020 tati
196 2975 257 3018 non
285 2955 500 3036 adiungeretur.
543 2957 616 3022 Nam
645 2965 705 3020 tota
736 2975 812 3020 unos
835 2957 913 3018 iieus
940 2965 995 3020 εει
1039 2957 1119 3020 Satis
1153 2975 1224 3038 ergo
1246 2957 1335 3020 suerit

111 3075 312 3139 cognoscere,
343 3057 484 3137 Spiritum
506 3077 569 3122 rem
592 3067 720 3122 creatam
741 3076 802 3120 nun
824 3077 891 3120 esse
912 3075 969 3120 nec
995 3058 1084 3122 rebus
1108 3059 1215 3122 meotis
1236 3077 1332 3122 unno-

13 3225 16 3232 ,
111 3161 233 3229 mereri.
277 3159 430 3238 Siquidem
450 3159 524 3222 nihii
544 3159 673 3224 eliennrn
688 3159 824 3222 Trinitati
846 3159 1034 3233 admiscetur,
1058 3161 1110 3224 sed
1133 3160 1282 3224 individua
1304 3171 1334 3222 et
1376 3207 1379 3215 t

110 3261 171 3325 sibi
199 3260 257 3342 ipsi
287 3259 391 3322 similis
414 3268 470 3321 est.
513 3259 593 3322 Haec
620 3259 738 3339 inquam
765 3259 900 3324 fidelibus
927 3262 999 3324 setis
1026 3281 1098 3342 esse
1125 3262 1247 3336 debent,
1275 3262 1333 3324 hoc
1414 3333 1419 3350 ,
1458 3229 1464 3244 Ι

11 3345 28 3438 J'
111 3383 210 3444 usque
231 3364 357 3434 humana
380 3361 509 3441 cognitio
531 3363 686 3442 pervenire
707 3370 815 3442 potest,
837 3363 886 3426 iiic
907 3362 1064 3426 Cherubim
1086 3363 1139 3426 alis
1161 3363 1263 3426 faciem
1278 3381 1329 3424 re-

19 3443 26 3480 ”
107 3467 182 3530 lent.
227 3467 285 3538 Qui
307 3472 404 3528 eutem
426 3465 473 3526 his
495 3463 579 3542 plura
602 3464 718 3542 quaerit
739 3471 768 3526 et
788 3464 962 3544 investigere
982 3466 1073 3545 cupit,
1099 3467 1262 3545 refragetur
1281 3464 1329 3526 di-

11 3551 13 3584 ³
90 3567 204 3630 ‘centia
227 3565 272 3630 Ne
288 3567 362 3647 plue
384 3571 486 3646 supine
508 3585 596 3646 pium
617 3579 815 3638 necessust,
838 3585 876 3628 ae
899 3567 1100 3648 etrtopeecui.
1146 3567 1229 3641 Quae
1251 3565 1329 3628 enim

11 3655 12 3664 ¹
108 3669 170 3730 fide
193 3667 298 3730 tradita
318 3678 397 3740 sunt,
420 3669 492 3730 haec
512 3687 574 3730 uon
596 3668 722 3730 homene
745 3669 887 3748 sapientia
910 3653 1085 3748 expendere,
1108 3669 1162 3732 sed
1183 3667 1251 3730 fidei
1274 3687 1329 3730 au·

21 3751 23 3761 ’
110 3771 175 3834 ditu
196 3769 331 3848 excipere
353 3771 497 3832 convenit.
542 3769 625 3840 Oetae
647 3771 726 3830 enim
749 3771 843 3832 oratio
866 3789 916 3842 ee,
945 3789 1020 3849 qnae
1049 3779 1173 3832 meatem
1197 3779 1330 3832 εειιιεειε

11 3850 19 3875 ⁹
110 3870 334 3942 transcendunt,
355 3869 442 3948 digne
464 3869 561 3947 possit
581 3867 751 3948 explicere?
793 3871 844 3932 Vel
867 3889 1009 3948 quaenam
1036 3889 1148 3948 quaeso
1169 3889 1256 3933 aures
1279 3891 1328 3934 ce-

149 4052 695 4114 mfflumamtmmm
748 4045 1330 4134 Qmstfflmissmfflwm

112 4115 1313 4188 mmmmmmimmhmmmmmmmfflmm

31 4195 37 4212 ‘
114 4180 314 4254 tisanam
335 4181 349 4235 d
367 4179 431 4242 υἱὸς,
452 4181 615 4252 τοῦπατρὸς
631 4179 695 4240 υἱός.
782 4191 799 4237 i.
823 4190 879 4250 fleg.
902 4190 922 4238 1.
942 4181 1082 4255 ὄμεευσία.
1120 4193 1169 4242 iinx
1188 4185 1287 4254 Rep'l.
1305 4200 1330 4242 ει

11 4265 13 4286 ⁵
114 4247 697 4314 fflwmaeffmmdmmdmmm
747 4247 1328 4319 mmmmmnmummmwnm

11 4335 13 4358 ⁸
113 4315 1326 4395 fflmffifflfflmmffWQQMMmmmwmmm

114 4395 212 4447 Etenna
231 4394 319 4456 demi.
337 4395 436 4456 Segoer.
455 4393 550 4444 Gobier.
569 4402 593 4442 ει
610 4391 695 4442 Feiek·
778 4407 801 4454 g.
819 4394 859 4444 Sic
882 4395 939 4457 neg,
956 4395 976 4444 i.
1010 4402 1034 4446 et
1058 4397 1163 4448 Graecos
1188 4399 1327 4460 Scriptum
1446 4415 1451 4422 ·

117 4453 1172 4526 mmmmdmmwmrwmfflemmefflmmmmmffl.

117 4530 219 4596 πνεῦμα
235 4523 345 4600 εἴρηται.
389 4529 466 4580 Ceteri
484 4537 508 4580 et
526 4529 581 4578 editi
598 4521 644 4576 net
661 4521 693 4578 td
778 4529 800 4578 t.
820 4531 874 4592 neg.
888 4531 908 4582 l.
927 4533 1024 4594 signer.
1044 4533 1141 4583 Gobter.
1155 4532 1291 4582 eti'eletim.
1303 4531 1325 4579 ι.

118 4595 219 4662 πνεῦμα
235 4597 283 4646 τοῦ
300 4593 416 4666 πατρὸς,
445 4596 493 4646 τοῦ
512 4589 570 4646 υἱοῦ
587 4595 693 4662 πνεῦμα
744 4596 870 4688 vuarinus.
