3226 5308
511 339 620 408 onorio
636 363 674 406 rr.
692 363 807 406 coarat
822 363 958 408 rennos.
1281 353 1343 416 623

106 541 172 602 que
194 538 228 580 ec
248 515 355 578 eodem
389 513 481 576 modo
505 531 625 592 semper
647 520 703 574 εει.
746 512 885 592 Alioquin
912 513 1116 594 imperfectum
1146 525 1176 575 et
1206 518 1431 594 mutabilescre.

112 641 183 685 esse
205 618 365 679 videretur.
413 613 445 674 Si
467 613 547 675 enim
570 613 745 692 quoderat,
768 611 799 674 id
820 620 924 692 postca
949 614 1014 688 erit,
1037 615 1121 694 quasi
1144 634 1222 676 nrrnc
1240 635 1299 676 non
1314 619 1345 678 id
1401 689 1405 696 ,

112 725 214 804 ipsum
236 725 335 790 esset3
358 714 449 794 igitur
470 732 550 777 nunc
571 733 632 776 nou
655 711 803 790 estquod
826 721 890 774 crat
912 723 942 775 ει
964 715 1029 776 erit.
1074 715 1148 776 Rem
1167 716 1275 777 clarius
1290 735 1343 778 ex-

111 841 206 904 pono.
250 819 281 880 Si
311 817 343 878 in
363 815 426 878 Deo
455 823 541 876 autea
570 824 634 876 crat
662 822 692 874 et
713 821 817 896 postea
838 832 946 876 rursus
969 815 1042 887 erit,
1075 817 1265 897 perspicuum
1288 825 1345 892 est,

112 921 244 984 Verbum
266 935 345 980 nunc
366 915 396 978 in
418 915 479 976 Deo
502 932 563 977 uon
587 933 664 976 esee.
710 913 818 975 Verum
841 914 1033 976 revincuntur
1047 915 1234 978 bacnomini
1257 936 1345 980 voce:

115 1023 175 1104 Ego
197 1027 230 1084 io
252 1019 345 1081 Pctrc
367 1028 396 1080 ct
418 1016 511 1080 Pater
533 1021 566 1078 io
587 1033 634 1077 mc
656 1025 712 1077 εει.
757 1014 808 1077 Sic
830 1014 910 1076 enim
932 1033 1013 1077 nunc
1034 1023 1097 1089 est,
1120 1018 1163 1078 uti
1186 1018 1241 1078 luit
1263 1035 1346 1079 εειε-1

114 1143 180 1204 per.
224 1121 260 1184 Si
277 1136 368 1197 porro
391 1135 470 1179 nunc
493 1125 541 1178 εει
561 1115 603 1177 uti
627 1115 682 1176 luit
704 1132 841 1196 semper,
864 1133 924 1176 non
948 1105 1039 1194 igit'ur
1060 1116 1218 1196 aliquando
1241 1118 1345 1197 gigne-

116 1225 205 1285 batur
228 1229 258 1282 et
278 1217 433 1298 aliquando
456 1235 518 1278 non
540 1215 731 1295 gignebatur,
764 1233 820 1278 nec
841 1217 911 1278 item
934 1217 1092 1296 aliquando
1114 1219 1144 1279 in
1167 1219 1229 1280 Deo
1252 1221 1347 1281 silen-

119 1299 192 1386 tium
215 1329 244 1383 et
265 1321 348 1400 quies
370 1319 433 1391 luit,
456 1317 613 1398 aliquando
636 1325 736 1382 autem
758 1317 835 1378 idem
857 1317 975 1378 locutus
998 1325 1061 1392 est3
1083 1319 1135 1380 sed
1158 1339 1278 1400 semper
1300 1329 1347 1383 est

118 1427 206 1488 Peter
228 1431 258 1486 ot
277 1420 369 1482 Filius
394 1421 459 1482 eius
482 1419 622 1493 Verbum,
645 1418 696 1497 qui
718 1417 811 1480 Filius
834 1437 895 1480 uon
922 1418 988 1479 solo
1008 1411 1130 1482 nomine
1145 1420 1273 1482 Verbum
1290 1429 1347 1494 est,

117 1545 173 1589 nec
193 1524 322 1586 Verbum
345 1520 525 1600 cogitatione
548 1527 594 1582 εει
613 1518 721 1592 Filius,
755 1519 808 1580 sed
834 1519 916 1581 Petri
945 1519 1207 1582 consubstantialis
1236 1520 1346 1594 existit,

116 1647 172 1690 uec
193 1627 241 1688 ille
263 1630 387 1704 propter
409 1639 466 1682 nos
490 1627 537 1682 cst
558 1619 696 1698 genitus,
722 1620 774 1681 sed
804 1638 861 1682 nos
890 1627 1015 1700 propter
1036 1620 1119 1683 illum
1140 1621 1208 1684 lacti
1231 1619 1371 1684 sumum

117 1727 277 1806 Ceteroqui
300 1724 326 1784 si
349 1728 473 1800 propter
492 1739 549 1782 nos
573 1721 689 1799 genitus
712 1729 772 1792 est,
802 1727 833 1782 et
853 1739 911 1781 nos
934 1728 1020 1794 tuuc,
1054 1739 1120 1784 cum
1152 1731 1198 1784 εει
1220 1724 1347 1802 genitos,

117 1827 209 1890 creati
231 1841 346 1894 sumus,
370 1821 495 1900 eiusque
518 1830 586 1882 ortu
609 1822 788 1884 constitutae
811 1829 882 1884 sunt
902 1841 952 1884 res
967 1829 1094 1896 creatae,
1117 1843 1152 1885 ac
1173 1823 1280 1886 deinde
1295 1843 1347 1886 re-

117 1927 212 1992 currit
233 1925 300 2004 ipsc
321 1929 353 1984 ut
375 1921 415 1983 sit
436 1923 514 2001 quod
536 1921 621 2003 prius
644 1933 723 1996 erat,
752 1923 881 2001 primum
910 1923 979 1984 inde
1003 1923 1145 1998 efficitur,
1176 1932 1208 1986 ut
1230 1915 1347 2004 genitus

117 2045 225 2090 rursus
248 2044 308 2086 non
331 2032 499 2104 generetur.
543 2022 617 2084 Nam
640 2023 664 2084 si
689 2043 756 2084 eum
777 2024 940 2104 procedere
962 2023 1061 2103 ipsum
1076 2032 1126 2085 est
1146 2024 1236 2104 gigni,
1260 2026 1349 2106 igitur

117 2147 184 2192 cum
204 2127 388 2208 devertitur,
422 2124 499 2205 gigni
529 2125 650 2205 desinit.
700 2125 863 2204 Postquam
892 2125 971 2186 enim
1000 2126 1037 2186 ad
1061 2125 1154 2188 lleum
1181 2128 1347 2200 reverterit,

117 2231 196 2293 licus
219 2245 325 2290 rursus
347 2225 454 2288 silebit.
498 2227 585 2305 Atqui
607 2226 634 2287 si
657 2225 766 2300 silebit,
791 2225 848 2287 erit
870 2226 948 2304 quod
971 2243 1006 2287 eo
1023 2225 1130 2288 silente
1145 2235 1219 2302 eret,
1241 2246 1350 2309 nempe

16 2403 27 2414 ,
116 2334 211 2413 quies,
234 2348 296 2390 non
318 2335 418 2390 autem
439 2345 538 2389 rerum
562 2327 683 2399 creatio,
707 2345 783 2405 quae
803 2326 929 2405 proinde
950 2326 1039 2388 finem
1056 2326 1186 2388 babebit.
1229 2327 1303 2388 Nem
1318 2336 1351 2389 ut

115 2432 297 2513 procedente
318 2427 417 2488 Verbo
440 2429 533 2490 tectae
555 2434 626 2490 sunt
648 2436 677 2487 et
700 2427 861 2488 extiterunt
882 2445 931 2488 res
953 2435 1083 2488 creatae:
1114 2426 1156 2487 ita
1177 2435 1350 2489 recurrente

116 2532 213 2592 Verbo
243 2531 301 2590 iam
329 2547 390 2590 nou
419 2527 546 2606 emplius
576 2529 704 2590 existent
732 2546 781 2590 res
811 2535 935 2590 creatae.
992 2527 1071 2601 Quid
1099 2527 1189 2606 igitur
1212 2545 1262 2590 eas
1285 2529 1349 2600 lieri

119 2649 195 2710 opus
218 2629 283 2700 luit,
307 2629 332 2688 si
356 2645 424 2688 esse
446 2627 607 2690 desinenti
650 2629 703 2690 Vel
717 2647 808 2707 quare
827 2629 946 2690 locutus
970 2629 1120 2701 estllcus,
1143 2635 1177 2688 ut
1192 2631 1351 2708 posthaec

118 2727 245 2792 sileret?
291 2727 349 2790 Cur
377 2745 448 2788 vero
476 2727 601 2807 protulit
627 2746 714 2806 quem
743 2729 849 2791 deiude
877 2727 1021 2790 revocat?
1066 2727 1124 2790 Cur
1156 2748 1223 2791 eum
1247 2730 1349 2810 giguit,

119 2830 204 2892 cuius
234 2827 454 2911 generationem
483 2828 571 2889 linem
604 2828 697 2891 voluit
717 2829 852 2892 baberet
895 2831 1043 2892 Incertum
1067 2837 1164 2892 autem
1187 2839 1248 2904 est,
1279 2830 1348 2910 quid

119 2931 227 2992 iterum
250 2928 315 2989 erit.
366 2927 420 2988 Vel
441 2927 520 2990 cuim
542 2947 662 3007 semper
684 2929 824 2992 taciturus
847 2938 903 3000 est,
926 2931 971 2992 vel
993 2949 1099 2992 rursus
1123 2938 1174 2994 εει
1194 2933 1348 3009 geniturus
1356 2947 1433 2992 noae.

120 3030 250 3108 aliaeque
277 3047 328 3090 res
358 3028 500 3090 creandas
530 3030 729 3108 cogitaturum
762 3049 818 3092 nec
848 3033 926 3094 enim
956 3032 1076 3094 easdem
1105 3041 1153 3094 εει
1176 3033 1348 3106 ellecturus,

121 3132 230 3210 quippe
260 3147 335 3209 quae
358 3131 448 3191 lactas
470 3131 675 3212 permansisse
697 3131 935 3206 satius-luisset,
965 3134 1018 3194 sed
1046 3133 1118 3194 alies
1148 3132 1349 3211 producturus

120 3239 177 3305 εει,
200 3248 273 3310 quas
288 3229 407 3291 'delebit
429 3230 567 3307 similiter¹
589 3213 720 3309 aliasque
742 3231 850 3294 iterum
873 3233 1022 3312 cogitabit,
1046 3233 1135 3312 idque
1157 3233 1280 3294 inlicite.

207 3334 255 3396 13.
299 3329 389 3392 Forte
412 3339 510 3414 eutem
532 3332 707 3394 huiusmodi
729 3333 831 3414 opinio
854 3353 890 3396 er
911 3335 1084 3412 Stoicorum,
1102 3333 1203 3394 sclrola
1228 3351 1349 3396 emana-

116 3433 170 3506 rit,
194 3431 243 3510 qui
267 3449 374 3512 nernpe
396 3432 488 3494 Deum
510 3441 616 3512 putant
637 3435 772 3496 conuehi
794 3453 961 3516 rursusque
983 3454 1049 3498 cum
1071 3435 1163 3498 rebus
1180 3435 1286 3496 croatie
1302 3435 1350 3497 oi-

117 3533 202 3595 latari
224 3533 397 3612 infinitoque
420 3533 584 3612 quiescere.
631 3535 718 3609 Quod
735 3537 813 3599 enim
828 3536 976 3609 dilatatur,
1001 3545 1183 3598 contractum
1201 3535 1350 3606 dilatatur,
1451 3534 1457 3540 “

116 3642 149 3694 ει
176 3633 254 3712 quod
283 3633 467 3707 extenditur,
501 3644 684 3699 contractum
715 3638 900 3710 extenditur,
930 3646 1019 3715 atquc
1048 3637 1125 3697 idem
1151 3636 1270 3714 quidem
1294 3643 1351 3711 εει,

116 3733 191 3796 nibil
213 3743 310 3796 autem
333 3734 410 3794 eliud
432 3744 550 3812 praeter
572 3738 757 3808 allectionem
781 3737 927 3816 quandam
949 3735 1070 3815 patitur.
1115 3735 1217 3813 ltaque
1233 3737 1259 3797 ai
1274 3735 1349 3796 Uni·

113 3901 162 3936 suo
181 3887 234 3934 loco
255 3879 308 3947 [lld.
327 3883 435 3932 Tom.ll.
454 3885 530 3945 petr.
549 3886 586 3934 ed.
605 3883 676 3947 lien]
762 3887 788 3936 ld
807 3895 844 3934 εει
861 3885 971 3934 Mundum
988 3901 1040 3934 uero
1053 3885 1174 3948 tripliciter
1192 3887 1284 3936 dicunt:
1298 3888 1352 3950 pri·

152 3953 170 4000 l.
188 3950 480 4001 Stoicorumeententlcm
495 3951 708 4014 sicerplicatlllo-
761 3969 798 4004 mc
817 3956 892 4015 iprum
910 3952 994 4012 dcem,
1022 3953 1143 4001 unirerroe
1167 3957 1280 4002 recentior
1296 3971 1352 4018 pro-

113 4035 191 4083 gener
209 4017 318 4067 taetrius
337 4015 360 4064 in
379 4015 485 4075 Zenone,
503 4025 575 4079 prout
593 4017 650 4078 legit
669 4018 709 4066 lu·
760 4021 838 4083 prium
855 4021 990 4080 effectores,
1011 4021 1050 4082 qui
1065 4034 1124 4078 gone
1138 4023 1291 4084 corruptionis
1310 4037 1352 4070 ec·

113 4097 170 4138 stus
182 4085 278 4149 Lipsius
297 4083 463 4146 Plrysiologire
478 4083 614 4133 Stoicorum
628 4083 668 4134 lib.
678 4084 709 4133 ll.
759 4100 815 4150 perr
833 4091 867 4134 ert
877 4092 899 4134 et
909 4087 1032 4148 inpertitur,
1041 4123 1044 4132 .
1053 4087 1142 4136 ordinis
1157 4095 1178 4136 et
1191 4089 1352 4152 dirporiltorrr'r

114 4152 284 4204 dissertettl.
298 4145 408 4215 λέγουσι
425 4144 455 4198 δὲ
472 4143 579 4216 κόσμον
596 4148 709 4228 ,τριχῶν
761 4167 838 4202 rernm
857 4154 944 4216 opifex,
962 4169 1006 4218 prr
1024 4160 1229 4218 certastemporcm
1241 4157 1352 4220 periodos

115 4213 204 4269 αὐτόν
222 4233 251 4268 τε
269 4213 318 4266 τὸν
335 4211 404 4267 θεὸν
421 4211 471 4264 τὸν
489 4215 537 4277 τῆς
548 4209 710 4277 &toffrevil-
761 4222 893 4272 retrusum
910 4223 936 4270 r'rr
961 4223 1061 4285 reipsum
1079 4224 1201 4272 absumens
1219 4227 1350 4284 eucratium,

115 4284 180 4340 σίας
198 4279 349 4341 wranerii,
375 4275 405 4338 ’ὃς
431 4279 463 4344 δὴ
483 4279 632 4352 ἄφθαρτός
648 4279 708 4336 terr
759 4291 887 4352 iterumque
905 4304 934 4337 ec
951 4291 1144 4367 reipcogigaeer.
1180 4291 1267 4340 Suidas
1281 4291 1353 4340 babet

114 4349 164 4403 καὶ
182 4345 336 4432 dyirvqror,
356 4347 523 4419 δημιουργὸς
538 4345 708 4414 ὢντῆςδεε-
759 4347 845 4410 θεὸν,
864 4349 978 4404 καὶτὸν
996 4347 1102 4415 dacum
1120 4365 1164 4407 etc.
1200 4356 1227 4406 ln
1247 4358 1351 4406 editione

115 4433 285 4486 κοσμησεως,
304 4416 374 4469 κατὰ
409 4416 599 4486 ρόνωνποιὰς
615 4417 707 4489 mpud-
761 4423 858 4472 lleurlci
883 4425 999 4487 Stcpbcoi
1025 4440 1046 4475 ε.
1066 4425 1139 4474 lbltl.
1165 4425 1281 4474 mendose
1308 4425 1351 4474 ba·

116 4485 183 4546 depr
191 4481 354 4538 ,ἀναλίσκων
371 4435 516 4542 sitrecte
533 4485 584 4550 τὴν
596 4481 708 4538 ἅπασαν
760 4491 831 4542 betur
845 4483 895 4538 τὸν
912 4484 941 4539 ἔκ
959 4489 1008 4550 τῆς
1026 4483 1133 4552 ἁπάσης
1150 4483 1245 4542 odctcr
1258 4483 1347 4548 ποιόν,

117 4547 230 4613 οὐσίαν,
255 4551 300 4606 καὶ
323 4550 405 4606 πάλιν
430 4551 459 4614 ἐξ
474 4551 573 4608 ἑαυτοῦ
589 4556 704 4624 yerrcir.
759 4558 796 4610 rel
815 4567 841 4610 ut
859 4559 884 4610 ic
901 4560 966 4609 uotis
984 4561 1126 4612 emendator
1138 4551 1215 4610 idiote
1231 4549 1322 4606 ποιόν.
