3236 5286
570 373 679 416 enarro
693 373 715 418 r.
731 373 846 418 cosm
860 374 997 420 smus.
1323 359 1386 426 288

160 525 191 588 id
212 525 249 588 de
271 540 305 586 se
327 530 481 584 assereret
502 529 587 584 etse
608 523 676 604 ipae
696 522 907 586 immutabilem
929 533 1056 588 testatur
1077 545 1154 600 esso,
1176 525 1315 606 idemque
1337 527 1474 588 di-r.tu.

160 625 296 688 dicentut
316 630 347 685 ot
366 625 545 698 confirmant
564 624 676 698 suncti,
703 625 765 687 imo
793 625 860 705 ipsa
880 625 935 688 Dei
963 626 1048 688 notio
1069 624 1129 686 boo
1148 625 1250 706 pietati
1271 645 1384 690 censo·

159 745 228 790 uum
252 743 321 788 esse
342 723 453 800 innuit,
487 724 567 787 uode
594 743 706 805 quaem
734 726 792 790 ista
820 725 981 788 commenti
1009 733 1081 787 suot
1101 725 1206 804 impii?
1249 728 1385 792 Profecto

159 827 209 891 illa
228 847 265 888 ex
287 826 376 890 corde
397 835 537 906 tanquam
560 845 595 888 ex
617 825 810 906 corruptione
831 833 1020 888 vomuerunt.

243 1133 296 1196 37.
340 1128 467 1204 Quando
488 1147 560 1191 vero
583 1125 691 1190 divinis
713 1125 841 1188 crucilia
859 1125 1019 1192 abutuntur
1040 1145 1134 1208 eaque
1147 1126 1186 1188 ad
1201 1143 1287 1190 suam
1302 1145 1388 1188 meu-

159 1244 216 1297 tem
238 1233 403 1296 adulterare
423 1231 496 1294 totis
517 1229 681 1292 moliuntur
701 1227 825 1304 viribus,
847 1211 972 1290 necesse
986 1237 1034 1292 eat
1049 1227 1109 1291 illis
1130 1229 1171 1292 itu
1192 1227 1388 1308 respondere,

159 1345 191 1398 ot
210 1336 382 1415 Scriptum
411 1333 594 1396 vindicemus
622 1330 711 1393 verba
739 1329 893 1410 palamque
914 1330 1072 1405 ludamus,
1099 1349 1134 1394 ea
1160 1329 1280 1410 quidem
1309 1339 1389 1392 recte

157 1455 250 1518 posse
270 1433 405 1515 intelligi,
428 1434 481 1498 sed
503 1433 572 1496 illos
593 1451 684 1513 prave
705 1429 828 1494 sentire.
870 1431 962 1494 Aiunt
982 1431 1071 1510 igitur
1091 1432 1128 1493 ab
1141 1431 1286 1512 Apostolo
1308 1431 1386 1494 scri·

155 1548 240 1622 ptum
263 1557 346 1602 esse:
369 1535 505 1618 Propter
525 1535 606 1617 quod
627 1543 655 1596 ct
676 1534 760 1596 lietu
784 1532 933 1596 multavit
954 1531 1042 1596 illum
1063 1543 1091 1596 et
1113 1535 1240 1598 doauoit
1260 1534 1310 1597 illi
1328 1553 1386 1598 eo·

155 1659 238 1712 meu,
268 1639 348 1722 quod
376 1648 421 1700 est
443 1655 540 1718 super
560 1654 648 1699 omer
674 1653 800 1706 nomes,
829 1646 865 1698 ut
891 1639 924 1696 te
950 1639 1071 1698 uomica
1097 1633 1167 1698 lesu
1196 1654 1281 1700 oeteo
1307 1655 1387 1718 perse

155 1744 302 1822 flectatur
324 1739 509 1808 coelestium,
532 1739 729 1798 terrestrium
751 1736 1004 1814 otiosorum,
1027 1743 1058 1796 et
1075 1735 1157 1816 apud
1178 1736 1285 1800 David:
1306 1737 1387 1802 Pro·

155 1855 266 1923 pterea
285 1845 378 1902 uuctt
401 1849 429 1899 te
450 1837 542 1907 ΒΜ,
564 1837 648 1898 Deua
671 1848 751 1907 tour,
775 1835 840 1900 oleo
864 1835 995 1900 loetitiae
1009 1857 1088 1918 prce
1106 1840 1300 1907 consortibus
1315 1843 1386 1902 tute.

157 1939 274 2002 Deinde
289 1947 330 2000 ut
351 1945 468 2000 acutum
489 1935 597 2016 aliquid
619 1945 789 1998 assumunt:
812 1935 865 2012 „Si
887 1937 997 2000 idcirco
1014 1939 1156 2018 exaltatus
1177 1948 1226 2002 est
1246 1938 1388 2020 gratiam
1430 1941 1437 1972 ³

162 2059 247 2121 „que
270 2038 383 2118 occepit
404 2047 433 2100 ct
453 2045 559 2101 unctm
582 2048 644 2112 eet,
673 2038 841 2100 mercedem
868 2038 958 2119 igitur
985 2041 1097 2120 recepit
1123 2059 1194 2104 suae
1216 2040 1386 2104 voluntatis.

159 2188 179 2217 ‚‚
189 2141 276 2216 Quod
301 2140 328 2202 si
350 2140 498 2204 voluntate
521 2141 590 2220 ogit,
612 2157 686 2202 saue
707 2139 858 2204 mutabilia
881 2148 930 2203 est
950 2147 1104 2204 naturae.“
1147 2142 1227 2206 llaec
1247 2161 1307 2205 nen
1330 2161 1385 2204 so·

36 2237 44 2256 '
156 2243 218 2306 lum
238 2242 340 2306 dicere
362 2241 415 2304 sod
438 2241 525 2304 cuum
549 2239 681 2304 scribere
702 2241 766 2303 ausi
790 2251 862 2304 sunt
883 2240 1029 2304 Eusebius
1052 2251 1083 2304 et
1101 2243 1201 2318 Arius,
1224 2245 1386 2326 eademque

156 2364 212 2427 per
234 2345 363 2408 medium
384 2345 481 2408 lerum
504 2343 654 2423 divulgare
676 2360 738 2404 uon
760 2349 903 2410 verentur
924 2361 1026 2404 eorum
1047 2344 1190 2415 assume,
1211 2363 1272 2408 neu
1287 2353 1385 2408 atten-

156 2448 260 2510 dentes
282 2453 420 2527 maetam
440 2444 576 2508 redoleat
603 2443 752 2504 insaniam
775 2442 946 2506 huiusmodi
968 2443 1086 2506 illorum
1108 2463 1220 2508 sermo.
1263 2445 1337 2507 Nam
1359 2445 1386 2507 ei

153 2550 235 2629 ipsa,
264 2567 339 2628 quae
360 2547 480 2619 babuit,
512 2563 629 2607 merces
659 2551 707 2604 est
727 2561 798 2606 suae
819 2545 996 2620 voluntatis,
1025 2565 1118 2626 eaque
1139 2565 1201 2608 nou
1223 2546 1386 2622 habuisset,

152 2648 209 2712 nisi
232 2647 393 2727 indigentis
417 2665 496 2725 opus
518 2644 717 2720 exhibuissem
740 2645 916 2726 igiturquia
939 2647 978 2708 eb
998 2665 1083 2709 suam
1098 2648 1237 2710 inuitem
1253 2647 1388 2721 vitaeque

153 2747 382 2827 sanctimoniam
403 2747 451 2807 illa
473 2752 521 2806 eet
542 2754 738 2820 consecutus,
760 2765 795 2808 ea
815 2756 941 2828 propter
961 2755 991 2808 ot
1011 2747 1103 2808 lilius
1125 2755 1156 2810 et
1176 2746 1257 2808 Deus
1279 2741 1473 2813 meriturus„

154 2848 253 2909 dictus
276 2853 333 2914 est,
354 2863 415 2906 non
437 2853 537 2906 autem
559 2863 645 2906 verus
666 2855 714 2907 eat
733 2847 825 2910 licus.
870 2847 959 2918 Quod
983 2845 1063 2908 euim
1085 2854 1192 2907 estex
1214 2845 1312 2924 ulique
1336 2861 1387 2904 se·

155 2945 289 3010 cundum
311 2951 461 3018 naturam,
488 2963 578 3006 verus
606 2953 652 3006 est
672 2947 758 3008 letus.
803 2947 854 3008 Sic
874 2946 959 3008 isaac
976 2946 1129 3019 Abrabae,
1157 2945 1268 3024 loaepb
1290 2942 1390 3006 lacobi

156 3054 188 3109 et
211 3043 357 3123 splendor
378 3043 452 3106 solis
473 3052 523 3105 ost
543 3043 633 3105 letus.
677 3045 735 3118 Qui
756 3064 827 3108 vero
851 3046 890 3106 oh
911 3045 1050 3106 virtutem
1073 3055 1103 3106 et
1129 3044 1251 3124 gratiam
1279 3063 1390 3108 nomeu

155 3145 211 3208 lilii
234 3153 471 3224 consequuntur,
501 3161 562 3205 non
591 3149 695 3208 natum
724 3146 777 3207 sed
807 3145 1011 3208 untummcuo
1033 3147 1126 3224 gratu
1153 3146 1229 3208 banc
1249 3164 1388 3226 accepere

154 3247 348 3327 dignitatem,
375 3245 482 3326 eliique
505 3245 629 3308 omniuo
652 3247 780 3310 suntab
804 3265 858 3320 eo,
887 3246 967 3327 quod
988 3246 1062 3326 ipsis
1090 3247 1192 3321 daturr
1220 3248 1385 3310 cuiusmodi

152 3356 225 3410 suut
246 3345 395 3423 homiues,
418 3347 468 3427 qui
485 3347 613 3428 Spiritus
636 3348 731 3410 suucti
752 3347 914 3428 participes
938 3349 1005 3410 tacti
1020 3357 1099 3422 suut,
1122 3348 1159 3410 de
1175 3347 1280 3428 quibus
1296 3349 1386 3412 etium
1417 3403 1421 3416 .

80 3521 83 3527 Ι
152 3447 239 3511 dicit:
262 3447 358 3510 Filios
379 3454 472 3530 prasi
490 3459 519 3512 ot
541 3449 687 3522 ccultum}
710 3453 773 3531 ipsi
791 3459 891 3513 uetere
912 3467 958 3511 me
979 3450 1170 3531 reptilanem.
1215 3449 1302 3512 Certe
1316 3451 1387 3530 quia

153 3568 213 3612 nou
235 3551 341 3612 uatum
363 3547 415 3610 lilii
438 3559 532 3624 eruut,
554 3549 665 3613 idcirco
688 3550 718 3611 in
739 3551 826 3631 peius
848 3549 969 3612 nouus
991 3549 1104 3612 ablatus
1127 3555 1176 3613 est
1191 3551 1333 3630 Spiritus,
1356 3559 1388 3613 et

153 3649 279 3712 abdicati
308 3657 392 3724 suut3
426 3669 503 3731 quos
532 3659 637 3714 tameo
660 3651 754 3726 idem,
788 3652 837 3732 qui
864 3651 950 3715 initio
978 3653 1037 3715 illis
1063 3651 1239 3714 huiusmodi
1261 3653 1386 3730 gratiam

153 3751 277 3832 largitus
300 3751 449 3827 ostbeus,
471 3753 658 3832 poenitentes
680 3753 788 3816 iterum
810 3754 955 3834 suscipiet
975 3753 1100 3832 luceque
1115 3751 1264 3830 impertito
1278 3771 1385 3816 morsus

154 3851 232 3914 filios
255 3870 310 3912 eos
332 3852 499 3932 appellabit.
856 3832 864 3847 ⁸

181 3969 272 4048 nd.,Sic
289 3971 388 4050 Snguer.
424 3971 454 4020 tt
477 3971 526 4030 alii,
543 3978 566 4020 et
589 3971 646 4022 editi
670 3965 746 4036 nond
831 3971 855 4020 b.
880 3969 980 4046 Seguer.
1003 3957 1074 4016 odric
1091 3953 1133 4028 ἦν.
1171 3967 1230 4047 ibid.
1249 3969 1311 4020 idem
1330 3983 1385 4022 curu

154 4033 378 4155 ‘⁹s“i'iiii².⁴'i.
402 4083 493 4164 usu
510 4102 635 4174 xpum.
672 4103 746 4154 rouo
799 4035 1109 4170 ltl.'‘?tl⁰o:bltli‘⁰·
1122 4036 1144 4086 ¹·
1162 4049 1212 4084 '⁰¹'
1231 4031 1405 4103 mm*

154 4179 209 4233 pou
235 4172 333 4223 Goblar.
358 4181 382 4222 et
404 4173 510 4223 Felclm.
531 4173 553 4223 l.
578 4165 625 4220 dui
649 4165 747 4242 upton
832 4171 848 4222 i.
877 4173 918 4222 Sic
937 4173 1035 4234 Seguer.
1055 4171 1127 4224 basil.
1144 4169 1267 4234 lnglicoc.
1287 4171 1384 4222 Gobler.

153 4233 251 4300 Aussid,
271 4234 318 4286 διὰ
336 4237 425 4290 τοῦτο.
602 4245 609 4254 ’
797 4239 853 4303 Rau.
873 4239 1059 4290 consterno.
1094 4241 1122 4290 lt
1139 4241 1195 4291 editi
1214 4233 1316 4304 ἔσχηκε.
1462 4290 1467 4301 ,

189 4306 205 4353 l.
230 4307 331 4368 Segoer.
351 4307 449 4358 Gobler.
473 4315 497 4360 et
520 4307 623 4358 l'eiclm.
644 4307 667 4358 1.
685 4299 745 4368 ἐστι
829 4309 852 4358 b.
871 4307 967 4360 Goblat.
991 4315 1015 4357 et
1038 4307 1141 4358 Felcltm.
1164 4308 1186 4356 l.
1203 4301 1273 4370 περί.
1310 4305 1385 4355 Paulo

155 4364 266 4426 πάντως
283 4383 306 4423 ct
325 4387 378 4424 mox
398 4367 525 4424 ἀλλὰκαὶ
555 4369 653 4454 primur.
680 4376 742 4426 Editi
796 4384 852 4440 post
869 4375 968 4437 Segoer.
987 4367 1016 4421 el
1032 4365 1178 4438 ἅνθρωποι
1194 4365 1265 4420 κατά
1282 4379 1327 4422 etc.
1356 4371 1386 4420 Et

154 4389 744 4510 rerostoliiicrlvdvrmcetrizaxuinpdim.
798 4457 851 4492 mor
869 4437 932 4509 περὶ
949 4425 1163 4502 dracilianum
1205 4439 1267 4488 Editi
1294 4447 1318 4490 et
1344 4437 1383 4486 olii

188 4519 210 4567 g.
236 4507 335 4570 Seguer.
359 4505 449 4575 μέσην
465 4503 516 4569 τὴν
533 4501 645 4580 ciycpdr.
681 4511 744 4562 Editi
796 4504 860 4577 περὶ
877 4493 917 4558 ὧν
933 4504 1031 4572 ἔλεγεν.

156 4577 180 4620 ct
198 4573 237 4623 alii
253 4571 341 4641 μέσην
358 4570 472 4642 ἀγοράν.
508 4605 516 4622 .
830 4579 847 4627 Ι.
867 4578 966 4638 Sernes.
984 4565 1060 4624 uicis
1077 4563 1182 4622 αὐτούς.
