3176 5304
48 316 54 383 i
648 347 823 392 rnssrsrro.
1315 341 1353 402 i'l

46 484 52 577 ‚¹
105 509 228 572 rentur,
251 499 288 560 in
310 497 359 560 his
376 497 412 559 ad
434 498 610 560 sententiam
633 499 775 562 ecelesiae
796 499 976 579 explicandis
1000 509 1031 561 et
1051 501 1244 566 defendendis
1268 503 1353 566 snm-

44 646 48 669 .
105 621 190 664 marn
215 601 299 664 nacti
323 607 426 661 essent
441 599 642 662 anctoritatem
664 610 752 681 atque
767 602 899 681 posteris
924 601 1138 682 exemplorum,
1160 625 1234 684 qnae
1251 605 1353 668 inrita-

42 744 46 757 .
104 711 232 773 matur,
252 702 409 763 unicomm
426 699 491 760 ioco
513 700 653 762 luissent.
697 701 767 764 iilos
783 703 862 764 enim
879 703 1053 782 plerosque,
1068 703 1258 768 Athanasium
1275 707 1352 781 dico,

36 838 43 907 q
101 804 279 875 Basiliam,
304 801 484 881 Gregorius,
513 801 651 881 Cyriiitrm
673 801 921 876 Alexandrinum,
952 803 1191 877 Tireodoreium,
1220 815 1351 868 extremo

34 940 39 987 q
100 905 179 967 locu
202 906 351 966 ioannem
366 903 590 978 Damascenum,
613 921 718 982 magna
732 904 892 986 reliquisse
908 923 1031 986 operum
1046 906 1208 979 volumina,
1230 925 1355 985 quorum

103 1007 268 1068 editiones
299 1003 437 1067 meliores
465 1012 590 1085 propter
618 1005 769 1066 raritatem
800 1014 828 1068 et
850 1007 955 1086 ingens
983 1007 1112 1088 pretium
1136 1007 1165 1068 in
1193 1024 1353 1086 paucorum

103 1127 224 1169 manus
249 1105 385 1167 veniant:
408 1107 437 1167 id
460 1107 540 1187 quod
556 1125 593 1168 eo
609 1107 702 1185 magis
718 1107 876 1170 dolendum
900 1118 957 1182 est,
981 1128 1040 1188 quo
1064 1109 1198 1188 digniora
1223 1109 1354 1170 babean-

106 1219 166 1270 tnr
187 1207 352 1288 praecipue
375 1207 538 1269 eorundem
562 1207 722 1289 opuscula,
745 1227 851 1290 qnaea
874 1210 1022 1289 theologis
1045 1210 1201 1291 diiigenter
1230 1227 1355 1272 versen-

106 1321 165 1371 tur
196 1323 229 1371 et
258 1317 488 1386 cognoscantur.
532 1309 605 1370 inde
637 1310 695 1370 iam
724 1309 932 1372 intellexerunt
963 1311 1109 1384 lectores,
1140 1311 1354 1374 bibliothecam

28 1400 30 1466 i
105 1421 256 1473 nostram
279 1409 401 1470 minime
432 1411 607 1489 colligendis
631 1411 771 1474 omnibus
794 1413 904 1473 veteris
934 1411 1077 1474 ecciesiae
1099 1430 1220 1491 graecae
1242 1429 1353 1475 monu-

26 1520 28 1551 r
109 1513 247 1584 mentis,
277 1511 438 1589 inquibus
468 1512 604 1590 dogmata
633 1513 800 1592 theologice
828 1520 1007 1588 tractentur,
1037 1513 1211 1576 destinatam
1235 1533 1302 1576 esse
1325 1521 1356 1576 et

108 1625 270 1696 paratam,
294 1611 347 1673 sed
368 1613 445 1674 intra
468 1615 613 1675 arctiores
642 1613 718 1674 fines
746 1613 907 1688 contineri,
936 1622 967 1675 ut
988 1615 1109 1676 nonnisi
1136 1616 1355 1696 praestantiora

110 1733 285 1795 paucorum
302 1713 444 1774 ecciesiae
460 1713 538 1775 iilius
555 1716 711 1776 doctorum
727 1715 836 1795 seriqrta
852 1717 888 1776 de
904 1717 1028 1777 summis
1045 1715 1199 1794 religionis
1214 1717 1353 1777 christia-

109 1835 173 1880 nae
197 1813 348 1896 mysteriis
371 1815 406 1876 ad
431 1833 495 1877 eam
518 1816 697 1895 pertineant.
740 1815 940 1878 [includentur
955 1817 1034 1878 enim
1050 1835 1110 1878 non
1134 1815 1234 1878 solum
1250 1835 1354 1878 omnes

113 1920 211 1980 trium
234 1917 370 1996 priorum
394 1915 581 1976 saeculorum
605 1923 704 1994 patres
719 1917 941 1996 scriptoresque
964 1917 1167 1992 ecclesiaslici,
1190 1916 1244 1979 sed
1267 1917 1354 1979 etiam

109 2021 208 2099 longe
229 2015 350 2099 plurimi
372 2017 558 2096 sequentium
582 2017 786 2092 saeculorum,
809 2035 936 2096 quorum
960 2017 1069 2098 scripta
1096 2028 1145 2079 aut
1167 2017 1272 2080 merito
1296 2037 1353 2080 suro

112 2123 270 2183 minorem
293 2117 403 2180 babent
424 2119 629 2182 auctoritatem
653 2128 683 2181 ct
705 2138 804 2193 usum,
828 2127 879 2179 ant
901 2118 931 2180 in
952 2117 1147 2180 Bibliothecis
1169 2127 1283 2199 patrum
1305 2120 1352 2182 rei

116 2221 283 2302 separatim
315 2219 359 2282 sic
390 2220 468 2283 edita
502 2231 583 2295 sunt,
606 2229 638 2283 ut
666 2241 743 2302 opus
765 2239 829 2282 non
862 2219 902 2280 sit
929 2223 1064 2284 ea'nnnc
1096 2219 1175 2301 typis
1205 2223 1351 2283 renovari.

114 2325 180 2385 Cur
199 2322 235 2383 ab
257 2323 322 2383 istis
344 2321 552 2386 abstinendum
577 2342 646 2386 esse
668 2341 854 2392 censeamus,
877 2321 924 2383 ria
940 2321 1221 2400 intelligentioribus
1236 2323 1351 2402 signill-

114 2424 246 2488 candnm
268 2423 392 2486 ridetur.
435 2423 581 2487 Nimirum
605 2426 641 2486 de
662 2423 817 2505 patribus,
834 2423 891 2503 qui
913 2433 981 2486 ants
1011 2423 1169 2486 concilium
1191 2423 1351 2489 Nicaenum

114 2527 301 2597 floruerunt,
330 2524 402 2586 satis
430 2526 585 2602 provisum
617 2533 678 2598 est,
709 2534 741 2588 ut
761 2545 800 2587 ne
823 2533 947 2604 propter
968 2525 1118 2587 raritatem
1142 2526 1353 2605 exemplarium

115 2625 321 2703 negligantur.
364 2624 396 2684 Si
417 2623 620 2704 Hippolytum,
642 2627 818 2700 Gregoriunr
842 2625 1095 2705 Thaumaturgum
1118 2636 1149 2689 et
1170 2625 1353 2687 iietbcdinm

117 2724 273 2801 excipias,
304 2721 421 2782 iliorum
450 2724 583 2784 omnium
606 2726 750 2787 editiones
780 2745 860 2787 nunc
887 2733 1005 2787 exstant
1028 2733 1057 2787 et
1078 2725 1151 2788 satis
1180 2725 1356 2788 emendatae

120 2824 353 2897 instructaeque
382 2827 411 2879 et
436 2818 555 2879 modico
589 2821 686 2896 pretio
716 2824 860 2900 emptoris
886 2825 1046 2903 parabiles.
1112 2825 1229 2904 Scripta
1257 2831 1355 2885 antem

117 2924 269 3006 pleraque
290 2927 406 2998 patrum
427 2917 609 2998 posterioris
632 2923 743 2995 aetads,
767 2939 841 3000 qnae
856 2923 933 2984 inter
954 2927 1052 2986 tontes
1067 2923 1236 3001 theologiae
1257 2923 1356 2984 bisto-

119 3027 203 3088 ricae
227 3022 401 3084 interiorem
422 3019 521 3082 iocum
545 3017 696 3094 obtinent,
725 3021 841 3082 ebamsi
869 3031 973 3090 nostra
1002 3025 1145 3084 memoria
1176 3042 1236 3084 non
1259 3025 1356 3085 denuo

119 3127 200 3188 edita
241 3123 302 3185 sint
336 3131 365 3184 et
395 3131 522 3202 propter
553 3121 700 3182 renalium
734 3121 937 3201 exemplorum
973 3123 1119 3184 raritatem
1152 3125 1276 3203 pretium
1300 3125 1356 3184 ha-

121 3229 227 3300 beant,
258 3241 319 3286 non
343 3231 440 3284 tamen
464 3239 647 3302 magnopere
668 3223 897 3297 desiderentur,
921 3223 1058 3302 quoniam
1085 3225 1204 3286 nonnisi
1220 3245 1235 3287 a
1250 3227 1352 3307 paucis

120 3327 195 3388 viris
225 3323 319 3385 doctis
350 3323 553 3403 attinguntur,
590 3343 716 3403 quomm
752 3324 859 3387 studiis
888 3323 1086 3403 singularibus
1115 3326 1293 3406 exemplaria
1321 3326 1352 3388 in

120 3426 309 3489 bibliothecis
332 3425 458 3505 publicis
472 3426 604 3504 reposita
622 3428 682 3488 iere
698 3426 860 3490 sufficiunt.
904 3427 1006 3506 ltaque
1021 3427 1050 3488 in
1066 3427 1238 3489 universum
1260 3436 1352 3507 patet,

27 3531 30 3552 ¹
122 3537 153 3590 et
180 3545 375 3608 quorumnam
405 3526 586 3606 scriptorum
615 3526 708 3589 libros
738 3537 769 3588 et
795 3528 959 3590 cuiusnam.
977 3529 1141 3607 argumenti
1171 3526 1352 3590 Bibliotheca

123 3630 345 3709 complectatur,
368 3627 457 3708 idque
479 3645 514 3689 ex
537 3647 602 3690 mea
626 3629 773 3692 sententia
804 3629 890 3692 etiarn
914 3629 944 3690 in
967 3629 1163 3710 inscriptione
1191 3628 1352 3691 indicatum

88 3715 93 3725 ¹
123 3739 181 3792 est.
224 3729 357 3810 Namque
370 3729 492 3790 nomine
511 3741 638 3810 potrum
653 3731 719 3792 iilos
742 3730 825 3792 solos
842 3731 1006 3810 appellatos
1021 3729 1111 3802 reiui,
1134 3729 1184 3809 qui
1201 3729 1230 3790 id
1246 3729 1353 3790 eximie

124 3839 277 3893 merentur
305 3830 388 3910 quasi
414 3838 554 3910 parentes
578 3841 608 3893 et
636 3842 773 3893 auctores
805 3833 954 3912 dogmatis
977 3831 1185 3892 ecclesiastici:
1208 3831 1353 3910 quemad-

124 3932 245 3994 modum
267 3932 297 3992 in
321 3931 444 3993 ecclesia
467 3949 570 4008 graeca
590 3931 779 4005 Athanasius,
801 3932 946 4005 iiasiiius,
968 3931 1130 4010 Gregorius
1151 3931 1353 3992 Nazianzenus

125 4043 210 4113 atque
241 4033 474 4114 Cirrpeostomns
505 4030 592 4092 titulo
621 4033 779 4095 doctorum
807 4033 948 4096 ecclesiae
977 4051 1048 4112 prae
1081 4033 1190 4094 ceteris
1218 4031 1353 4112 patribus

128 4143 274 4199 ornantur
296 4144 327 4198 et
347 4133 545 4208 celebrantur,
570 4142 656 4213 atque
672 4153 749 4196 unus
765 4133 942 4195 Athanasius
961 4145 1053 4215 pater
1069 4133 1270 4197 orthodoaioe
1290 4132 1353 4196 sire

126 4237 313 4299 orthodoxos
333 4237 407 4319 fidei
426 4235 591 4298 honorilice
612 4235 806 4316 praedicatur.
850 4235 918 4298 Pari
933 4235 1023 4297 modo
1039 4236 1126 4298 etiam
1143 4235 1223 4316 quod
1239 4233 1351 4296 biblio-

125 4339 239 4400 thecam
273 4337 350 4401 banc
383 4337 534 4400 nominari
566 4339 777 4419 dogmaticam,
809 4337 932 4415 intelligi
958 4336 1024 4398 roio
1048 4355 1083 4398 ex
1105 4335 1274 4416 angustiore
1297 4337 1353 4399 do-

127 4426 232 4518 pmo'tis
248 4440 382 4514 notione,
406 4440 566 4504 secundum
583 4459 669 4521 qnam
684 4438 789 4518 religio
812 4437 972 4500 christiana
994 4455 1055 4500 uno
1076 4445 1190 4499 tantum
1205 4437 1250 4498 rei
1274 4435 1352 4498 duo-

127 4539 180 4603 bus
202 4541 390 4623 dogmatibus
418 4541 476 4604 iliis
505 4539 542 4604 de
570 4541 758 4636 trinitateget
785 4539 990 4603 incarnatione
1019 4539 1066 4600 dei
1089 4538 1257 4601 continetur
1286 4545 1354 4598 ete

1133 4655 1150 4705 ii
