3212 5272
545 383 652 430 omero
667 384 688 427 r.
704 383 821 426 norrun
834 383 968 428 tuuuoe.
1309 374 1378 440 *m

141 544 267 620 innmnt
288 556 305 599 a
326 535 416 598 Patre
438 541 469 596 et
490 533 621 594 omniurn
645 532 782 612 opidoem
802 531 880 594 inter
911 533 1000 612 opera
1022 544 1189 598 numerent.
1233 537 1312 604 Sane
1330 542 1459 610 illim,

141 643 231 704 etiam
254 637 366 700 idcireo
390 633 578 696 damnatione
601 633 681 711 digni
704 633 829 706 tuerint,
863 633 942 712 quod
972 652 1037 696 urm
1066 635 1221 724 Fpisoopis
1249 639 1375 706 Nicaeae

140 739 331 822 eongregatis
353 735 470 820 urimini
493 735 564 796 dent
584 733 735 796 vocabulis
758 752 818 795 non
842 731 962 812 seriptis
986 752 1058 796 usos
1080 754 1159 810 esse,
1182 743 1299 806 mmetsi
1313 762 1375 806 ιοο

140 844 244 924 impiis
268 841 322 902 sed
345 839 448 920 potios
471 837 506 898 ad
529 836 646 900 iliorum
668 834 849 915 impietatem
872 836 1060 898 evertendam
1083 837 1235 916 aptissime
1257 844 1375 921 positio,

142 947 198 1026 ipsi
223 961 279 1006 sua
302 950 410 1022 sponte
432 937 556 1000 eaodem
578 957 639 998 non
661 936 797 998 dubitent
817 937 920 998 subire
935 935 1180 1012 criminationem,
1202 942 1272 1004 dum
1287 963 1375 1008 vooea

143 1065 204 1122 non
227 1044 356 1122 scriptas
380 1047 542 1119 usurpant,
565 1038 749 1120 convitiaque
772 1037 939 1116 excogitent
958 1037 1101 1100 adversus
1123 1039 1299 1116 Dominum,
1321 1063 1378 1110 neo

143 1167 177 1210 ea
197 1151 398 1226 cognoscunt,
421 1159 496 1220 quae
518 1141 574 1220 ipsi
597 1140 699 1202 dicunt
717 1135 750 1201 et
763 1148 946 1202 asseverant.
979 1140 1167 1221 interrogent
1180 1143 1280 1223 itaque
1296 1146 1377 1210 Geu-

51 1313 56 1324 ,
146 1250 228 1318 tiles,
259 1265 276 1308 a
299 1243 409 1324 quihus
431 1240 601 1302 huiusmodi
623 1241 753 1304 didicere
775 1241 936 1302 dictionem
965 1245 1134 1318 (nonenim
1158 1243 1377 1324 Soripurrarum

147 1349 199 1410 sed
225 1347 345 1408 iliorum
369 1324 426 1406 uox
447 1343 505 1437 ista
527 1351 726 1404 commentum
750 1351 823 1418 est),
853 1350 886 1404 ut
914 1343 1004 1406 variis
1027 1345 1098 1406 eius
1112 1344 1376 1423 significationibus

145 1449 257 1510 auditis
281 1445 462 1524 intelligant,
489 1463 522 1506 ae
546 1462 582 1506 ne
605 1443 642 1506 de
664 1443 711 1504 his
733 1443 868 1522 quidem,
898 1444 935 1505 de
964 1443 1071 1524 quibus
1100 1445 1267 1524 disserunt,
1295 1459 1377 1513 reete

146 1567 237 1610 nosse
265 1547 479 1624 interrogare*
512 1545 576 1624 Ego
604 1545 682 1606 enim
709 1555 833 1624 propter
862 1544 931 1606 ilios
960 1545 1049 1608 didiei
1077 1549 1277 1613 non-iaetum
1304 1551 1459 1628 dicium,

146 1651 224 1730 quod
247 1648 382 1709 noudum
404 1648 513 1707 tactum
536 1653 597 1719 est,
627 1645 681 1706 aed
709 1646 773 1708 deri
796 1633 912 1726 potest.
940 1655 971 1709 ut
998 1648 1126 1726 tignum,
1155 1651 1235 1727 quod
1256 1651 1376 1730 quidem

145 1751 280 1812 nondum
302 1749 412 1828 scapha
435 1749 628 1820 estfactum,
657 1747 710 1808 sed
732 1747 796 1810 tieri
818 1755 927 1827 potest
971 1749 1088 1812 Rursus
1111 1752 1298 1814 non-tootum
1322 1772 1376 1814 ro-

148 1859 227 1923 oant,
247 1849 329 1930 quod
351 1867 447 1928 neque
470 1849 577 1910 iactum
600 1855 647 1909 est
667 1865 764 1926 neque
787 1867 913 1929 unquam
934 1850 1000 1912 tieri
1022 1857 1132 1930 potest,
1159 1859 1193 1914 ut
1214 1851 1376 1931 triangulus

150 1951 367 2030 quadrangulus
400 1960 430 2012 et
451 1968 594 2012 numerus
616 1968 678 2028 par,
691 1949 795 2030 impar.
839 1951 901 2012 Neo
926 1951 1006 2014 enim
1036 1951 1200 2031 triangulus
1228 1953 1377 2032 quadran-

149 2052 241 2132 gulus
264 2071 388 2130 unquam
410 2051 475 2124 tuit,
498 2058 548 2114 aut
569 2053 699 2130 uuquadr
720 2054 837 2115 iuturus
859 2060 916 2124 est,
938 2071 995 2114 neo
1011 2053 1240 2116 itemnumerue
1254 2073 1309 2134 par
1322 2054 1379 2120 tuu
1449 2125 1454 2146 .

149 2154 196 2216 rei
220 2155 279 2216 erit
301 2172 425 2232 unquam
449 2153 554 2232 impar.
598 2153 753 2216 Praeterea
775 2154 883 2236 dioitdr
903 2156 1123 2227 oon-nuum,
1156 2155 1239 2238 quod
1258 2155 1377 2236 quidem

144 2256 262 2328 existit,
285 2255 338 2316 sed
360 2274 394 2316 ex
417 2254 499 2316 nulio
522 2260 570 2315 eet
587 2263 699 2327 natum,
721 2256 930 2334 neminemque
945 2275 1072 2336 prorsus
1088 2255 1134 2318 sui
1150 2266 1264 2334 patrem
1279 2257 1376 2322 habet.
1407 2307 1413 2321 ,

144 2356 285 2419 Asterius
306 2375 422 2435 quoque
446 2356 580 2434 sophista
602 2356 777 2418 veterrimus
806 2365 836 2418 et
861 2343 997 2420 haeresis
1024 2366 1169 2437 patronus
1196 2358 1228 2420 in
1253 2360 1377 2438 proprio

145 2459 294 2540 opuseotu
317 2458 438 2531 addidit,
463 2458 651 2520 non-tactum
674 2477 741 2520 esse
764 2458 805 2529 id,
828 2459 907 2536 quod
929 2477 992 2522 non
1014 2460 1199 2528 estfactum.
1223 2459 1277 2520 sed
1298 2460 1377 2539 quod

141 2579 267 2642 semper
288 2568 353 2621 est„-
393 2560 494 2638 ltaque
516 2576 644 2636 quonam
668 2577 759 2620 sensu
782 2579 884 2622 vocem
905 2579 967 2634 nnn
981 2560 1071 2622 -taoti
1093 2559 1300 2642 intelligerent,
1322 2578 1377 2640 ou·¹

142 2682 231 2725 oeose
255 2671 322 2722 erat
344 2679 399 2722 eos
421 2659 631 2738 interrogando
655 2641 866 2741 explicarent
886 2661 1022 2726 videlieet
1042 2662 1081 2736 is,
1104 2663 1155 2741 qui
1172 2659 1378 2736 interrogabu-

146 2772 211 2836 tur‚
233 2765 293 2836 rite
314 2770 423 2842 posset
441 2761 631 2842 respondere.
1217 2757 1222 2764 ”

245 2963 296 3026 31.
343 2960 467 3034 Quodsi
488 2982 521 3024 se
537 2970 617 3024 recte
638 2971 743 3041 putant
764 2962 949 3040 interrogare
972 2979 1041 3024 eum
1062 2960 1160 3020 aiunt:
1181 2957 1320 3022 Unumne
1334 2965 1382 3022 eet
1430 2965 1436 2980 ¹

159 3064 345 3124 non-tactum
366 3081 403 3124 an
424 3062 507 3126 duo?
529 3065 656 3144 primum
672 3063 791 3142 quidem
808 3069 841 3124 ut
854 3061 983 3141 imperiti
999 3059 1127 3122 audituri
1143 3066 1224 3132 sunt,
1246 3065 1275 3120 ot
1289 3058 1380 3120 multa

159 3172 191 3224 et
210 3163 282 3226 nihii
303 3183 385 3238 esse,
416 3165 541 3244 plurima
563 3166 700 3244 inquam,
728 3182 803 3242 quae
825 3182 895 3224 ease
917 3170 1061 3240 possunt,
1090 3159 1163 3222 nihil
1186 3177 1271 3232 vero,
1300 3160 1380 3240 quod

155 3265 223 3325 fieri
244 3284 301 3326 non
322 3275 422 3346 queat,
445 3267 692 3346 quemadmodum
715 3265 824 3327 dietum
848 3271 904 3324 est.
948 3263 1008 3324 Sed
1030 3263 1057 3324 si
1079 3271 1113 3326 ut
1131 3261 1250 3324 Asteria
1271 3262 1381 3343 placarit

151 3384 214 3426 non
237 3366 277 3439 id,
300 3369 379 3447 quod
403 3369 511 3430 iactum
535 3377 588 3441 est,
613 3367 666 3430 sed
689 3366 768 3446 qnod
791 3382 909 3443 semper
930 3371 986 3434 eet,
1009 3366 1209 3428 non-tactum
1232 3383 1316 3437 esse,
1338 3363 1383 3426 oie

153 3465 193 3528 itu·
215 3466 276 3528 hoo
297 3487 390 3530 sensu
413 3469 616 3548 interrogant,
639 3469 759 3530 audiant
780 3486 836 3530 neo
858 3465 950 3528 semel
974 3465 1027 3528 sed
1048 3467 1179 3550 saepius,
1203 3455 1308 3528 Fidum
1329 3483 1381 3528 se·

155 3568 283 3628 cundum
299 3569 383 3630 'hane
405 3569 859 3647 sigtriticationem'non·iaotum
880 3585 971 3648 posse
996 3567 1063 3629 diei.
1107 3567 1240 3646 Namque
1261 3584 1316 3628 neo
1338 3574 1384 3626 est
1489 3567 1493 3573 “

156 3777 215 3834 οὔτε
232 3778 289 3852 γάρ
309 3793 353 3836 ete.
391 3787 464 3836 ΡοοΙο
492 3797 547 3850 post
564 3791 663 3849 Sequor.
683 3780 746 3838 οὐδὲ
797 3790 858 3839 Editi
876 3787 972 3838 νοοῦσι
995 3783 1026 3837 τὸ
1046 3779 1204 3851 ἀγέννητον.
1242 3781 1385 3833 Feicitm.5.

157 3845 171 3898 d
189 3844 358 3917 ἅρτιος...;.
379 3845 441 3903 οὐδὲ
457 3845 561 3918 γένοιτ’
582 3849 624 3906 ἄν.
798 3858 855 3906 ibid.
875 3848 931 3904 ἔδει
949 3849 1192 3920 προσποιηθέντος.

188 3936 210 3981 q.
229 3926 329 3982 Sequor.
350 3924 447 3972 Gotder.
471 3933 494 3971 et
513 3917 657 3974 iutrimi.
685 3915 746 3987 ἆγέ-
831 3925 846 3972 i.
865 3924 963 3984 Sequor.
984 3913 1124 3986 ἀγένητον.
1158 3907 1386 3982 Editio’tthdm·

156 4001 239 4044 νοτσν
257 3997 280 4036 et
300 4003 353 4038 mon
369 3983 408 4054 μὴ
426 3985 550 4054 γονηθέν.
587 3993 648 4042 Editi
665 3999 688 4040 et
706 3993 746 4041 aiii
832 3989 854 4038 lt.
873 3991 914 4039 Sic
932 4005 989 4039 mss.
1010 3997 1105 4052 praeter
1124 3983 1279 4044 Pereunt,
1303 3985 1342 4048 qui
1362 3991 1388 4034 ot

158 4046 308 4118 ἀγέννητον
325 4064 348 4104 et
365 4050 403 4120 μὴ
421 4055 562 4122 γεννηθέν.
799 4058 855 4107 editi
875 4057 989 4106 mendose
1009 4057 1078 4105 trabat
1098 4045 1188 4122 ἤρεσε.
1219 4053 1388 4114 marsupon..

190 4125 214 4170 ¹¹·
233 4125 332 4180 Scitne?-
352 4128 555 4190 συνταγματίῳ.
591 4127 689 4175 entatu
707 4125 747 4174 eiii
798 4124 948 4182 desinenda,
966 4125 1068 4186 Angiio„
1088 4126 1184 4173 Gobier,
1205 4129 1228 4171 et
1246 4119 1349 4168 deletum.
1366 4118 1388 4168 1.

158 4183 337 4306 retortu·
367 4179 748 4322 attenuentur
800 4179 1054 4310 tutatuta
1076 4176 1390 4324 itur

180 4315 345 4404 duoeqdir,
375 4315 433 4374 ἀλλ’
454 4317 552 4378 ἀΐων.
589 4329 649 4378 Editi
669 4327 748 4378 eteiii
799 4321 933 4380 πολλάκις.
1257 4371 1260 4378 .

157 4337 244 4504 &aar
262 4389 414 4456 αγέννητον
431 4383 501 4444 εἶναι
519 4389 550 4443 τὸ
568 4391 606 4460 μὴ
622 4389 748 4454 ποιηθὲν,
835 4397 849 4444 Ι.
874 4397 1044 4458 δεοοεοῑοοοε,
1064 4395 1159 4455 Regino,
1176 4389 1325 4446 desideruis,
1343 4389 1391 4436 tn-

167 4447 175 4465 ¹
210 4449 340 4510 ’ἆεὶόν.
378 4464 437 4512 ibid.
458 4466 556 4526 tegerer.
576 4455 750 4524 uituperatio
800 4464 1036 4524 qiioanrrudoirter.
1056 4471 1079 4511 et
1097 4447 1391 4532 Fetetm.i.tiyirq1⁰f.

160 4525 240 4573 noeto
263 4523 365 4576 τοίνυν.
408 4531 469 4580 earu
492 4523 563 4580 κατὰ
585 4530 666 4578 ποῖον
693 4513 751 4580 οὖν.
801 4531 861 4580 satu
881 4522 1035 4594 aptemur.
1074 4530 1125 4578 nox
1144 4527 1271 4576 εοοιοοο
1294 4523 1317 4570 ο.
1335 4531 1393 4598 ιον

160 4591 218 4644 item
237 4596 337 4657 Sequor.
357 4595 415 4646 ibid.
438 4597 534 4647 νοοῦσι
557 4591 589 4646 τὸ
608 4591 750 4662 ἀγένητον.
799 4597 947 4662 γεννητῶν.
968 4592 1391 4652 uttietootuoeommutywuw·

197 4680 328 4744 tropeien
340 4693 392 4726 ore.
404 4695 475 4728 ouon.
490 4693 539 4726 eet.
1160 4675 1191 4724 ld
1236 4739 1245 4756 ,
