3094 5318
457 335 653 378 3313333313.
670 335 706 376 33
723 334 938 398 3333313333.1
1227 319 1287 382 815

144 495 205 556 21.
251 489 318 563 Quo
348 495 433 568 pacto
461 486 549 566 igitur
576 487 626 565 qui
655 485 721 546 13113
749 484 858 546 audent
884 491 1014 564 possunt
1040 483 1135 546 adhuc
1156 484 1286 548 Gentiles
1296 506 1372 550 nni.

24 595 215 669 incusare,
239 591 318 672 quod
340 589 419 652 idola
440 607 456 649 a
479 607 512 648 se
534 589 658 648 oonllata
679 586 752 646 deos
774 583 968 665 nuncupent?
1011 585 1095 648 Paria
1117 595 1187 647 sunt
1208 587 1370 652 enimnnn.

25 699 173 763 luorum
198 703 282 776 gesta
303 692 421 754 illorum
444 690 586 758 insaniae,
610 689 668 750 imo
691 689 767 750 torte
788 669 927 766 graviora
944 687 1134 748 sunthorum
1149 689 1288 764 facinora,

28 799 104 880 qui
132 799 212 872 licet
238 797 275 858 do
302 794 359 855 hoc
387 791 481 872 legem
503 790 685 869 acceperint,
712 807 767 868 per
794 788 867 867 legis
898 790 1167 867 transgressionem
1196 789 1289 854 Deum
1360 853 1372 877 ,

30 903 234 962 affecerunt
255 895 440 960 contumelio.
486 892 563 966 Quid
586 900 683 952 autem
705 890 755 970 qni
777 889 844 951 talia
866 889 1072 970 blasphemant
1094 892 1186 952 acturi
1209 901 1289 964 sunt,

37 1023 131 1064 cnm
162 1001 285 1064 Esaiam
312 997 489 1078 Prophetam
517 993 659 1072 legerint,
692 1002 720 1054 et
747 992 893 1054 audierint
915 992 1021 1054 Christi
1044 993 1185 1055 adventus
1207 995 1289 1074 signa

35 1107 136 1166 haec
160 1121 242 1179 esse,
265 1111 298 1162 ut
319 1099 413 1161 caecis
435 1098 529 1168 risus,
553 1094 663 1156 claudis
687 1071 820 1174 pressus,
842 1093 931 1154 mutis
950 1093 1076 1173 loquela,
1099 1096 1223 1157 mortuis
1238 1114 1288 1156 re-

39 1204 231 1276 surrectio,
254 1201 380 1281 leprosis
404 1199 515 1262 curatio
540 1193 695 1268 tribuatur,
718 1195 817 1258 surdis
839 1213 926 1256 aures
949 1194 1140 1274 aperiantur?
1177 1197 1288 1270 Quem-

42 1325 132 1366 nam
164 1305 273 1366 hornm
302 1309 451 1364 auctorem
474 1319 543 1362 osse
564 1296 687 1360 uolent?
732 1297 764 1358 Si
787 1297 865 1358 enim
885 1297 978 1358 heum
1001 1297 1113 1370 dicant,
1142 1317 1210 1360 sese
1231 1299 1289 1378 im·
1320 1361 1324 1371 ,

45 1407 191 1486 pietatis
214 1405 243 1467 in
266 1405 423 1468 Dominum
445 1409 615 1480 coarguent,
637 1419 705 1462 nam
728 1418 802 1479 qnae
822 1401 919 1462 lutura
940 1401 1126 1480 prospiciens
1143 1399 1290 1481 Propheta

45 1509 154 1583 dixit,
185 1507 261 1570 haec
286 1508 350 1587 ipsa
376 1523 519 1584 praesens
547 1504 612 1582 ipse
633 1501 777 1563 Dominus
800 1511 939 1580 operatus
963 1511 1024 1577 est;
1055 1501 1102 1582 sin
1132 1503 1290 1584 petulantia

47 1609 279 1690 praeoccupati
300 1609 398 1669 dicere
420 1605 528 1679 ausint,
552 1605 616 1684 ipsa
638 1621 755 1683 quoque
778 1603 808 1664 in
829 1603 999 1666 Beelzehule
1021 1607 1093 1666 lacta
1117 1623 1200 1680 esse,
1223 1623 1288 1666 me-

52 1721 116 1774 tuo
141 1731 182 1772 ne
205 1709 344 1790 paulatim
366 1709 397 1770 in
420 1707 599 1786 impietatem
621 1705 790 1786 progressi,
813 1705 863 1766 uhi
885 1704 1023 1784 legerint:
1056 1707 1131 1782 Quis
1155 1709 1234 1770 dedit
1258 1727 1289 1770 os

55 1815 188 1874 1133313·
195 1810 212 1872 P
254 1811 292 1874 n
315 1816 380 1894 quis
402 1811 571 1889 fabricatos
595 1821 639 1870 est
660 1819 776 1870 motum
798 1819 825 1870 et
847 1809 983 1880 surdum,
1006 1810 1151 1871 videntem
1173 1820 1201 1872 et
1223 1829 1291 1870 coe-

56 1912 163 1976 cum?
192 1923 223 1974 et
249 1913 295 1974 his
324 1911 447 1984 similla,
477 1910 658 1972 insanientes
687 1927 805 1970 rursum
835 1909 946 1983 dicant,
975 1909 1028 1970 has
1058 1929 1175 1990 quoque
1202 1929 1289 1970 voces

57 2015 255 2078 Beelzehulis
279 2033 355 2076 esse.
399 2013 471 2074 Nam
494 2012 540 2073 oui
563 2011 683 2091 gratiam
702 2010 830 2072 restituti
846 2010 925 2072 visus
940 2010 1083 2082 tribuunt,
1105 2011 1173 2074 huic
1188 2020 1217 2071 et
1231 2030 1291 2072 non

12 2195 13 2198 Ἴ
60 2118 192 2180 videndi
214 2136 331 2178 causam
354 2115 521 2177 adscribant
543 2123 677 2193 oportet3
709 2122 864 2192 utrumque
893 2111 969 2174 enim
999 2113 1035 2174 nh
1059 2113 1161 2174 eodem
1184 2114 1293 2174 loetum

11 2285 12 2290 γ
64 2240 139 2282 esse
162 2221 340 2282 declaratum
364 2227 420 2280 est.
465 2217 522 2290 Qui
545 2216 569 2276 si
592 2217 726 2294 prolecto
748 2215 822 2276 haec
843 2214 940 2275 dicere
957 2215 1063 2289 ausint,
1087 2216 1204 2276 tandem
1220 2233 1291 2276 een-

21 2401 23 2409 ?
64 2322 181 2384 sebunt
212 2323 357 2384 hnmanae
392 2329 512 2382 naturae
548 2318 730 2379 conditorem
765 2335 833 2378 esse
859 2315 1070 2378 Beelzehulem.
1122 2311 1291 2376 Conditoris

68 2425 181 2505 quippe
204 2433 260 2499 est,
283 2433 315 2485 ut
334 2411 385 2485 'res
407 2421 539 2483 conditas
561 2420 666 2482 haheat
688 2420 717 2480 in
740 2438 792 2480 sua
814 2427 970 2498 potestate.
1016 2418 1052 2478 Ut
1073 2415 1150 2478 euim
1172 2417 1290 2500 hloyses

12 2533 15 2543 “
72 2525 161 2587 dixit:
184 2527 223 2588 13
242 2529 394 2606 principio
416 2527 488 2604 feeit
511 2523 594 2585 11333
617 2521 730 2584 coelom
752 2533 781 2584 ot
803 2535 927 2590 terram,
951 2529 979 2580 ot
1001 2521 1041 2582 od
1061 2523 1217 2612 r'mopioem
1236 2520 1294 2582 De·
1330 2555 1336 2578 t

13 2620 19 2629 ”
74 2627 149 2703 fecit
169 2625 249 2688 11333
273 2626 428 2702 hominem,
451 2627 490 2687 ita
512 2613 629 2704 quoque
642 2623 744 2685 Daniel
766 2623 857 2684 libere
872 2622 991 2684 Darium
1009 2621 1115 2682 allatus
1138 2631 1199 2683 est:
1223 2622 1293 2683 Non

75 2744 207 2788 veneror
227 2727 309 2790 idolo
330 2729 521 2808 monrosooto,
545 2727 596 2788 sed
617 2730 764 2787 viventem
785 2726 898 2795 Derim,
923 2727 975 2804 qui
995 2727 1109 2784 creauit
1132 2723 1244 2786 coelum
1265 2734 1293 2784 et

10 2822 26 2834 ”
78 2842 194 2892 terram
215 2840 244 2890 et
266 2828 351 2890 lohet
371 2839 548 2907 potestatem
570 2831 665 2889 otonis
689 2830 810 2900 eornis3
832 2824 888 2885 nisi
911 2841 1016 2884 rursus
1039 2833 1149 2886 mutata
1170 2833 1292 2886 senten-

79 2930 118 2990 tia
140 2929 275 3004 dixerint,
298 2929 476 3004 caecitatem,
499 2929 740 2992 claudicationem
762 2945 797 2986 ac
818 2935 932 2988 caetera
953 2926 1088 3006 corporis
1104 2926 1171 2988 uitia
1187 2945 1203 2987 a
1219 2945 1292 2988 con-

10 3013 23 3056 '.
80 3031 182 3093 ditoris
205 3031 393 3109 correptione
420 3031 583 3110 proticisci,
611 3038 642 3090 at
668 3030 775 3089 horum
804 3029 983 3090 curationem
1012 3037 1041 3091 et
1069 3047 1138 3107 erga
1164 3029 1221 3090 hos
1244 3030 1294 3108 qui

19 3128 25 3142 '
81 3133 246 3212 affliguntur
266 3132 488 3194 beneficentiam
511 3151 527 3194 a
549 3127 720 3192 Beelzehule
742 3129 895 3208 praestari.
940 3129 1047 3192 l'erum
1069 3130 1142 3192 haec
1163 3131 1206 3191 rel
1229 3130 1292 3191 dis-

10 3221 12 3268 ?
80 3234 193 3314 qrdrere
214 3235 296 3296 valdo
318 3235 455 3297 insanum
479 3241 540 3306 est·,
562 3231 721 3294 furentium
744 3231 820 3292 enim
844 3241 873 3293 et
893 3231 1048 3312 plusquam
1065 3241 1164 3294 mente
1187 3241 1290 3313 capto·

10 3343 12 3354 ’
80 3355 144 3398 rum
166 3345 210 3400 est
230 3331 406 3416 impiissima
429 3335 574 3398 eiusmodi
597 3331 836 3413 stultiloqnentia.
861 3333 914 3396 'ln
943 3354 976 3395 eo
1003 3334 1148 3414 siquidem
1171 3353 1291 3416 coropa-

80 3439 188 3500 rotione
209 3440 325 3518 potiora
347 3457 407 3499 non
428 3437 501 3511 lieo,
525 3437 577 3498 sed
591 3435 757 3498 Beelzehuli
779 3435 948 3498 adscribunt
968 3437 1075 3499 insani.
1095 3515 1098 3520 1
1119 3435 1197 3498 Nihil
1213 3438 1292 3499 enim

83 3548 177 3602 curant
191 3541 353 3603 divinarum
369 3539 586 3620 Scripturarunr
602 3538 737 3617 dogmata
752 3537 936 3614 labefactare,
951 3539 1040 3600 modo
1057 3547 1165 3618 negent
1181 3537 1292 3602 Christi

83 3641 236 3704 adventum.

116 3827 138 3876 h.
155 3827 247 3876 Gohler.
275 3835 298 3875 et
322 3825 426 3875 Felekm.
451 3827 471 3875 l.
498 3819 657 3878 ἀνάστασιν,
711 3827 806 3876 Gohlor.
827 3836 849 3875 et
867 3827 971 3876 felclrn.
993 3828 1013 3876 1.
1034 3822 1197 3892 γενομένων.
1233 3827 1294 3877 Editi

10 3933 12 3940 .
87 3888 128 3942 καὶ
143 3887 175 3940 τὰ
190 3887 286 3949 horuch·
303 3877 359 3957 nipe
375 3886 430 3959 γὰρ
447 3887 500 3943 καί.
536 3893 660 3955 11133331
710 3901 734 3940 et
752 3895 823 3943 ceteri
840 3889 1001 3958 γινομένων,

87 3955 225 4028 θεραπείαν
248 3963 316 4010 deest
340 3955 387 4006 καί
405 3961 427 4008 13
446 3961 502 4024 lleg,
521 3969 544 4008 31
561 3963 659 4021 Segner.
743 3975 765 4022 g.
785 3963 921 4012 Gohlerino.
941 3969 964 4010 et
981 3961 1085 4010 Felclm.
1106 3962 1126 4010 1.
1146 3955 1233 4027 φησίν
1249 3979 1294 4028 pro

10 4057 12 4070 1
121 4045 139 4077 3.
155 4031 207 4090 lleg.
225 4037 249 4077 et
266 4030 365 4089 Seguer.
390 4027 435 4076 soli
459 4021 571 4090 βλέπων.
607 4027 658 4076 1131
709 4019 801 4090 λέγων.

10 4143 12 4156 ,
89 4095 402 4158 11138133333113131131
425 4093 659 4159 1311333133·
744 4091 1104 4163 13.1133.31833331.καριάι
1148 4099 1295 4164 1133133331

90 4157 172 4224 unipes
187 4163 275 4214 habent
292 4153 326 4210 ἄν
338 4178 383 4228 pro
401 4154 457 4212 idn.
709 4165 808 4226 Segner.
828 4178 874 4212 noo
894 4165 965 4214 hahet
981 4159 1016 4228 μέ
1033 4201 1039 4214 .

121 4233 141 4282 d.
156 4234 208 4296 ling.
233 4241 258 4281 ot
274 4231 372 4310 Sequor.
390 4225 524 4295 λέγεσθαι.
566 4231 662 4282 Gohler.
747 4235 762 4281 i.
783 4232 877 4286 Gohler.
897 4241 920 4282 et
936 4231 1039 4283 Felelun.
1051 4233 1072 4283 1.
1083 4233 1120 4286 313
1129 4233 1218 4284 hahent
1230 4233 1295 4286 hono

93 4311 114 4352 et
128 4301 223 4352 Felolnr.
243 4301 264 4350 l.
287 4299 415 4364 γινεσθαι
431 4295 565 4364 λέγεσθαι.
600 4299 662 4349 noio
713 4299 807 4352 locum:
825 4291 919 4360 εὔηθές
928 4293 1003 4349 ἔστιν
1013 4291 1028 4362 ἦ
1040 4293 1151 4362 τοιαύτη
1160 4295 1215 4368 γὰρ
1223 4295 1293 4368 μετὰ

92 4378 113 4422 et
129 4369 162 4420 alii
179 4369 266 4420 rectius
282 4361 410 4433 γίνεσθαι
427 4377 526 4418 tautum.
712 4358 1001 4435 ἀσεβείαςμωραλαγία
1009 4366 1186 4452 μαινομένων
1193 4365 1294 4420 καὶπα-

124 4453 142 4487 e.
157 4432 197 4486 καὶ
214 4433 348 4501 βλέποντα
364 4438 421 4499 lies.
440 4445 463 4486 et
481 4437 579 4500 sepner.
712 4429 1000 4503 ρεξεστηκόιωνὶατέν,
1018 4429 1106 4504 inpio
1119 4432 1293 4495 1133133133

124 4505 138 4554 1.
153 4506 244 4566 sooner.
263 4506 361 4558 Gohlor.
379 4513 402 4556 et
421 4505 560 4556 13131331.
578 4503 659 4553 ταῦτα
711 4508 816 4556 omissis.
851 4508 908 4556 Post
924 4501 1162 4573 παρνξεστηκόταν
1179 4508 1235 4558 edit.
1249 4507 1293 4557 m·

96 4565 341 4636 γάρ,31133313313.
376 4573 658 4670 11331113833333133.
710 4575 751 4626 ris.
770 4567 960 4640 3333131313
978 4567 1060 4625 ἐστίν.
1157 4587 1160 4594 ·
