3250 5292
78 379 84 390 ·
128 385 133 396 ·
191 405 195 408 -
240 347 316 422 444-
645 373 671 418 τ.
685 372 842 418 amun
854 373 1079 422 τιοττιντοαοττ

154 521 361 610 ε.ιιτ.σαρκός
382 519 430 600 εἰς
450 515 556 608 ἀνδρα
576 521 705 589 τίίκιον
723 519 1012 608 καταντήσαντεςῑ)
1034 518 1204 592 ἀθάνατοι
1223 528 1279 592 καί
1293 523 1476 614 ἄφθαρτοι

240 619 470 708 όιαμείνωμεν.

326 731 375 792 75.
424 722 472 790 Τό
494 723 531 790 δὲ
552 720 621 808 πρό
641 725 702 788 τοῦ
724 721 846 802 αἰιῦνος
866 726 922 791 καί
944 722 1013 809 πρό
1033 728 1094 792 τοῦ
1108 725 1241 814 τῆνγῆν
1256 730 1471 813 ποιῆσαικαὶ

239 825 307 912 πρὸ
328 827 388 892 τοῦ
411 820 470 909 ἀρη
494 821 731 909 όδρασθῆναθ)
744 825 1109 912 μήδίνα·ταραττέτω·
1131 825 1359 914 πόνογάρκαί
1368 830 1471 896 τοῦτο

82 982 87 994 .
238 927 348 1003 καλῶς
379 926 508 1012 συνῆψε
539 926 586 1010 τῷ
615 922 819 1009 ἐθεμελίωσε
845 928 900 992 καί
926 929 974 1014 τῷ
1003 927 1119 995 ἔκτισε.
1162 931 1261 995 τοῦτο
1282 927 1344 1016 γάρ
1366 929 1471 998 πάλιν

129 1033 136 1049 “
239 1029 298 1114 τῆς
318 1024 402 1094 κατὰ
423 1023 529 1112 σάρκα
550 1024 740 1108 οἰκονομίας
761 1021 915 1094 ἅπτεται.
951 1023 973 1113 ή
994 1029 1057 1114 γάρ
1079 1029 1173 1118 παρὰ
1185 1033 1246 1096 τοῦ
1262 1034 1409 1121 σωτῆρος
1421 1029 1471 1112 εἰς

239 1121 327 1216 ῆμάς
348 1131 503 1213 γενομένη
523 1123 619 1209 WB
641 1123 718 1212 ἄρτι
737 1128 799 1210 μὲν
822 1126 990 1216 ἐπεφάνη,
1014 1125 1175 1208 ιόςέἰττεν
1196 1126 1216 1196 ό
1237 1126 1467 1212 ἀπόστολυς’),

239 1230 294 1296 καί
315 1233 446 1315 γέγονεν
468 1225 734 1314 ἐπιδημήσαντος
755 1223 867 1308 αάτοῦ,
890 1236 1141 1318 προήτοίμαστο
1163 1231 1201 1296 δὲ
1221 1227 1304 1319 αῦτη
1319 1235 1373 1318 καί
1389 1234 1470 1319 πρίν

240 1335 400 1416 γενέσθαι
427 1324 528 1415 ἡμᾶς,
552 1328 696 1412 Ιιμῦλλον
724 1329 761 1395 δὲ
787 1328 846 1396 καὶ
872 1329 942 1416 πρὸ
968 1333 1026 1416 τῆς
1045 1331 1230 1416 καταβολῆς
1251 1336 1311 1398 τοῦ
1333 1334 1469 1418 κόσμου.

154 1433 295 1500 ποτικοί
323 1427 343 1517 ή
372 1430 465 1498 αἰτία
489 1426 612 1517 χρηστή
639 1432 694 1496 καί
720 1429 901 1518 θαυμαστή
928 1429 1003 1509 πώς
1029 1429 1128 1498 ἐστιν.
1170 1425 1232 1497 οῦκ
1259 1432 1389 1518 ἔπρεπε
1408 1433 1470 1502 τόν

239 1530 323 1600 θεόν
345 1527 483 1616 ῦστερον
504 1529 584 1617 περὶ
603 1525 697 1616 ῆμιῦν
717 1529 948 1616 βουλαόισθαι,
972 1531 1028 1598 ἵνα
1048 1528 1093 1618 μῆ
1116 1525 1162 1610 ὥς
1183 1525 1317 1618 ἀγνοοῦν,
1330 1531 1374 1598 τά
1384 1530 1465 1600 καθ’

239 1628 326 1721 ῆμάς
353 1638 522 1720 φαίνηται.
569 1631 686 1712 κτίζων
712 1637 824 1700 τοίνυν
849 1627 936 1720 ἡμᾶς
962 1631 1021 1700 διὰ
1045 1635 1104 1700 τοῦ
1127 1633 1214 1700 ἰδίου
1236 1632 1333 1718 λόγου
1356 1628 1375 1698 ό
1395 1635 1465 1699 τῶν

130 1821 140 1828 -
240 1729 327 1804 όλιον
348 1733 431 1813 θεὸς
451 1733 508 1802 καὶ
529 1731 626 1812 εἰδὼς
646 1732 689 1800 τὰ
709 1727 801 1820 ῆμιῦν
822 1728 908 1822 ῦπλρ
922 1731 1019 1824 ῆμάς,
1042 1734 1276 1822 προγινώσκων
1289 1759 1326 1801 τε
1339 1729 1467 1800 ότικαυ

240 1833 295 1906 λοί
315 1835 486 1923 γενόμενοι
506 1830 644 1922 ῦστερον
665 1831 861 1920 παραβάται
882 1839 942 1924 τῆς
964 1836 1097 1921 ἐντολῆς
1118 1834 1268 1919 ἐσόμεθα
1287 1837 1343 1902 καί
1358 1833 1395 1904 zu
1407 1834 1467 1900 τοῦ

240 1938 447 2026 παραδείσου
468 1933 749 2022 ἰκβληθησόμεθα
770 1933 923 2025 εδιόντῆν
945 1934 1128 2025 παρακοήν,
1152 1935 1397 2024 φιλάνθρωπος
1413 1936 1470 2002 καὶ

241 2033 372 2124 ἀγαθός
400 2032 447 2104 ιῦν
474 2035 712 2123 προετοιμάζιι
733 2036 787 2103 ιἐν
814 2039 862 2122 τῷ
892 2037 968 2122 ἰδίῳ
997 2036 1100 2124 λόγῳ,
1135 2032 1183 2104 δι’
1205 2025 1245 2104 οῦ
1264 2038 1321 2104 καί
1344 2035 1470 2104 buon

240 2133 336 2224 ῆμάς,
364 2135 423 2224 τήν
452 2139 530 2223 περὶ
556 2140 616 2225 τῆς
637 2145 802 2222 σωτηρίας
821 2131 914 2222 ῆμιῦν
936 2137 1146 2222 οἰκονομίαν,
1181 2137 1239 2204 ἵνα
1258 2131 1319 2225 κῆεν
1341 2131 1472 2224 ἀπατη-

241 2241 359 2315 θίντες
379 2236 475 2324 παρά
494 2240 554 2304 τοῦ
570 2235 681 2326 ὄφεως
699 2239 898 2322 όκπίσανμεν,
913 2235 959 2326 μῆ
974 2238 1087 2304 τέλεον
1102 2231 1336 2322 ἀπομείνωμεν
1351 2244 1470 2324 νεκροί,

242 2333 312 2406 ἀλλ’
337 2337 464 2422 ἔχοντες
491 2337 527 2406 ἰν
553 2338 710 2426 τῷλόγῳ
732 2339 792 2428 τῆν
813 2343 1125 2428 προητοιμασμένον
1146 2334 1227 2424 ἡμῖν
1249 2338 1414 2425 λότρωσίν
1433 2363 1472 2406 τι

146 2479 147 2482 ¹
241 2442 296 2508 καί
319 2445 485 2526 σωτηρίαν
506 2438 610 2506 πάλιν
632 2434 833 2520 ἀναστάντες
856 2435 1026 2509 ἀθάνατοι
1045 2440 1282 2522 ἀναμείνωμεν,
1307 2436 1388 2508 όταν
1410 2434 1472 2507 αῦ-

240 2541 300 2622 τὸς
320 2537 405 2628 ῦπόρ
426 2536 519 2629 ῆμιῦν
542 2536 621 2628 ἀρχή
643 2543 710 2608 τιῦν
731 2536 820 2608 όδῶν
841 2545 975 2630 κτισθῆ,
997 2544 1051 2607 καί
1067 2536 1086 2606 ό
1100 2539 1314 2626 πρωτότοκος
1326 2545 1387 2629 τῆς
1401 2547 1473 2608 κτί-
1602 2542 1605 2550 ’

242 2665 328 2724 στας
348 2649 481 2732 γένηται
501 2643 714 2730 πρωτότοκος
735 2636 899 2730 ἀδελφῶν,
923 2646 978 2711 καί
991 2637 1100 2722 αῦτός
1121 2637 1252 2728 ἀπαρχὴ
1266 2645 1334 2710 τῶν
1350 2645 1472 2730 καροῦν

243 2743 379 2834 ἀναστῇ.
416 2749 516 2814 τοῦτο
537 2745 673 2824 Παῦλος
693 2739 730 2808 ’ὃ
757 2742 920 2828 μωιάριος
941 2740 1132 2822 ἀπόστολος
1152 2742 1289 2831 γράφων
1310 2743 1471 2812 διδάσκει.

241 2847 282 2914 τό
309 2847 372 2935 γάρ
400 2847 434 2915 ἰν
455 2857 531 2926 ταῖς
552 2851 751 2933 παροιμίαις
770 2843 840 2931 πρὸ
861 2847 921 2911 τοῦ
944 2845 1066 2924 αἰιῦνσς
1086 2847 1141 2932 καί
1163 2843 1230 2932 πρό
1251 2847 1311 2912 τοῦ
1332 2844 1392 2933 τήν
1412 2847 1472 2932 γῆν

241 2955 402 3036 γενέσθαι
431 2947 650 3038 διερμηνεόων
676 2943 765 3016 οῦτω
794 2947 876 3035 φησί
904 2943 992 3033 πρὸς
1012 2947 1072 3030 μὲν
1097 2945 1283 3031 Τιμόθεον·
1313 2969 1472 3032 συγκονιο-

243 3052 404 3140 πάθήσον
430 3053 478 3138 τῷ
509 3047 700 3140 εῦαγγελίρῐ,
734 3048 819 3118 κατὰ
845 3046 985 3133 δύναμιν
1006 3050 1091 3116 θεοῦ
1112 3051 1172 3114 τοῦ
1194 3046 1365 3126 σώσαντος
1384 3043 1480 3135 ἡμᾶς

180 3159 184 3166 ’
242 3155 298 3218 καλ
325 3155 523 3232 καλέσαντος
543 3154 657 3242 κλήσει
679 3149 772 3242 ἁγίᾳ,
801 3145 855 3219 λοῦ
878 3148 1025 3220 κατὰτὰ
1046 3149 1124 3236 ἔργα
1145 3145 1252 3236 ἡμῶν,
1282 3144 1368 3216 ἀλλὰ
1388 3147 1472 3216 κατὰ

241 3247 302 3335 τῆν
329 3252 419 3318 ἰδίαν
446 3252 615 3338 πρόθεσιν
639 3257 694 3322 καί
715 3254 812 3339 χάριν
833 3252 892 3342 τὴν
914 3253 1078 3325 δοθεῖσαν
1097 3247 1178 3338 ἡμῖν
1198 3250 1233 3318 ἰν
1255 3253 1393 3338 Χριστῷ
1411 3246 1472 3337 ’ἰῆ-

242 3351 305 3418 αοῦ
333 3349 401 3435 πρό
428 3351 554 3436 χρόνων
582 3354 742 3433 αἰωνίων,
771 3360 1028 3440 φανερωθεῖσαν
1051 3355 1088 3420 δί
1109 3356 1167 3420 νῦν
1189 3352 1246 3420 διὰ
1266 3355 1324 3440 τῆς
1344 3351 1473 3438 ἀπιφα·

243 3456 334 3529 νείας
359 3455 419 3518 τοῦ
441 3453 591 3536 σωτῆρος
610 3448 704 3536 ήμῶν
723 3447 826 3538 ’ίήσοῦ
849 3455 1016 3535 Χριστοῦ,
1044 3453 1309 3541 καταργήσαντος
1328 3453 1387 3536 μὲν
1407 3450 1469 3518 τόν

241 3548 402 3630 θάνατον,
426 3554 635 3637 φωτίσαντος
657 3550 694 3618 δὲ
715 3549 792 3638 Ιτῆν
815 3549 939 3636 ζωήν*),
963 3551 1049 3637 πρὸς
1064 3554 1100 3620 δὲ
1115 3555 1193 3634 τοῦς
1211 3551 1392 3644 Ἐφεσίους·
1416 3547 1471 3621 τό·

242 3651 381 3740 λογητός
401 3648 420 3718 ό
442 3647 526 3729 θεός
546 3652 601 3716 καί
623 3649 733 3736 πατὴρ
754 3654 813 3717 τοῦ
835 3656 953 3738 κυρίου
973 3648 1068 3740 ἡμῶν
1079 3649 1183 3741 Ἰησοῦ
1198 3659 1358 3744 Χριστοῦ,
1382 3649 1472 3723 δεό-

243 3753 385 3841 λογήσας
406 3749 493 3843 ῆμάς
514 3751 548 3821 ἰν
570 3749 663 3839 πάσῃ
687 3745 819 3839 εῦλογίρ
841 3756 1045 3842 πνευματική
1068 3754 1102 3821 ἐν
1117 3765 1190 3836 τοῖς
1205 3753 1418 3845 ἐπουρανίοις
1435 3755 1470 3821 ἰν

243 3859 382 3944 Χριστῷ
404 3853 540 3946 ΙΙἸησοῦ,
569 3851 685 3936 καθὼς
713 3853 881 3936 ἐξελέξατο
907 3850 995 3942 ῆμόις
1024 3854 1058 3922 ἰν
1088 3850 1177 3946 αὐτῷ
1200 3858 1268 3947 πρό
1290 3856 1472 3944 καταβολῆς

243 3955 384 4042 κόσμου,
414 3953 500 4027 είναι
527 3953 613 4045 ῆμάς
642 3952 756 4044 άγίοος
777 3955 834 4024 καὶ
855 3954 1013 4044 ἀμώμους
1033 3954 1102 4028 κατ’
1128 3959 1273 4028 ἐνώπιον
1295 3955 1412 4040 αότοῦ,
1436 3957 1470 4025 ἰν

314 4181 339 4242 ι)
357 4162 446 4245 ομιτ.
464 4181 489 4239 ι,
508 4181 548 4232 ιο.
600 4181 711 4241 οντων.
731 4179 875 4242 mm.
928 4183 954 4244 ο)
973 4182 1017 4232 το.
1037 4180 1061 4242 υ,
1082 4181 1121 4230 τι.
1168 4180 1237 4239 ον.
1257 4183 1318 4254 τεο.
1340 4176 1479 4244 κεν-ιο.

279 4331 303 4366 ι.
320 4315 411 4378 ΔαςΙὶτ.
430 4308 536 4380 μιδίνα
557 4308 645 4380 μηδὲν
663 4310 829 4380 ταραττέτω.
885 4327 943 4364 αττ.
959 4307 1064 4378 μᾶλλον
1082 4307 1113 4360 δὲ
1128 4305 1174 4358 καί
1190 4304 1245 4379 πρό
1263 4321 1309 4362 ete.
1344 4311 1406 4363 lbid.
1425 4316 1474 4368 So-

244 4386 320 4436 Ρντίο
338 4393 394 4449 post
411 4383 511 4445 seguer.
523 4387 548 4432 εἰ
565 4381 670 4430 Felnkm.
688 4384 712 4432 4.
730 4377 777 4432 καί
793 4383 833 4448 τῷ
884 4395 950 4445 ςυστ.
968 4379 1066 4430 Gobler.
1084 4377 1188 4428 Felckn.
1199 4379 1222 4427 1.
1234 4387 1258 4428 ετ
1276 4379 1299 4428 ί.
1317 4373 1372 4446 πρὸ
1389 4391 1476 4432 κατα·
1604 4381 1605 4406 ³

243 4445 340 4502 ἔκτισε.
377 4451 421 4502 Alii
441 4456 464 4499 ει
481 4449 538 4498 editi
555 4443 601 4498 καί
616 4439 711 4499 ἔκτισε.
882 4443 969 4512 βολῆς.
1005 4445 1067 4496 Εόίίί
1081 4443 1154 4494 otalii
1172 4438 1227 4510 πρὸ
1246 4444 1294 4506 τῆς
1309 4443 1473 4511 καταβολῆς.

278 4521 302 4569 b.
322 4521 408 4582 λεςίαν
430 4511 536 4584 μᾶλλον
552 4510 583 4565 δὲ
598 4509 653 4582 πρό
672 4525 717 4568 etc.
753 4518 832 4568 Εδίιίο
918 4529 939 4565 α.
957 4514 998 4563 Sic
1015 4514 1114 4574 θιρυετ.
1132 4511 1232 4562 eomer.
1251 4515 1355 4566 Felckm.
1376 4517 1398 4566 l.
1411 4525 1436 4568 ει
1447 4519 1474 4568 4.

244 4587 389 4640 Commelin.
411 4579 517 4652 μᾶλλον
538 4579 585 4635 καί
600 4578 655 4652 πρό
673 4593 719 4638 ωε.
754 4587 833 4638 Ceteri
884 4587 913 4634 λι
926 4583 967 4632 alii
983 4574 1473 4651 εισίλλῦοωωεί.διᾶτῆςπαρακοῆτ.
