3250 5292
541 391 649 436 omero
664 391 708 436 ur.
724 391 842 436 couras
855 391 991 436 munos.
1298 379 1360 444 533

22 551 24 568 ⁵
118 564 190 610 non
211 543 329 625 penitus
350 541 458 604 luisset
477 539 629 604 liberatos.
672 543 779 606 Vemm
804 543 889 604 eiad
911 541 1032 623 aliquod
1054 551 1184 624 tempus,
1207 553 1241 607 ut
1263 563 1355 626 supra
1369 561 1445 607 ron.

125 647 204 721 dixi,
227 652 407 719 cessassent,
428 661 533 706 rursus
555 651 654 706 tamen
669 643 700 706 in
714 643 837 705 homine
859 652 1011 723 peecatum
1028 653 1058 706 et
1071 645 1223 726 corruptio
1238 665 1360 710 reman-

22 745 23 748 ’
126 749 241 822 sisset,
275 745 319 812 uti
348 753 434 808 antea
464 745 587 826 contigit
617 745 805 818 bominibus3
838 762 936 824 neque
965 745 993 806 id
1015 745 1143 824 probatu
1165 754 1212 808 est
1232 747 1360 812 difficile.

125 849 214 914 ttuto
234 867 342 928 nempe
364 847 459 911 saneti
482 853 512 908 et
533 847 569 910 ab
591 847 673 908 omni
695 853 817 926 peccato
831 845 900 925 puri
915 846 1066 920 exstitere,
1088 847 1159 926 quin
1175 849 1264 910 etiam
1277 848 1445 911 lere-uase.

128 952 209 1014 mias
232 949 269 1012 ab
291 955 377 1011 utero
400 955 519 1010 sanctus
547 956 595 1010 est
623 949 764 1022 effeetus,
796 960 826 1010 et
853 947 982 1010 loannes
1009 965 1076 1010 carm
1098 948 1128 1009 in
1151 947 1255 1010 matris
1276 956 1362 1010 utero

128 1053 229 1116 adbuc
250 1057 425 1131 gestaretur,
449 1051 485 1113 ed
499 1049 643 1130 Deiparae
664 1050 774 1112 Mariae
795 1067 899 1111 rocem
921 1048 1031 1111 laetitia
1054 1049 1204 1112 exrdtavit.
1237 1049 1363 1112 Verum-

130 1163 233 1218 tamen
262 1157 401 1234 repnnoit
428 1170 513 1214 mors
542 1153 579 1215 ab
602 1153 697 1214 ddum
717 1169 813 1234 oopus
832 1152 874 1214 od
894 1150 1028 1232 Moysen
1050 1155 1141 1214 mmm
1162 1155 1196 1214 in
1217 1169 1285 1224 eea,
1314 1155 1368 1234 poi

128 1273 197 1318 nen
225 1263 429 1337 peccauerunt
458 1257 491 1316 in
519 1253 747 1318 similitudinem
775 1255 1055 1334 praeuaricationis
1082 1252 1180 1324 Adae,
1209 1259 1296 1332 ntqrre
1324 1251 1365 1314 ita

128 1357 272 1419 homines
294 1355 486 1418 nibilominus
508 1355 651 1418 mortales
673 1364 703 1417 et
724 1354 1068 1434 corruptipropriisqne
1089 1364 1213 1417 naturae
1227 1353 1364 1416 allectio·
1416 1407 1418 1412 .

129 1457 223 1521 nibus
245 1456 372 1520 subiecti
393 1475 595 1537 permansere.
638 1457 701 1519 lam
729 1470 801 1520 roro
824 1464 983 1536 postquam
1004 1456 1133 1518 Verbum
1155 1457 1246 1518 bomo
1269 1457 1364 1518 iactus

130 1567 197 1635 est,
227 1570 257 1622 et
283 1577 360 1639 quae
388 1559 487 1620 carnis
508 1567 579 1621 suut
599 1559 721 1639 propria
744 1558 801 1621 sibi
825 1576 895 1620 esse
915 1557 1025 1632 voluit,
1059 1558 1134 1620 haee
1153 1577 1215 1620 non
1237 1557 1363 1639 amplius

130 1679 243 1741 corpus
264 1659 422 1739 attingunt,
446 1659 484 1722 ob
507 1659 647 1735 Verbum,
669 1660 749 1739 quod
771 1659 801 1721 in
823 1659 891 1740 ipso
914 1660 1022 1722 iactum
1046 1667 1109 1734 est,
1132 1659 1187 1721 sed
1208 1667 1365 1722 consumta

128 1761 168 1824 ab
192 1762 243 1823 illo
266 1769 354 1834 sunt,
384 1779 440 1822 uec
461 1760 519 1822 iam
540 1760 678 1823 homines
701 1779 772 1824 suas
794 1769 919 1842 propter
940 1761 1113 1824 affectiones
1140 1769 1313 1841 peccatores
1335 1767 1366 1822 et

131 1862 246 1926 mortui
275 1871 411 1935 manent,
440 1862 493 1922 sed
521 1861 610 1924 Verbi
638 1862 744 1926 virtute
765 1864 977 1926 reviviscentes
1000 1862 1185 1926 immortales
1206 1868 1294 1941 atque
1315 1861 1364 1923 in-

132 1962 269 2043 corrupti
291 1971 437 2043 perpetuo
461 1963 578 2026 durant.
613 1963 759 2038 Quocirca
781 1983 847 2028 cum
871 1983 939 2028 caro
963 1983 998 2027 ex
1011 1953 1138 2045 Deipara
1153 1963 1243 2026 diaria
1264 1962 1365 2025 nasci-

133 2075 193 2140 tur,
218 2066 284 2144 ipse
307 2073 403 2126 tamen
427 2071 514 2127 natus
536 2083 606 2128 esse
627 2065 747 2142 dicitur,
769 2085 830 2148 quo
853 2066 981 2128 donante
1004 2065 1053 2128 alii
1068 2073 1233 2128 nascuntur
1248 2073 1280 2128 ut
1294 2063 1364 2138 siut,

131 2179 165 2230 ut
188 2165 303 2228 sedicet
323 2175 459 2228 nostrum
483 2166 549 2246 ipse
571 2175 669 2230 ortum
692 2169 724 2230 in
746 2187 780 2230 se
803 2169 972 2241 transierat,
995 2167 1122 2248 hincque
1144 2185 1201 2230 nos
1223 2185 1284 2229 non
1305 2166 1365 2228 iam

132 2279 167 2333 ut
190 2279 270 2332 terra
293 2267 357 2331 sota
378 2269 408 2330 in
432 2276 541 2330 terram
563 2277 764 2343 revertamur,
793 2270 847 2333 sed
876 2278 1015 2349 tauquam
1037 2287 1104 2332 cum
1127 2266 1245 2332 caelesti
1266 2267 1365 2330 Verbo

129 2370 281 2434 coniuncti
303 2371 334 2432 in
357 2370 456 2432 caelos
478 2371 515 2432 ab
540 2371 607 2450 ipso
630 2371 837 2451 perducamur.
882 2370 1025 2432 Similiter
1046 2370 1136 2450 igitur
1157 2369 1237 2432 baud
1251 2361 1366 2446 absbue

130 2474 246 2536 ratione
275 2471 346 2534 alias
375 2471 512 2552 eorporis
541 2471 716 2534 affectiones
745 2473 777 2535 in
806 2472 938 2552 seipsum
971 2469 1136 2543 transtulit,
1168 2466 1364 2530 dividelicet

134 2591 198 2632 nou
220 2575 278 2632 iam
299 2583 334 2634 ut
359 2575 516 2646 homines,
548 2575 600 2636 sed
629 2583 662 2636 ut
688 2576 811 2655 proprie
838 2574 875 2636 ad
903 2575 1003 2654 ipsum
1025 2572 1154 2634 Verbum
1181 2569 1365 2650 pertinentes

135 2677 273 2732 aeternae
294 2673 370 2733 ritae
391 2674 549 2751 participes
571 2675 772 2738 redderemur.
817 2675 880 2736 Nec
901 2675 981 2736 euim
1003 2673 1146 2751 deinceps
1170 2679 1202 2732 ut
1218 2670 1249 2730 in
1271 2667 1365 2748 priori

136 2771 251 2849 origine
273 2771 304 2830 in
325 2772 417 2834 Atiam
439 2773 600 2847 morimur,
630 2777 683 2838 sed
705 2785 810 2838 nostra
833 2777 948 2854 origine
971 2773 1171 2850 omnibusque
1193 2762 1365 2832 carnis'in-

25 2899 36 2906 -
135 2871 326 2934 firmitatibus
349 2871 379 2934 in
402 2873 529 2934 Verbum
551 2873 650 2952 ipsum
671 2877 824 2938 translatis
845 2885 956 2936 eterra
978 2872 1151 2945 excitamur,
1174 2870 1270 2932 soluta
1291 2887 1365 2948 pec-

135 2974 193 3036 cati
222 2971 428 3034 maledictione
457 2973 521 3035 eius
550 2975 672 3050 merito,
705 2977 756 3058 qui
784 2977 815 3038 in
845 2975 933 3036 nobis
963 2973 1061 3034 nostri
1083 2972 1176 3051 gratia
1197 2969 1365 3033 maledictio

134 3075 230 3137 iaetus
265 3081 326 3147 est,
360 3073 449 3152 idque
478 3073 637 3136 admodum
667 3075 888 3136 convenienter.
931 3073 1006 3134 Nam
1033 3070 1282 3151 quemadmodum
1310 3089 1366 3134 uos

136 3193 258 3248 omnes,
293 3183 324 3236 ut
352 3174 401 3254 qui
425 3193 461 3235 ex
487 3185 565 3236 terra
595 3193 715 3248 sumus,
744 3175 775 3237 in
797 3175 887 3236 Adam
916 3173 1077 3248 morimur3
1111 3173 1207 3236 itaer
1235 3191 1309 3254 aqua
1338 3181 1367 3234 et

134 3276 243 3356 spiritu
266 3295 386 3338 sursum
409 3275 576 3355 regenerati
600 3295 704 3338 omnes
725 3277 757 3338 in
780 3275 897 3354 Christo
919 3275 977 3338 rita
999 3275 1160 3350 donamur,
1188 3274 1274 3356 quasi
1296 3291 1364 3336 caro

134 3465 250 3528 Epiesiuo
268 3463 375 3526 Sonodoo
392 3465 439 3512 isto
456 3463 556 3513 adducit
581 3469 662 3514 contro
679 3464 724 3514 Ne·
774 3465 898 3528 preoino
926 3479 979 3528 pag.
1004 3463 1064 3514 835.
1091 3459 1179 3530 [diensi
1203 3463 1277 3514 Cone.
1302 3461 1364 3514 cut.

136 3533 231 3581 sterium
249 3532 465 3594 durqueresectoa,
487 3533 609 3581 osteadens
622 3539 643 3581 et
654 3532 724 3582 ileum
775 3533 844 3583 Tem.
863 3531 887 3581 V.
907 3547 960 3596 pap.
980 3527 1042 3597 28].
1070 3532 1122 3581 lton
1140 3532 1197 3594 iieg.
1218 3532 1240 3580 i.
1260 3539 1282 3580 et
1301 3531 1365 3582 Con·

136 3613 186 3648 erre
204 3599 318 3648 diriorem
333 3605 353 3648 et
363 3599 486 3662 deiparam
503 3605 608 3649 eoactum
617 3600 721 3661 noem,
774 3601 855 3650 cilium
868 3600 955 3664 Epiros.
968 3597 1160 3664 γεγεννῆσθαι.
1186 3599 1264 3649 Ceteri
1275 3599 1365 3649 eruditi

137 3681 194 3730 quoe
211 3667 286 3730 iprum
299 3669 422 3716 secondom
435 3681 526 3718 comem
540 3669 637 3732 peperit.
662 3667 721 3718 ibid.
772 3665 949 3733 γεγενῆσθαι.

134 3727 182 3780 καί
197 3741 251 3782 onte
274 3727 396 3800 καθαροί
416 3733 485 3782 deest
503 3733 526 3782 in
545 3742 647 3799 utroque
666 3735 722 3798 [teg.
809 3736 831 3784 b.
851 3734 954 3798 cyrillus
973 3743 997 3784 et
1012 3727 1363 3798 Concii.l1pbesio.yirch,

137 3801 249 3864 etSega.
283 3799 329 3850 Sed
349 3801 372 3850 iu
390 3801 444 3850 aliis
462 3801 603 3852 attaeditis
621 3802 723 3852 babetur
775 3803 936 3867 ibiquoopud
955 3801 1072 3864 curidum
1091 3801 1180 3850 desinit
1198 3802 1274 3852 loeus.
1311 3801 1362 3853 idox

137 3876 203 3918 utet
221 3868 244 3917 iu
263 3867 355 3917 Coneii.
374 3868 461 3932 Ephes.
482 3875 505 3916 et
524 3869 723 3928 cnatcodoneosi,
774 3871 831 3930 fleg.
852 3869 874 3920 t.
892 3869 1032 3932 Seouerian.
1058 3869 1157 3920 Gobier.
1176 3869 1279 3919 Fetclm.
1300 3869 1323 3918 1.
1341 3879 1365 3921 et
1445 3885 1452 3892 ·

136 3935 296 4001 etqnectiam
315 3935 378 3998 apud
396 3934 512 3997 Cpriiiom
531 3944 555 3984 et
573 3935 723 3984 Cassianum.
777 3935 868 3986 concii.
886 3936 999 4000 Ephesio.
1018 3931 1055 3998 γῆ
1071 3927 1151 4002 μόνη.
1192 3935 1236 3987 Alii
1261 3943 1284 3986 et
1308 3937 1366 3988 editi

170 4004 193 4053 d.
219 4001 276 4065 fleg.
295 4002 318 4053 1.
342 4010 366 4052 et
383 4003 523 4064 Segestica.
541 3995 585 4048 καὶ
599 3993 726 4062 Ἰωάννης
774 4001 811 4068 γῆ
827 3995 924 4069 μόνον.
969 4003 1042 4053 Prole
1068 4011 1124 4068 post
1146 4005 1203 4066 dep.
1222 4005 1244 4053 t.
1263 4005 1366 4084 Sequor.

137 4063 168 4122 dd
183 4061 233 4118 ἔτι.
777 4071 869 4121 Concil.
893 4071 1006 4136 Ephesio.
1030 4067 1070 4135 τῷ
1092 4064 1122 4128 ἐξ
1143 4063 1262 4140 οὐρανοῦ
1279 4067 1362 4137 λογῳ.

171 4153 192 4189 e.
211 4138 268 4198 neg.
283 4137 303 4185 t.
323 4143 346 4186 et
364 4137 464 4198 Sepuor.
482 4131 637 4200 γινομένου,
665 4137 725 4187 ibid.
777 4138 855 4190 Ceteri
875 4139 979 4204 editique
997 4135 1037 4202 rui
1054 4131 1082 4195 ἐξ
1098 4131 1225 4208 οὐρανῶν
1241 4131 1323 4202 λόγῳ.

137 4205 210 4256 besil.
229 4197 480 4270 ἰδιοποιῃσαμένου.
810 4207 826 4256 i.
849 4207 907 4269 lieu.
928 4206 950 4256 i.
970 4214 993 4256 et
1010 4209 1149 4268 Seouerian.
1167 4199 1206 4260 tls
1223 4197 1365 4271 adpreende.

170 4274 186 4322 l.
211 4273 250 4323 Sie
264 4269 356 4335 Remi.
375 4273 474 4335 Seguor.
493 4281 517 4322 et
534 4268 625 4323 Coreli.
643 4273 724 4356 Ephe·
775 4274 821 4325 ,titt
845 4283 868 4324 et
892 4275 948 4325 editi
966 4267 1004 4328 tic
1021 4267 1052 4324 οὗ
1071 4267 1146 4324 urdo.
1189 4273 1280 4322 ibidem
1299 4272 1367 4323 Gon·

138 4341 223 4390 sinum.
260 4343 287 4388 aa
309 4340 400 4402 duplic.
425 4327 472 4388 ἀπ’
490 4331 574 4388 αὐτοῦ
591 4335 643 4406 μὲν
660 4333 724 4402 arri·
775 4342 856 4394 cilium
874 4344 963 4408 prcs.
983 4289 1150 4409 doogbo'par
1167 4330 1201 4386 dl
1222 4329 1315 4386 αὐτοῦ.

135 4405 228 4456 iuret.
264 4407 343 4458 Ceteri
368 4417 392 4458 et
415 4409 472 4458 editi
490 4399 557 4456 ἀλλὰ
574 4400 617 4456 ὑπ’
638 4399 724 4458 αὐτοῦ
809 4411 831 4460 ir.
849 4411 890 4461 Sic
909 4412 965 4472 [teg.
987 4411 1008 4459 t.
1028 4413 1168 4472 Seguerisu.
1188 4411 1211 4454 et
1230 4405 1365 4454 Concilium

138 4470 187 4542 μὲν
206 4467 338 4534 ἀνήλωτο.
775 4477 862 4541 pres.
889 4479 933 4528 ntit
948 4491 1002 4526 vero
1016 4491 1069 4526 eum
1085 4475 1154 4524 editis
1168 4461 1203 4546 df
1216 4463 1363 4546 ἅμαρτῖᾳς.

171 4558 193 4604 g.
216 4543 281 4594 linco
299 4545 355 4593 item
374 4549 466 4594 exstant
484 4543 546 4608 opud
566 4543 680 4608 Cpriiium
699 4544 723 4596 in
775 4545 827 4594 lior
858 4553 914 4610 poet
942 4536 1093 4608 γενόμενον
1124 4547 1248 4598 scrupeo
1277 4537 1366 4612 desinit

137 4610 278 4660 defensione
304 4611 498 4662 anathematismi
523 4611 542 4660 l.
566 4613 589 4661 iu
614 4611 723 4664 Concilio
775 4611 844 4664 iocus
862 4614 886 4662 in
904 4610 996 4661 Cuncti.
1014 4609 1104 4671 dples.
1123 4611 1146 4652 et
1164 4599 1365 4650 chalcedonensi.
1384 4623 1386 4628 ·
