3258 5276
573 421 682 468 enarro
697 421 729 466 n.
745 421 863 466 camna
875 421 1010 468 sannas
1337 405 1397 470 aot

174 570 309 636 minam?
353 571 428 645 Quis
450 577 547 634 autem
569 572 610 633 ita
632 573 831 652 interrogatus
852 591 915 636 noa
936 573 1148 652 responderet,
1179 573 1297 638 Patrem
1319 571 1401 636 illum
1410 587 1488 632 nara

173 673 282 738 iecisse
303 673 454 736 hominem
469 674 628 754 ipsumque
642 673 813 753 pontificem
827 673 916 735 nobis
932 672 1079 734 misisse?
1112 675 1199 753 Atqui
1213 675 1290 738 hano
1303 675 1401 755 ipsam

171 775 352 838 sententiam
373 785 551 854 tempusque
573 783 603 836 ct
624 791 785 854 personam
807 791 843 835 ex
864 773 933 853 ipso
948 772 1104 852 apostolo,
1127 775 1178 852 qui
1195 777 1328 855 scripsit:
1351 781 1404 858 qui

168 877 271 960 fidelis
294 889 339 941 est
361 881 403 950 ei,
436 880 489 957 qui
506 876 580 955 [erit
603 875 705 947 illum,
734 875 843 936 melius
865 874 935 936 lieet
955 872 1089 946 discere,
1117 873 1143 934 si
1172 891 1277 952 nempe
1299 878 1335 938 ad
1357 897 1401 950 ea,

166 995 248 1058 qnae
271 977 465 1050 antecedunt,
493 976 720 1038 attenderimus.
762 975 828 1036 Una
851 975 930 1038 enim
963 973 1059 1036 series
1082 981 1143 1044 ast,
1172 992 1207 1036 ac
1233 975 1270 1038 de
1298 977 1403 1038 eodem

163 1079 269 1158 agitur
295 1078 354 1140 hoo
381 1077 412 1138 in
441 1076 611 1156 Scripturas
640 1077 718 1139 loeo.
762 1077 844 1138 llaec
871 1077 969 1156 itaque
992 1075 1107 1138 scribit
1127 1075 1261 1154 Epistola
1283 1077 1320 1138 ad
1340 1076 1403 1138 lle·

163 1181 296 1242 bracos:
331 1179 414 1252 Quia
445 1197 516 1260 erpo
542 1183 637 1259 pueri
664 1183 766 1241 caruis
794 1189 823 1240 et
854 1183 1009 1258 cooperitis
1030 1181 1201 1259 participes
1223 1180 1303 1258 saeta·
1321 1191 1403 1252 ruat,

120 1363 123 1368 Ι
163 1285 237 1362 ipse
258 1299 374 1362 quoque
396 1279 537 1342 similiter
559 1279 723 1342 eorundem
740 1284 896 1359 particeps
924 1280 1001 1358 [uit.
1035 1291 1070 1342 at
1094 1297 1154 1359 per
1181 1289 1312 1342 mortem
1339 1299 1405 1343 eum

165 1383 361 1453 destrueret,
385 1385 439 1462 qui
456 1385 566 1443 mortis
590 1367 749 1460 impertiam
772 1379 877 1452 ludet,
901 1380 932 1442 id
953 1391 1000 1442 est
1021 1379 1182 1452 diodolaar,
1206 1390 1235 1443 et
1258 1381 1405 1444 liberaret

166 1501 233 1556 eos,
256 1487 310 1565 qai
331 1485 440 1545 tricare
460 1479 571 1544 mariis
591 1499 650 1562 per
673 1491 768 1544 rotam
783 1484 877 1542 eitam
891 1479 1017 1542 alaonis·
1030 1491 1118 1542 arom
1133 1485 1285 1544 seruituti.
1319 1481 1403 1544 Nas-

165 1601 260 1666 quoar
294 1587 372 1646 sarar
398 1582 526 1662 Aapelos
559 1581 774 1663 apprehendit,
809 1581 863 1642 sed
899 1599 998 1642 seram
1026 1581 1163 1645 airolae
1193 1583 1402 1663 apprehendit.

171 1685 259 1746 Uada
281 1685 382 1748 debuit
401 1701 460 1763 per
483 1688 582 1747 amnia
602 1684 758 1763 fratribus
781 1681 887 1743 similis
909 1681 988 1762 fieri,
1010 1693 1047 1744 at
1067 1685 1241 1746 au'eeriaors
1262 1685 1351 1764 fieret
1373 1696 1402 1747 et

169 1783 272 1865 fidelis
290 1785 436 1863 partilem
457 1787 490 1842 ia
513 1782 574 1852 lois,
602 1801 678 1864 qaae
699 1783 739 1844 ad
761 1780 855 1844 Darsa
877 1791 1028 1861 spectant,
1057 1793 1092 1844 ut
1120 1787 1261 1863 captaret
1277 1799 1486 1864 peccatoram.

166 1881 289 1964 populi.
333 1883 371 1944 la
399 1900 434 1944 eo
456 1885 549 1957 eada,
583 1886 617 1945 ia
638 1899 696 1962 qao
717 1885 816 1960 iprum
838 1886 953 1944 tentari
973 1887 1111 1962 eoatrpr't,
1137 1893 1239 1963 potest
1261 1883 1322 1958 lais,
1352 1891 1404 1966 qai

173 1993 344 2054 teatoatur,
368 1981 527 2046 ouaid'ari.
575 1981 672 2072 liade,
694 1984 814 2062 [ratres
837 1987 951 2055 sanati,
974 1989 1142 2048 uacationis
1166 1984 1302 2048 caelestis
1322 2005 1401 2066 por-

171 2088 295 2164 tieipes,
325 2083 514 2146 considerate
540 2081 713 2166 apostolum
735 2095 763 2146 et
780 2084 959 2164 pontificem
980 2086 1181 2164 consessionis
1203 2096 1329 2150 nostroe
1351 2085 1400 2150 le-

169 2205 248 2258 sam,
272 2189 325 2268 qui
343 2185 443 2266 fidelis
465 2195 511 2247 est
532 2189 569 2262 ei,
592 2189 645 2266 qai
662 2186 737 2264 serit
758 2184 854 2248 illum.
1336 2257 1347 2277 ο

255 2289 286 2351 9.
332 2285 405 2360 Quis
427 2285 499 2348 hasa
519 2285 608 2348 rerba
630 2287 729 2366 possit
749 2285 867 2365 legere,
890 2285 962 2365 quin
983 2285 1109 2348 Arianos
1132 2288 1232 2352 statim
1254 2291 1397 2354 condem·

138 2399 140 2402 ’
166 2387 417 2468 aetheriumque
445 2387 608 2450 admiretur
628 2387 822 2466 Apostolum,
853 2385 903 2465 qui
932 2395 989 2448 tam
1016 2388 1167 2468 praeclare
1189 2399 1236 2452 est
1256 2391 1398 2454 locutus?

93 2502 104 2518 “
167 2490 294 2564 Quando
318 2489 395 2552 enim
419 2491 513 2552 iactus
537 2489 721 2565 effectusque
743 2498 789 2548 est
809 2487 979 2567 apostolus,
1013 2489 1072 2551 nisi
1101 2509 1167 2552 cum
1199 2490 1265 2570 ipse
1286 2498 1320 2552 nt
1341 2507 1397 2552 nos

165 2593 264 2654 earnis
287 2601 317 2654 et
337 2590 491 2670 sanguinis
510 2589 567 2649 luit
587 2585 760 2665 particeps?
803 2587 927 2660 Quando
956 2609 1028 2651 vero
1057 2589 1229 2652 misericors
1251 2598 1282 2651 et
1302 2588 1398 2650 fidelis

167 2693 311 2774 pontifex⁸
324 2699 372 2752 est
393 2691 508 2760 iactus,
530 2686 590 2748 uisi
612 2705 678 2748 curn
700 2706 755 2767 per
775 2691 874 2753 omnia
895 2689 1037 2752 iratribus
1059 2690 1165 2752 similis
1187 2690 1244 2751 luit
1265 2689 1400 2763 effeetus,

168 2789 250 2869 quod
273 2789 373 2866 utique
397 2795 469 2848 tuno
489 2785 604 2860 accidit,
627 2805 693 2850 oum
713 2797 817 2852 nostra
838 2809 926 2852 carne
941 2799 1096 2869 assumpta
1110 2791 1205 2852 lactus
1221 2789 1312 2850 homo
1329 2787 1400 2852 esti

156 2889 272 2968 ltaque
293 2889 330 2950 de
352 2889 479 2950 humana
501 2887 588 2948 Verbi
609 2888 841 2969 dispensatione,
864 2909 925 2952 non
948 2891 985 2953 de
1007 2897 1114 2966 natura
1128 2888 1218 2978 Ventri
1234 2888 1400 2950 haeoscri-

90 3003 98 3018 ·
166 2989 232 3071 psit
252 2987 378 3052 Pardus:
409 2988 474 3061 Qui
497 2987 596 3070 fidelis
618 3002 662 3053 est
684 2995 726 3062 ei,
756 2995 808 3071 qai
833 2992 907 3070 feeit
932 2991 1031 3052 illum.
1076 2989 1138 3050 lam
1166 3005 1238 3066 ergo
1270 2987 1401 3052 insanire
1469 3027 1474 3034 -

166 3089 296 3152 desinite
318 3107 375 3150 nec
395 3088 522 3168 amplius
544 3091 714 3151 contendite
734 3089 787 3152 ilci
809 3089 938 3152 Verbum
960 3107 1025 3150 rem
1046 3089 1152 3150 iactam
1174 3106 1254 3150 esse.
1299 3089 1399 3170 Siqui-

167 3191 236 3252 dem
266 3190 331 3269 ipso
358 3197 404 3251 est
431 3188 602 3269 unigenitus
631 3193 735 3252 natura
763 3188 864 3251 Filius.
908 3189 993 3250 Tunc
1020 3195 1119 3252 autern
1145 3187 1249 3252 habuit
1279 3190 1397 3266 iratres,

166 3307 235 3354 cum
257 3307 375 3352 mrnam
397 3290 491 3352 nostri
514 3289 642 3352 similem
665 3290 776 3365 induit,
805 3308 893 3370 mam
914 3308 970 3370 per
990 3290 1090 3371 seipse
1112 3291 1242 3353 offerens
1264 3291 1397 3372 pontifex

164 3389 330 3473 appellatus
359 3399 404 3454 est
432 3393 587 3472 iactusque
616 3400 663 3454 est
682 3392 855 3454 misericors
877 3398 907 3453 et
927 3389 1039 3465 fidelis,
1068 3392 1238 3456 misericors
1266 3393 1396 3472 quidem,

164 3492 233 3572 quia
254 3511 321 3554 eum
345 3492 477 3572 seipsum
498 3512 555 3573 pro
576 3492 666 3555 uobis
688 3493 805 3567 obtulit,
828 3493 926 3555 nostri
948 3501 995 3555 est
1015 3493 1174 3569 misertus,
1196 3493 1290 3556 fidelis
1313 3511 1395 3568 raro,

165 3611 226 3655 non
247 3595 316 3672 qula
338 3594 407 3656 fidei
429 3594 577 3674 particeps
600 3603 647 3656 est
668 3603 718 3656 aut
739 3595 770 3656 in
792 3593 920 3674 aliquem
942 3593 1037 3656 credit
1066 3594 1108 3657 uti
1136 3611 1212 3668 nos,
1245 3595 1298 3656 sed
1327 3595 1395 3674 quia

165 3689 197 3754 in
217 3691 276 3766 lais,
299 3711 374 3774 quae
395 3695 441 3756 rel
462 3695 569 3757 dixerit
590 3695 635 3757 rcl
657 3696 776 3772 iecerit,
799 3696 881 3760 aredi
903 3695 1007 3770 debet,
1031 3715 1065 3758 ac
1085 3695 1173 3757 fidele
1195 3702 1395 3774 coactamque

164 3870 277 3993 μέετέσχε
292 3872 343 3958 ²5⁶3,
355 3869 444 3934 αὐτός.
481 3881 560 3930 Ceteri
585 3886 608 3931 et
631 3853 689 3934 editi
705 3895 752 3948 με·
836 3881 862 3932 h.
879 3879 921 3929 Sic
937 3876 1112 3990 Seguegdlteq.
1132 3875 1204 3925 Basil.
1223 3875 1293 3955 (lobi.
1312 3877 1396 3958 idol-

76 4005 80 4018 '
165 3955 667 4078 1ilgessi'iioiiardridvdpoiwav.
700 4013 754 4062 ttox
804 3944 1310 4086 ilenrimisiirssnepriqiirvgiopoiitiiiidic
1332 3947 1395 4065 liiiti

164 4079 229 4128 idem
254 4087 276 4128 et
293 4083 327 4131 lu
345 4081 384 4131 lie.
404 4079 502 4132 Gobler.
522 4078 627 4128 Felclm.
649 4079 670 4127 l.
689 4087 712 4128 et
729 4079 753 4129 4.
805 4071 972 4144 προςφέρων
989 4087 1082 4124 autor.

163 4147 327 4198 '³⁸¹³‘¹¹¹⁷”⁶‘
344 4136 759 4211 vtnarpnaiaamatrir,
840 4179 855 4227 r.
888 4177 928 4226 sn
951 4178 1051 4240 sepner.
1079 4179 1271 4230 erraterrat.
1308 4181 1334 4229 n
1354 4181 1395 4230 arn

162 4207 261 4332 itit
277 4207 628 4344 litl'ltitss‘titil:
646 4228 753 4332 tlttl
804 4239 1394 4379 pqgffl”f?‡,l'‘,¹j⁶'„¹,¹}⁵g¹5,⁰;5,5,⁸⁰wll

197 4429 220 4478 3.
230 4415 271 4466 Sic
281 4417 451 4479 sequerianus.
472 4417 542 4467 Gobl.
553 4417 609 4466 itam
621 4417 751 4468 l'elclrrn.l.
805 4382 830 4432 ¹¹¹
850 4381 903 4432 ’ω’
929 4387 952 4432 ⁰²
976 4381 1047 4432 ‘dm'
1065 4382 1133 4438 Μ
1150 4374 1256 4431 iamir·

161 4475 616 4548 et4.lrabentrirroidaadio‘yav.
646 4486 751 4536 l'elclrn.
837 4484 860 4534 k.
877 4477 940 4550 napi
958 4463 998 4529 dv
1015 4483 1086 4532 abest
1103 4482 1235 4532 sl'elclrn.
1245 4481 1269 4532 5.
1300 4482 1392 4532 lbidern

162 4547 187 4598 d.
211 4545 317 4617 ποίημα
342 4539 413 4600 εἶναι
441 4547 565 4616 λέγοντες
587 4545 637 4600 τὸν
660 4544 751 4616 λόγον.
803 4553 902 4614 Sequar.
928 4558 951 4600 et
973 4549 1079 4600 Folalrm.
1098 4549 1122 4598 d.
1146 4539 1182 4596 ἂν
1198 4543 1269 4614 λέγῃ.
1306 4550 1349 4596 Alii
1369 4554 1393 4596 st

159 4615 207 4666 stit
222 4625 245 4670 et
254 4621 313 4672 editi
329 4613 436 4685 ποίημα
452 4614 576 4686 λέγοντες
593 4611 643 4667 τὸν
659 4612 751 4684 λόγον.
803 4619 860 4670 editi
877 4611 926 4668 ἐὰν
942 4611 1014 4682 λέγῃ.
