3054 5236
298 1109 526 1188 SANGTI
559 1111 785 1188 PATRIS
820 1111 1094 1190 Nosrui.

451 1272 902 1390 ATHANASll

352 1431 679 1486 aucttturtscort
697 1429 999 1486 ALEXANlllllAll

104 1553 175 1616 An
213 1551 548 1617 EPtcl'tiTUlt
583 1551 913 1616 urrscoruu
949 1551 1232 1618 CORINl'lll

425 1687 545 1740 conant
565 1687 754 1740 naoeoricos
772 1687 927 1740 nrrsrom.

514 1843 827 1860 m—

220 1974 323 2028 uootoo
342 1988 397 2026 meo
415 1974 504 2026 dilecto
519 1974 596 2026 Fratri
614 1982 638 2026 et
655 1975 808 2040 optatissimo
827 1975 1000 2026 comministro
1019 1975 1128 2042 Epicteto

454 2059 598 2120 Athanasius
615 2060 639 2109 in
658 2060 762 2110 Domino
778 2058 890 2110 salutem.

146 2300 174 2360 1.
218 2292 390 2358 Arbitrabar
419 2294 717 2374 equidem·omnium
740 2295 939 2374 quiunquam
962 2297 1046 2360 luere
1068 2297 1372 2368 haereticorumque,

13 2421 16 2454 ι
52 2417 162 2460 uanam
185 2396 390 2477 loquacitatem
414 2414 430 2457 a
452 2395 579 2458 Nicaena
603 2394 723 2476 Synotlo
746 2413 951 2477 compressam
971 2397 1076 2460 luisse.
1120 2395 1288 2478 Numquae

15 2524 19 2553 a
57 2499 119 2560 illic
140 2517 157 2559 a
178 2498 317 2561 Patribus
340 2515 376 2560 ex
397 2496 504 2560 divinis
527 2497 690 2577 Scripturis
712 2497 895 2578 promulgata
918 2498 993 2562 fides
1016 2506 1072 2572 est,
1095 2507 1157 2560 tum
1177 2499 1214 2560 ad
1229 2499 1287 2561 im·

13 2611 16 2662 i
57 2599 198 2680 pietatem
213 2617 340 2660 omnem
363 2597 568 2670 evertendam,
599 2605 661 2660 tum
683 2599 720 2660 ad
742 2599 820 2678 piam
843 2599 874 2660 in
896 2598 1015 2662 Christo
1037 2599 1126 2662 fldem
1147 2617 1288 2664 asseren-
1369 2625 1377 2634 ·

13 2733 15 2746 ι
60 2697 129 2760 clam
151 2698 269 2760 sufficit.
314 2698 515 2771 Quamobrem
539 2717 609 2776 ⁴cum
638 2699 697 2763 hoc
723 2708 858 2782 tempore
885 2700 983 2762 variae
1006 2699 1118 2780 synodi
1140 2719 1196 2780 per
1217 2700 1287 2763 Gal-

58 2800 146 2873 liam,
178 2797 337 2880 Hispanias
376 2809 407 2862 et
443 2819 567 2880 magnae
598 2791 710 2863 llomoe
749 2801 914 2863 celebratae
949 2799 1024 2873 sint,
1065 2809 1212 2881 quotquot
1251 2819 1288 2864 eo

61 2919 240 2975 convenere,
270 2919 342 2973 eos,
370 2902 420 2981 qui
449 2901 537 2964 etiarn
566 2920 646 2964 nunc
672 2902 799 2964 latenter
827 2901 964 2963 haeresin
993 2900 1114 2981 sapiunt
1139 2901 1287 2975 Arionem,

60 3001 233 3065 Auxentium
262 3020 370 3082 nempe
398 3003 662 3074 Mediolanensem,
693 3001 864 3075 Ursaeium,
894 3001 1045 3064 Valentem
1074 3009 1104 3064 et
1126 3003 1229 3064 Galum
1252 3021 1288 3065 ex

60 3104 227 3178 Pannonia,
261 3104 412 3166 communi
440 3104 550 3166 calculo
580 3103 664 3182 quasi
692 3119 753 3163 uno
782 3102 947 3182 codemque
977 3104 1145 3167 concitante
1173 3103 1286 3184 Spiritu

61 3206 242 3268 anathemate
265 3202 452 3266 damnarunt.
500 3203 629 3265 litteras
656 3211 755 3264 autem
784 3203 894 3284 ubique
922 3204 1070 3266 miserunt
1091 3203 1183 3284 (quoti
1205 3205 1285 3266 vario

62 3307 112 3370 isti
133 3307 317 3387 synodorum
339 3305 461 3367 nomina
483 3304 801 3382 commiscerentur),
825 3303 904 3368 nulla
925 3313 958 3368 ut
980 3303 1122 3385 deinceps
1137 3305 1166 3368 in
1182 3304 1285 3367 Eccle-

64 3409 105 3472 sia
126 3407 270 3470 Catlaolica
292 3403 499 3469 nominaretur
520 3405 657 3486 synodus
678 3414 798 3485 praeter
819 3423 907 3470 unam
930 3405 1098 3479 Nicaenam,
1120 3423 1197 3496 queo
1218 3421 1287 3466 om·

65 3511 109 3573 nis
129 3509 259 3572 haeresis
281 3508 456 3590 trophaeum
481 3515 536 3578 est,
559 3517 647 3587 atque
662 3507 693 3568 in
709 3507 814 3587 primis
829 3507 964 3581 Arianae,
988 3507 1072 3570 otaius
1093 3505 1287 3588 potissimum

68 3629 148 3674 causa
168 3620 237 3674 tunc
259 3619 359 3683 coactu
381 3611 446 3673 tuit.
492 3610 546 3672 llis
570 3619 614 3673 tot
637 3610 785 3689 motisque
807 3611 901 3690 gestis
921 3607 1012 3672 robus
1035 3607 1183 3690 quidest,
1207 3605 1287 3686 quotl

68 3797 165 3848 Deinde:
181 3797 334 3858 Dilectissimo
352 3795 428 3844 Fratri
446 3803 467 3845 et
479 3797 577 3846 amabili
589 3811 646 3846 eou-
697 3793 757 3844 illad
776 3785 830 3842 ἀπὸ
849 3789 987 3848 Παννονίας
1004 3795 1145 3852 intelligitur
1163 3794 1193 3846 tls
1212 3794 1288 3848 Ursas

69 3863 175 3916 succinti
190 3861 307 3925 Epicteto,
332 3861 472 3928 Atitonoaiua
498 3865 523 3910 in
549 3861 645 3911 Domino
698 3861 744 3919 cio,
763 3861 859 3910 latente
878 3871 901 3911 et
920 3862 987 3912 Gaio.
1032 3861 1091 3910 ibid.
1111 3861 1197 3924 Epipli.
1214 3874 1287 3926 παμ-

70 3933 165 3984 eoloten.
697 3921 794 3992 atrqqi,
813 3928 912 3988 Sequor.
930 3922 1110 3994 παμψῆφως,
1129 3929 1154 3976 in
1173 3943 1221 3992 qoo
1240 3928 1286 3978 iti-

103 4013 121 4046 c.
137 3996 172 4044 Sic
187 3993 274 4058 lipiplr.
290 3994 389 4055 Segner.
401 3993 499 4044 Gobler.
519 4001 542 4042 et
560 3993 646 4042 l’elcl·
697 3993 752 4042 dem
772 3985 808 4046 otc
825 3995 901 4044 deest.
942 3995 1079 4044 Goblerian.
1105 4002 1128 4043 ct
1145 3995 1286 4048 sotumi.

72 4063 144 4114 manni
155 4061 182 4120 1,,
201 4062 225 4138 in
242 4059 313 4110 editis
331 4075 386 4109 aero
405 4069 428 4110 at
445 4063 469 4109 in
488 4059 542 4108 aliis
561 4075 646 4110 moou-
696 4053 880 4127 παμψιίφους.
924 4061 974 4110 ler
994 4062 1081 4126 Epipli.
1099 4053 1228 4131 ἔγραψαν
1245 4057 1283 4110 δέ,

72 4129 159 4194 scriptia
172 4139 239 4194 uper
247 4128 323 4178 deest.
353 4127 418 4177 loica
428 4129 528 4189 Sequor.
540 4128 646 4176 secunda

73 4213 136 4250 maoo
149 4187 269 4258 tauevip.
298 4195 395 4247 contar.
414 4204 438 4245 ct
457 4194 561 4244 Fclclm.
575 4193 596 4244 1.
612 4191 644 4260 τῇ
695 4177 753 4280 Fee.
772 4153 890 4210 σύνοδον
908 4163 975 4212 deest
986 4163 1009 4212 in
1020 4161 1118 4226 Sequor.
1130 4163 1286 4222 Gobleriano,

74 4257 346 4330 Jfflwtwi‘pppm
391 4263 444 4312 ΜΟ,
468 4254 510 4310 gn
534 4262 644 4312 demin
729 4229 802 4279 lcltro.
822 4229 844 4280 l.
863 4230 990 4296 etEpiplo.

74 4336 150 4400 Epiplr.
166 4334 202 4400 qoi
220 4332 292 4382 habet
309 4309 562 4397 Ῑπικρυπτομὶνους.
595 4391 602 4410 Ι
731 4331 747 4380 i.
764 4331 805 4381 sic
823 4330 960 4393 Sequerian.
974 4331 1201 4412 1(lobien'ielcirm.
1220 4331 1243 4379 l.
1262 4338 1286 4380 at

47 4429 57 4450 .
105 4403 230 4464 Asopum.
249 4399 322 4450 Basti.
340 4397 641 4450 succulentiorem.
696 4397 782 4462 Epion.
807 4397 937 4452 Editiuoic
953 4412 1003 4446 our
1019 4411 1096 4465 μετα.
1124 4398 1285 4461 loirallpipa.

76 4470 167 4518 Manius
189 4468 250 4518 mala
273 4475 377 4521 verterat
404 4467 484 4516 Guium
506 4467 643 4528 moenem,
695 4459 758 4512 καθ’
782 4457 888 4515 ἑαυτῶν
908 4461 1063 4535 γραφέντα.
1108 4467 1160 4514 lior
1185 4467 1292 4525 Sequor,

79 4549 124 4586 com
139 4537 266 4586 tenendum
285 4536 372 4586 luisset
389 4549 418 4584 ec
430 4535 556 4586 Pannonio.
585 4535 644 4584 llam
697 4524 783 4598 ὥςπερ
801 4528 855 4581 acui.
