3094 5318
492 345 640 394 mauron
651 349 961 394 mausuariorum.
1279 343 1340 405 775

83 504 155 566 lta·
173 503 262 566 euim
284 487 429 580 acrip'tum
452 511 497 562 eat
520 499 675 579 trigesimo
698 500 830 562 secundo
852 500 989 563 Psalmo:
1017 499 1245 593 VerboDaaaiai
1267 507 1429 570 mediatae.

86 605 235 683 firmati
254 612 338 676 auat,
362 611 391 663 ιι
413 600 534 682 Spiritu
555 605 619 664 otia
643 605 708 664 eiua
731 607 827 664 amaia
851 607 953 664 cirtae
976 619 1091 666 aarum.
1134 603 1279 684 Nimirum
1301 607 1340 668 ita

88 703 244 784 Spiritus
266 702 412 766 iudiriauc
435 710 483 764 eat
504 701 621 774 aritia,
643 708 676 764 ut
699 721 735 764 ex
757 719 846 780 aupra
870 701 956 764 dictio
979 702 1078 766 nullus
1101 704 1235 786 supersit
1252 705 1341 766 dubi·

87 803 191 866 tandi
215 803 311 866 locus.
356 803 484 876 Quando
504 821 632 884 namque
653 802 783 864 Verbum
804 791 913 864 iactum
936 812 982 865 est
1002 805 1038 890 ad
1052 804 1243 884 Propbetam‚
1268 823 1343 884 quae

90 924 111 966 a
125 903 240 968 Verbo
259 903 429 984 prodibant,
452 905 483 966 iu
495 903 608 984 Spiritu
628 903 805 982 loquebatur
825 902 985 983 Propheta.
1030 905 1081 966 Sic
1103 905 1181 968 enim
1197 905 1342 985 scriptum

92 1014 160 1077 est,
187 1006 222 1068 ia
243 1005 365 1068 Actibus
387 1005 478 1068 Petro
500 1006 632 1068 dicente:
661 1004 724 1066 Viri
741 1005 872 1084 fratrea,
897 1007 1056 1084 oportebat
1070 1007 1342 1089 impieriacripta-

93 1126 194 1179 ram,
224 1126 314 1188 ᾳιιιιιιι
337 1108 496 1188 praedixit
518 1105 657 1188 Spiritus
686 1116 829 1180 tanatum
858 1106 937 1185 apud
958 1105 1128 1169 Zachariam
1156 1127 1246 1182 vero,
1274 1127 1342 1172 cum

94 1208 243 1270 Verbum
266 1209 303 1270 ad
325 1208 405 1270 illum
428 1210 538 1270 iactum
561 1215 657 1280 ιιιιιι,
680 1205 823 1286 scriptum
845 1217 907 1270 eat:
940 1207 1140 1271 Veruntamen
1161 1210 1255 1272 vardo
1275 1228 1343 1272 maa

98 1322 133 1373 ct
167 1309 304 1390 daritiam
331 1329 396 1372 maa
424 1313 582 1390 cacapite,
611 1328 803 1390 aaacaaapata
825 1327 878 1390 apa
897 1314 1056 1390 praccipio
1079 1315 1111 1372 ia
1133 1309 1255 1390 Spiritu
1276 1330 1340 1373 mea

98 1410 285 1490 Prophetia.
330 1411 368 1472 Et
395 1411 483 1490 paulo
513 1419 582 1489 past
609 1409 752 1489 papulum
781 1411 968 1489 coarguendo
991 1411 1064 1472 baec
1086 1411 1142 1472 ait:
1171 1411 1231 1474 Cor
1252 1431 1343 1474 auara

97 1524 287 1592 paruerant
308 1512 516 1592 inabaaqaeaa,
538 1529 577 1572 nc
599 1511 743 1572 audirent
765 1510 857 1590 lapara
878 1529 974 1572 meam
996 1521 1024 1574 et
1046 1512 1148 1583 uerba,
1171 1530 1245 1593 quaa
1259 1515 1343 1577 aaa

101 1613 262 1676 Dominae
286 1617 473 1692 amnipotens
495 1617 528 1674 ia
539 1611 658 1692 Spiritu
682 1629 738 1673 aaa
756 1631 817 1692 par
831 1631 939 1674 ιιιιιιιι
952 1612 1176 1693 Prophetarum
1187 1615 1341 1693 priorarat.

103 1714 188 1776 item
212 1712 332 1774 Cbrieto
354 1712 496 1792 loquente
517 1712 547 1774 in
570 1711 672 1784 Paulo,
697 1718 729 1772 ιιι
750 1712 817 1791 ipse
839 1712 895 1774 ait:
919 1715 965 1774 Aa
988 1719 1227 1792 expromentem
1248 1733 1341 1796 quaa·

105 1817 183 1876 ritia
208 1817 272 1896 arua
296 1818 349 1893 qai
369 1818 401 1875 ia
422 1831 468 1874 aaa
491 1813 627 1894 loquitur
650 1807 790 1875 Christi?
831 1813 1031 1876 Nihilominus
1043 1813 1185 1892 Spiritum
1207 1825 1342 1876 eandum

105 1913 242 1976 babebat
263 1913 322 1986 ille,
345 1913 396 1992 qui
418 1912 475 1974 eibi
498 1913 586 1974 rerba
608 1913 830 1993 suppeditaret3
854 1914 900 1974 sic
914 1913 1068 1994 enimipaa
1084 1915 1201 1976 scribit:
1225 1915 1340 1978 Smara-

108 2015 185 2078 dam
217 2015 530 2078 manaatstrottoaam
564 2013 701 2096 Spiritus
731 2013 802 2078 iera
833 2014 948 2077 Ciriati
977 2018 1010 2076 ia
1044 2035 1099 2078 ma.
1154 2017 1342 2094 Rureumqua

108 2115 232 2178 Cbristo
254 2117 285 2176 in
309 2135 342 2178 ee
363 2116 503 2196 loquente
525 2115 580 2176 ait:
604 2115 674 2176 Niai
694 2117 773 2197 quod
788 2115 925 2196 Spiritui
949 2128 1073 2179 sanctae
1092 2135 1150 2197 par
1174 2134 1274 2178 amaea
1297 2120 1342 2178 ai-

109 2221 222 2283 oitataa
250 2218 326 2280 ma'bi
347 2227 544 2298 protestatur
567 2218 677 2288 ibana,
700 2221 843 2297 quamam
865 2216 988 2279 oiaoaia
1009 2230 1039 2281 at
1062 2217 1274 2280 tributariam
1295 2235 1342 2278 aaa

109 2331 246 2382 manarat.
289 2318 355 2380 Nou
378 2319 458 2380 euim
481 2329 562 2380 extra
585 2317 712 2380 Verbum
736 2329 780 2380 eet
795 2317 935 2397 Spiritus,
959 2318 1011 2378 aad
1034 2336 1099 2378 cum
1124 2317 1164 2378 ait
1185 2319 1216 2378 ia
1233 2317 1341 2390 Verba,

111 2440 167 2500 per
189 2421 288 2502 ipsum
311 2419 342 2482 iu
365 2419 427 2492 Deo
450 2429 512 2493 eat,
540 2420 580 2482 ita
608 2428 643 2480 ut
670 2419 749 2480 dona
771 2417 802 2480 ia
825 2417 970 2480 Trinitate
994 2416 1170 2480 tribuantur.
1213 2417 1288 2480 Naro
1310 2417 1341 2478 ia

114 2521 221 2582 borum
243 2521 405 2594 divisione,
434 2521 525 2584 atad
547 2519 720 2582 Corinthios
744 2518 864 2590 scribit,
887 2517 967 2580 idem
990 2518 1119 2596 Spiritus
1143 2527 1191 2580 eat
1211 2527 1242 2580 et
1262 2519 1342 2580 idem

116 2619 259 2684 bomiuuo
282 2621 419 2700 idemque
441 2623 532 2696 Deua,
554 2622 605 2702 qui
628 2630 768 2701 operatur
790 2621 889 2682 omnia
904 2620 935 2682 iu
952 2619 1102 2682 omuibus.
1130 2619 1199 2700 ipae
1214 2637 1343 2698 bamque

117 2718 206 2780 Pater
226 2738 281 2799 per
301 2721 408 2782 titium
430 2723 461 2784 ia
482 2721 594 2802 Spiritu
616 2731 757 2802 operatur
778 2731 809 2784 et
830 2722 880 2784 dat
902 2722 1012 2782 amnia.

201 3229 230 3292 6.
275 3227 353 3290 Saue
375 3245 442 3288 oum
465 3225 628 3290 Corintbiia
649 3225 727 3288 beue
748 3233 931 3304 precaretur,
953 3225 984 3286 iu
998 3224 1143 3288 Trinitato
1165 3225 1342 3306 precabatur

120 3329 163 3390 bia
184 3327 299 3392 verbio:
328 3327 438 3391 Gratia
457 3327 583 3389 Pacatiai
602 3326 676 3389 ima
698 3327 815 3389 carati
838 3337 868 3388 at
897 3331 1010 3388 raritaa
1033 3327 1090 3389 Dei
1117 3339 1146 3392 ιι
1173 3331 1340 3390 commaci-

120 3433 191 3494 aatt'a
219 3435 319 3492 eoacti
338 3429 477 3509 Spiritui
504 3432 544 3490 ait
573 3447 640 3490 caat
667 3429 804 3491 oaraidtta
833 3429 928 3490 rabia.
978 3426 1051 3490 Nam
1082 3446 1148 3490 cum
1178 3427 1339 3509 participer

120 3531 206 3594 simae
227 3531 372 3610 Spiritui,
407 3528 494 3592 Verbi
521 3529 643 3609 gratiam
672 3529 816 3591 habemur
844 3541 875 3590 et
901 3529 932 3591 iu
960 3528 1028 3610 ipso
1050 3529 1147 3592 Patu'a
1177 3529 1425 3595 caritatem-eata.

119 3632 206 3696 Porro
234 3642 267 3694 ιιι
294 3651 352 3696 uua
380 3637 427 3694 ert
454 3630 608 3695 Trinitatis
640 3633 748 3710 pauo,
783 3631 828 3694 aia
855 3629 980 3693 indivisa
1008 3640 1055 3694 eat
1076 3631 1226 3705 Trinitaa3
1258 3629 1338 3709 quod

122 3877 199 3948 ilipa.
237 3883 310 3933 Pario
334 3892 391 3947 post
414 3883 470 3945 iter.
490 3893 514 3933 et
531 3885 631 3947 Segoer.
649 3882 700 3933 rai
752 3876 828 3933 laria
843 3875 896 3946 pir
911 3876 972 3936 arai,
993 3889 1017 3930 ιι
1033 3882 1058 3930 ia
1077 3879 1175 3932 Gobier.
1194 3889 1218 3930 et
1236 3881 1340 3930 Frictio.

121 3945 208 4018 νόμον,
229 3952 301 4001 ceteri
320 3959 343 4000 et
361 3951 418 4000 editi
437 3943 501 4004 rada
518 3944 627 4018 νόμους.
753 3953 775 4001 t.
794 3941 854 3998 dari
871 3949 946 3998 deest.
982 3948 1054 3997 darii.
1080 3947 1168 3997 ibidem
1192 3941 1238 3996 'tat
1262 3939 1341 3995 toi

153 4021 174 4069 d.
190 4018 286 4070 Gobter.
304 4025 328 4067 at
345 4017 480 4067 bairhtai.
498 4018 548 4069 aia:
565 4013 611 4068 arai
628 4016 699 4067 Πιιῦ-
750 4011 798 4071 adr
814 4008 887 4068 deda.

122 4081 173 4139 iar·
203 4077 228 4134 el
258 4077 375 4150 δοκιμήν
409 4085 557 4136 intermediis
592 4086 699 4138 amieria.
784 4087 807 4134 b.
827 4085 896 4136 Gabi.
916 4091 940 4132 et
958 4081 1063 4132 Feicim.
1084 4082 1104 4131 t.
1123 4074 1157 4130 τὰ
1176 4075 1276 4160 adapta.
1293 4073 1343 4128 arai

124 4153 204 4204 ibidem
221 4146 252 4201 di
270 4162 325 4215 port
334 4150 459 4216 Χριστοῦ
477 4151 560 4202 deerat
577 4154 601 4202 iu
619 4154 699 4212 editis,
749 4145 831 4201 πάλιν
848 4145 1010 4216 Κορινθίοις
1032 4143 1138 4216 γράφει
1163 4165 1178 4210 η
1193 4163 1276 4218 gaura
1294 4156 1340 4197 etc.

123 4222 161 4272 aad
178 4221 261 4282 iegitur
280 4221 303 4270 ia
323 4221 379 4282 iter.
399 4228 423 4269 ιι
439 4219 539 4281 Sraoer.
752 4221 834 4270 ωιιιιιι
858 4220 888 4268 da
915 4225 981 4268 mora
999 4219 1107 4268 omraaia.
1144 4219 1203 4268 ibid.
1223 4225 1280 4282 part
1295 4227 1340 4264 atu-

155 4305 174 4340 r.
190 4288 328 4340 Gabieriaa.
341 4295 365 4338 et
377 4287 481 4338 deiciam.
495 4287 517 4337 t.
534 4278 573 4340 ala
589 4279 638 4351 ἐμὲ
653 4283 700 4336 arti
751 4283 813 4354 oa'au
836 4286 892 4338 editi
917 4279 997 4353 ἡμῶν
1013 4295 1036 4338 at
1055 4295 1111 4350 port
1129 4284 1179 4334 aaa
1195 4282 1263 4335 arou
1281 4285 1342 4333 brac

124 4349 194 4406 πόλιν
210 4349 241 4404 τὸ
260 4354 366 4422 πνεῦμα
384 4355 482 4405 amieria
501 4355 659 4419 interpositio.
750 4349 796 4403 arai
812 4347 917 4424 πατρός
935 4356 1039 4418 Ιιιιιιιιι;
1057 4362 1082 4403 ιι
1098 4355 1186 4404 deuant
1202 4368 1229 4402 aa
1249 4351 1341 4414 miter.

153 4425 215 4476 atu
241 4425 298 4487 tter.
322 4433 347 4476 at
370 4420 511 4486 Seruarira.
529 4432 603 4474 recte.
638 4421 700 4472 tiditi
752 4423 940 4485 Sapuatiobt.
960 4422 1146 4472 uitiatori.
1181 4420 1266 4470 Statim
1285 4426 1341 4482 port

126 4489 206 4558 λέγων.
751 4485 821 4556 μετὰ
843 4483 957 4538 πάντων
980 4491 1037 4538 editi
1063 4490 1152 4538 babeat
1177 4479 1270 4552 ἡμῶν,
1296 4485 1341 4534 aad

154 4561 226 4623 vaio
250 4561 306 4624 Bag.
331 4561 430 4624 Sepuar.
447 4559 522 4610 barii.
561 4559 625 4610 Editi
644 4572 699 4608 rara
753 4560 809 4621 iter„
829 4566 853 4608 et
871 4559 970 4621 Seguer.
989 4549 1068 4622 ὑμῶν
1085 4557 1182 4606 recuua.
