<?xml version="1.0" encoding="UTF-8"?>
<!DOCTYPE html PUBLIC "-//W3C//DTD XHTML 1.0 Transitional//EN"
    "http://www.w3.org/TR/xhtml1/DTD/xhtml1-transitional.dtd">
<html xmlns="http://www.w3.org/1999/xhtml" xml:lang="en" lang="en">
 <head>
  <title>
</title>
<meta http-equiv="Content-Type" content="text/html;charset=utf-8" />
  <meta name='ocr-system' content='tesseract 3.04.00' />
  <meta name='ocr-capabilities' content='ocr_page ocr_carea ocr_par ocr_line ocrx_word'/>
</head>
<body>
  <div class='ocr_page' id='page_1' title='image "./sanctiathanasii00athagoog_0538.png"; bbox 0 0 3250 5292; ppageno 0'>
   <div class='ocr_carea' id='block_1_1' title="bbox 538 381 1373 446">
    <p class='ocr_par' dir='ltr' id='par_1_1' title="bbox 538 381 1373 446">
     <span class='ocr_line' id='line_1_1' title="bbox 538 381 1373 446; baseline 0.007 -6"><span class='ocrx_word' id='word_1_1' title='bbox 538 395 646 440; x_wconf 79' lang='lat' dir='ltr'>essere</span> <span class='ocrx_word' id='word_1_2' title='bbox 661 395 705 440; x_wconf 88' lang='lat' dir='ltr'>m.</span> <span class='ocrx_word' id='word_1_3' title='bbox 721 395 839 440; x_wconf 79' lang='lat' dir='ltr'>certene</span> <span class='ocrx_word' id='word_1_4' title='bbox 851 396 1001 442; x_wconf 64' lang='lat' dir='ltr'>exterres.⁴</span> <span class='ocrx_word' id='word_1_5' title='bbox 1213 391 1220 408; x_wconf 76' lang='grc'><strong>“</strong></span> <span class='ocrx_word' id='word_1_6' title='bbox 1279 387 1283 394; x_wconf 85' lang='grc'><strong>’</strong></span> <span class='ocrx_word' id='word_1_7' title='bbox 1310 381 1373 446; x_wconf 76' lang='grc'>498</span> 
     </span>
    </p>
   </div>
   <div class='ocr_carea' id='block_1_2' title="bbox 142 544 1497 3864">
    <p class='ocr_par' dir='ltr' id='par_1_2' title="bbox 142 544 1466 1437">
     <span class='ocr_line' id='line_1_2' title="bbox 142 544 1461 630; baseline 0 -18"><span class='ocrx_word' id='word_1_8' title='bbox 142 548 244 612; x_wconf 84' lang='lat' dir='ltr'>nistee</span> <span class='ocrx_word' id='word_1_9' title='bbox 265 555 296 610; x_wconf 90' lang='lat' dir='ltr'>et</span> <span class='ocrx_word' id='word_1_10' title='bbox 315 546 493 620; x_wconf 79' lang='lat' dir='ltr'>lieniebeei3</span> <span class='ocrx_word' id='word_1_11' title='bbox 521 544 759 628; x_wconf 76' lang='lat' dir='ltr'>quandoquidem</span> <span class='ocrx_word' id='word_1_12' title='bbox 791 565 847 610; x_wconf 88' lang='lat' dir='ltr'>nee</span> <span class='ocrx_word' id='word_1_13' title='bbox 867 554 929 610; x_wconf 85' lang='lat' dir='ltr'>tres</span> <span class='ocrx_word' id='word_1_14' title='bbox 952 546 1034 610; x_wconf 84' lang='lat' dir='ltr'>soles</span> <span class='ocrx_word' id='word_1_15' title='bbox 1056 546 1275 629; x_wconf 87' lang='lat' dir='ltr'>inexemplum</span> <span class='ocrx_word' id='word_1_16' title='bbox 1298 565 1461 630; x_wconf 74' lang='lat' dir='ltr'>pre-rste.</span> 
     </span>
     <span class='ocr_line' id='line_1_3' title="bbox 142 647 1395 730; baseline 0.002 -20"><span class='ocrx_word' id='word_1_17' title='bbox 142 648 352 730; x_wconf 78' lang='lat' dir='ltr'>posuerimus,</span> <span class='ocrx_word' id='word_1_18' title='bbox 387 648 441 710; x_wconf 87' lang='lat' dir='ltr'>sed</span> <span class='ocrx_word' id='word_1_19' title='bbox 472 647 567 710; x_wconf 84' lang='lat' dir='ltr'>solem</span> <span class='ocrx_word' id='word_1_20' title='bbox 599 656 630 710; x_wconf 88' lang='lat' dir='ltr'>et</span> <span class='ocrx_word' id='word_1_21' title='bbox 661 647 851 728; x_wconf 80' lang='lat' dir='ltr'><strong>splendorem</strong></span> <span class='ocrx_word' id='word_1_22' title='bbox 882 665 1031 730; x_wconf 78' lang='lat' dir='ltr'>unamque</span> <span class='ocrx_word' id='word_1_23' title='bbox 1063 647 1156 712; x_wconf 86' lang='lat' dir='ltr'>lueem</span> <span class='ocrx_word' id='word_1_24' title='bbox 1185 667 1221 712; x_wconf 84' lang='lat' dir='ltr'>ex</span> <span class='ocrx_word' id='word_1_25' title='bbox 1248 649 1314 712; x_wconf 91' lang='lat' dir='ltr'>sole</span> <span class='ocrx_word' id='word_1_26' title='bbox 1342 649 1395 712; x_wconf 84' lang='lat' dir='ltr'>in·</span> 
     </span>
     <span class='ocr_line' id='line_1_4' title="bbox 142 746 1374 830; baseline 0 -17"><span class='ocrx_word' id='word_1_27' title='bbox 142 749 304 830; x_wconf 74' lang='lat' dir='ltr'>splendore</span> <span class='ocrx_word' id='word_1_28' title='bbox 332 748 521 812; x_wconf 74' lang='lat' dir='ltr'>existentem.</span> <span class='ocrx_word' id='word_1_29' title='bbox 565 749 609 810; x_wconf 90' lang='lat' dir='ltr'>lte</span> <span class='ocrx_word' id='word_1_30' title='bbox 630 765 722 812; x_wconf 90' lang='lat' dir='ltr'>uuum</span> <span class='ocrx_word' id='word_1_31' title='bbox 751 746 943 828; x_wconf 73' lang='lat' dir='ltr'><strong>agnoscimus</strong></span> <span class='ocrx_word' id='word_1_32' title='bbox 970 747 1164 828; x_wconf 83' lang='lat' dir='ltr'>principium,</span> <span class='ocrx_word' id='word_1_33' title='bbox 1192 768 1248 813; x_wconf 85' lang='lat' dir='ltr'>nee</span> <span class='ocrx_word' id='word_1_34' title='bbox 1275 749 1374 830; x_wconf 84' lang='lat' dir='ltr'>epifiei</span> 
     </span>
     <span class='ocr_line' id='line_1_5' title="bbox 143 847 1466 930; baseline 0.002 -20"><span class='ocrx_word' id='word_1_35' title='bbox 143 850 243 914; x_wconf 82' lang='lat' dir='ltr'>Verbo</span> <span class='ocrx_word' id='word_1_36' title='bbox 265 849 416 914; x_wconf 78' lang='lat' dir='ltr'>disemum</span> <span class='ocrx_word' id='word_1_37' title='bbox 437 849 565 930; x_wconf 75' lang='lat' dir='ltr'>aliquem</span> <span class='ocrx_word' id='word_1_38' title='bbox 586 847 749 912; x_wconf 84' lang='lat' dir='ltr'>divinitstis</span> <span class='ocrx_word' id='word_1_39' title='bbox 771 847 910 924; x_wconf 88' lang='lat' dir='ltr'>medum,</span> <span class='ocrx_word' id='word_1_40' title='bbox 939 849 992 912; x_wconf 87' lang='lat' dir='ltr'>sed</span> <span class='ocrx_word' id='word_1_41' title='bbox 1015 848 1110 929; x_wconf 79' lang='lat' dir='ltr'>ipsum</span> <span class='ocrx_word' id='word_1_42' title='bbox 1134 848 1228 912; x_wconf 87' lang='lat' dir='ltr'>solius</span> <span class='ocrx_word' id='word_1_43' title='bbox 1250 851 1302 912; x_wconf 84' lang='lat' dir='ltr'>Dei</span> <span class='ocrx_word' id='word_1_44' title='bbox 1325 852 1373 913; x_wconf 90' lang='lat' dir='ltr'>di·</span> <span class='ocrx_word' id='word_1_45' title='bbox 1463 875 1466 884; x_wconf 25' lang='grc' dir='ltr'><strong>Α</strong></span> 
     </span>
     <span class='ocr_line' id='line_1_6' title="bbox 144 948 1373 1030; baseline 0 -16"><span class='ocrx_word' id='word_1_46' title='bbox 144 951 297 1016; x_wconf 85' lang='lat' dir='ltr'>viuitetetn</span> <span class='ocrx_word' id='word_1_47' title='bbox 329 951 533 1025; x_wconf 70' lang='lat' dir='ltr'>attribuimus,</span> <span class='ocrx_word' id='word_1_48' title='bbox 567 969 604 1012; x_wconf 89' lang='lat' dir='ltr'>eo</span> <span class='ocrx_word' id='word_1_49' title='bbox 637 950 717 1030; x_wconf 85' lang='lat' dir='ltr'>qued</span> <span class='ocrx_word' id='word_1_50' title='bbox 751 969 787 1013; x_wconf 91' lang='lat' dir='ltr'>ex</span> <span class='ocrx_word' id='word_1_51' title='bbox 816 949 884 1029; x_wconf 87' lang='lat' dir='ltr'>ipso</span> <span class='ocrx_word' id='word_1_52' title='bbox 917 957 1018 1014; x_wconf 71' lang='lat' dir='ltr'>netem</span> <span class='ocrx_word' id='word_1_53' title='bbox 1047 949 1096 1012; x_wconf 85' lang='lat' dir='ltr'>sit</span> <span class='ocrx_word' id='word_1_54' title='bbox 1141 948 1248 1014; x_wconf 78' lang='lat' dir='ltr'>Verum</span> <span class='ocrx_word' id='word_1_55' title='bbox 1282 951 1373 1014; x_wconf 90' lang='lat' dir='ltr'>multe</span> 
     </span>
     <span class='ocr_line' id='line_1_7' title="bbox 144 1051 1373 1134; baseline -0.003 -16"><span class='ocrx_word' id='word_1_56' title='bbox 144 1054 270 1134; x_wconf 87' lang='lat' dir='ltr'>sequius</span> <span class='ocrx_word' id='word_1_57' title='bbox 291 1053 391 1116; x_wconf 82' lang='lat' dir='ltr'>drieni</span> <span class='ocrx_word' id='word_1_58' title='bbox 413 1051 547 1116; x_wconf 79' lang='lat' dir='ltr'>secuseri</span> <span class='ocrx_word' id='word_1_59' title='bbox 567 1051 686 1130; x_wconf 75' lang='lat' dir='ltr'>possint</span> <span class='ocrx_word' id='word_1_60' title='bbox 707 1051 818 1114; x_wconf 81' lang='lat' dir='ltr'>multos</span> <span class='ocrx_word' id='word_1_61' title='bbox 840 1051 886 1114; x_wconf 82' lang='lat' dir='ltr'>rel</span> <span class='ocrx_word' id='word_1_62' title='bbox 901 1053 989 1116; x_wconf 85' lang='lat' dir='ltr'>etiem</span> <span class='ocrx_word' id='word_1_63' title='bbox 1005 1051 1102 1115; x_wconf 87' lang='lat' dir='ltr'>nullus</span> <span class='ocrx_word' id='word_1_64' title='bbox 1118 1052 1193 1114; x_wconf 88' lang='lat' dir='ltr'>dees</span> <span class='ocrx_word' id='word_1_65' title='bbox 1209 1051 1373 1127; x_wconf 77' lang='lat' dir='ltr'>admittere,</span> 
     </span>
     <span class='ocr_line' id='line_1_8' title="bbox 145 1151 1377 1236; baseline -0.001 -18"><span class='ocrx_word' id='word_1_66' title='bbox 145 1155 257 1236; x_wconf 84' lang='lat' dir='ltr'>quippe</span> <span class='ocrx_word' id='word_1_67' title='bbox 279 1153 329 1236; x_wconf 89' lang='lat' dir='ltr'>qui</span> <span class='ocrx_word' id='word_1_68' title='bbox 351 1153 451 1234; x_wconf 88' lang='lat' dir='ltr'>inepte</span> <span class='ocrx_word' id='word_1_69' title='bbox 472 1153 663 1226; x_wconf 87' lang='lat' dir='ltr'>eentendent,</span> <span class='ocrx_word' id='word_1_70' title='bbox 686 1161 716 1215; x_wconf 91' lang='lat' dir='ltr'>et</span> <span class='ocrx_word' id='word_1_71' title='bbox 736 1151 842 1216; x_wconf 84' lang='lat' dir='ltr'>Filium</span> <span class='ocrx_word' id='word_1_72' title='bbox 863 1162 1019 1216; x_wconf 85' lang='lat' dir='ltr'>externum</span> <span class='ocrx_word' id='word_1_73' title='bbox 1042 1161 1233 1233; x_wconf 80' lang='lat' dir='ltr'>creatumque</span> <span class='ocrx_word' id='word_1_74' title='bbox 1255 1172 1324 1215; x_wconf 86' lang='lat' dir='ltr'>esse</span> <span class='ocrx_word' id='word_1_75' title='bbox 1345 1161 1377 1217; x_wconf 90' lang='lat' dir='ltr'>et</span> 
     </span>
     <span class='ocr_line' id='line_1_9' title="bbox 145 1253 1374 1338; baseline -0.002 -18"><span class='ocrx_word' id='word_1_76' title='bbox 145 1256 290 1338; x_wconf 87' lang='lat' dir='ltr'>Spiritum</span> <span class='ocrx_word' id='word_1_77' title='bbox 318 1263 451 1318; x_wconf 73' lang='lat' dir='ltr'>sennium</span> <span class='ocrx_word' id='word_1_78' title='bbox 481 1275 497 1316; x_wconf 92' lang='lat' dir='ltr'>e</span> <span class='ocrx_word' id='word_1_79' title='bbox 527 1253 621 1316; x_wconf 89' lang='lat' dir='ltr'>nihilo</span> <span class='ocrx_word' id='word_1_80' title='bbox 652 1272 729 1318; x_wconf 86' lang='lat' dir='ltr'>esse.</span> <span class='ocrx_word' id='word_1_81' title='bbox 773 1254 826 1316; x_wconf 91' lang='lat' dir='ltr'>Vel</span> <span class='ocrx_word' id='word_1_82' title='bbox 855 1253 935 1318; x_wconf 89' lang='lat' dir='ltr'>enim</span> <span class='ocrx_word' id='word_1_83' title='bbox 956 1254 1085 1317; x_wconf 85' lang='lat' dir='ltr'>Verbum</span> <span class='ocrx_word' id='word_1_84' title='bbox 1107 1273 1169 1318; x_wconf 89' lang='lat' dir='ltr'>nnn</span> <span class='ocrx_word' id='word_1_85' title='bbox 1192 1273 1259 1316; x_wconf 89' lang='lat' dir='ltr'>esse</span> <span class='ocrx_word' id='word_1_86' title='bbox 1279 1253 1374 1318; x_wconf 89' lang='lat' dir='ltr'>lleum</span> 
     </span>
     <span class='ocr_line' id='line_1_10' title="bbox 143 1354 1374 1437; baseline -0.005 -15"><span class='ocrx_word' id='word_1_87' title='bbox 143 1360 293 1422; x_wconf 82' lang='lat' dir='ltr'>lsteentur</span> <span class='ocrx_word' id='word_1_88' title='bbox 314 1371 439 1420; x_wconf 85' lang='lat' dir='ltr'>neeesse</span> <span class='ocrx_word' id='word_1_89' title='bbox 461 1365 518 1430; x_wconf 89' lang='lat' dir='ltr'>est,</span> <span class='ocrx_word' id='word_1_90' title='bbox 540 1356 587 1419; x_wconf 81' lang='lat' dir='ltr'>rel</span> <span class='ocrx_word' id='word_1_91' title='bbox 607 1354 634 1418; x_wconf 88' lang='lat' dir='ltr'>si</span> <span class='ocrx_word' id='word_1_92' title='bbox 648 1356 742 1419; x_wconf 85' lang='lat' dir='ltr'>Deum</span> <span class='ocrx_word' id='word_1_93' title='bbox 766 1355 936 1436; x_wconf 73' lang='lat' dir='ltr'>esse-quie</span> <span class='ocrx_word' id='word_1_94' title='bbox 958 1355 988 1418; x_wconf 91' lang='lat' dir='ltr'>id</span> <span class='ocrx_word' id='word_1_95' title='bbox 1010 1356 1152 1437; x_wconf 86' lang='lat' dir='ltr'>seriptum</span> <span class='ocrx_word' id='word_1_96' title='bbox 1172 1364 1228 1428; x_wconf 84' lang='lat' dir='ltr'>est,</span> <span class='ocrx_word' id='word_1_97' title='bbox 1250 1355 1374 1418; x_wconf 86' lang='lat' dir='ltr'>indeieri</span> 
     </span>
    </p>

    <p class='ocr_par' dir='ltr' id='par_1_3' title="bbox 142 1456 1497 2754">
     <span class='ocr_line' id='line_1_11' title="bbox 145 1456 1375 1544; baseline -0.004 -22"><span class='ocrx_word' id='word_1_98' title='bbox 145 1477 208 1522; x_wconf 88' lang='lat' dir='ltr'>neu</span> <span class='ocrx_word' id='word_1_99' title='bbox 228 1458 364 1532; x_wconf 87' lang='lat' dir='ltr'>eudeent,</span> <span class='ocrx_word' id='word_1_100' title='bbox 386 1457 545 1539; x_wconf 88' lang='lat' dir='ltr'>ipsumque</span> <span class='ocrx_word' id='word_1_101' title='bbox 568 1456 659 1520; x_wconf 83' lang='lat' dir='ltr'>velint</span> <span class='ocrx_word' id='word_1_102' title='bbox 679 1465 803 1544; x_wconf 78' lang='lat' dir='ltr'>ueteres</span> <span class='ocrx_word' id='word_1_103' title='bbox 817 1457 914 1521; x_wconf 87' lang='lat' dir='ltr'>Petris</span> <span class='ocrx_word' id='word_1_104' title='bbox 937 1477 1004 1520; x_wconf 85' lang='lat' dir='ltr'>esse</span> <span class='ocrx_word' id='word_1_105' title='bbox 1025 1456 1170 1534; x_wconf 70' lang='lat' dir='ltr'>alienumq</span> <span class='ocrx_word' id='word_1_106' title='bbox 1192 1457 1312 1538; x_wconf 88' lang='lat' dir='ltr'>plenum</span> <span class='ocrx_word' id='word_1_107' title='bbox 1328 1465 1375 1518; x_wconf 88' lang='lat' dir='ltr'>est</span> 
     </span>
     <span class='ocr_line' id='line_1_12' title="bbox 145 1533 1373 1640; baseline -0.002 -18"><span class='ocrx_word' id='word_1_108' title='bbox 145 1559 257 1622; x_wconf 87' lang='lat' dir='ltr'>multus</span> <span class='ocrx_word' id='word_1_109' title='bbox 279 1559 353 1622; x_wconf 80' lang='lat' dir='ltr'>dees</span> <span class='ocrx_word' id='word_1_110' title='bbox 376 1567 501 1640; x_wconf 86' lang='lat' dir='ltr'>propter</span> <span class='ocrx_word' id='word_1_111' title='bbox 521 1533 670 1624; x_wconf 70' lang='lat' dir='ltr'>diVersem</span> <span class='ocrx_word' id='word_1_112' title='bbox 699 1558 818 1621; x_wconf 87' lang='lat' dir='ltr'>illerum</span> <span class='ocrx_word' id='word_1_113' title='bbox 848 1565 985 1622; x_wconf 83' lang='lat' dir='ltr'>ueterem</span> <span class='ocrx_word' id='word_1_114' title='bbox 1012 1558 1049 1623; x_wconf 92' lang='lat' dir='ltr'>eb</span> <span class='ocrx_word' id='word_1_115' title='bbox 1077 1559 1134 1622; x_wconf 91' lang='lat' dir='ltr'>illis</span> <span class='ocrx_word' id='word_1_116' title='bbox 1166 1558 1282 1633; x_wconf 84' lang='lat' dir='ltr'>induci,</span> <span class='ocrx_word' id='word_1_117' title='bbox 1313 1558 1373 1620; x_wconf 90' lang='lat' dir='ltr'>nisi</span> 
     </span>
     <span class='ocr_line' id='line_1_13' title="bbox 146 1652 1374 1724; baseline 0 -2"><span class='ocrx_word' id='word_1_118' title='bbox 146 1661 225 1724; x_wconf 81' lang='lat' dir='ltr'>leste</span> <span class='ocrx_word' id='word_1_119' title='bbox 252 1661 346 1724; x_wconf 85' lang='lat' dir='ltr'>Deum</span> <span class='ocrx_word' id='word_1_120' title='bbox 377 1659 460 1722; x_wconf 90' lang='lat' dir='ltr'>illum</span> <span class='ocrx_word' id='word_1_121' title='bbox 494 1658 616 1722; x_wconf 88' lang='lat' dir='ltr'>nonnisi</span> <span class='ocrx_word' id='word_1_122' title='bbox 650 1659 918 1723; x_wconf 84' lang='lat' dir='ltr'>mmmunieetiene</span> <span class='ocrx_word' id='word_1_123' title='bbox 945 1677 1015 1722; x_wconf 87' lang='lat' dir='ltr'>esse</span> <span class='ocrx_word' id='word_1_124' title='bbox 1037 1652 1083 1722; x_wconf 86' lang='lat' dir='ltr'>uti</span> <span class='ocrx_word' id='word_1_125' title='bbox 1101 1679 1152 1722; x_wconf 87' lang='lat' dir='ltr'>res</span> <span class='ocrx_word' id='word_1_126' title='bbox 1174 1659 1246 1722; x_wconf 84' lang='lat' dir='ltr'>slies</span> <span class='ocrx_word' id='word_1_127' title='bbox 1270 1677 1374 1722; x_wconf 86' lang='lat' dir='ltr'>omnes</span> 
     </span>
     <span class='ocr_line' id='line_1_14' title="bbox 145 1757 1374 1834; baseline -0.002 -10"><span class='ocrx_word' id='word_1_128' title='bbox 145 1761 247 1824; x_wconf 82' lang='lat' dir='ltr'>dicere</span> <span class='ocrx_word' id='word_1_129' title='bbox 270 1780 330 1823; x_wconf 90' lang='lat' dir='ltr'>non</span> <span class='ocrx_word' id='word_1_130' title='bbox 352 1769 519 1822; x_wconf 82' lang='lat' dir='ltr'>versentur.</span> <span class='ocrx_word' id='word_1_131' title='bbox 556 1758 665 1822; x_wconf 89' lang='lat' dir='ltr'>Verum</span> <span class='ocrx_word' id='word_1_132' title='bbox 687 1760 713 1822; x_wconf 89' lang='lat' dir='ltr'>si</span> <span class='ocrx_word' id='word_1_133' title='bbox 731 1761 809 1822; x_wconf 83' lang='lat' dir='ltr'>bees</span> <span class='ocrx_word' id='word_1_134' title='bbox 822 1760 940 1824; x_wconf 80' lang='lat' dir='ltr'>ittomm</span> <span class='ocrx_word' id='word_1_135' title='bbox 956 1769 1004 1824; x_wconf 87' lang='lat' dir='ltr'>est</span> <span class='ocrx_word' id='word_1_136' title='bbox 1018 1757 1176 1834; x_wconf 77' lang='lat' dir='ltr'>sententie,</span> <span class='ocrx_word' id='word_1_137' title='bbox 1198 1779 1259 1822; x_wconf 86' lang='lat' dir='ltr'>nee</span> <span class='ocrx_word' id='word_1_138' title='bbox 1275 1762 1374 1823; x_wconf 89' lang='lat' dir='ltr'>minus</span> 
     </span>
     <span class='ocr_line' id='line_1_15' title="bbox 146 1861 1374 1943; baseline -0.002 -16"><span class='ocrx_word' id='word_1_139' title='bbox 146 1863 233 1943; x_wconf 90' lang='lat' dir='ltr'>impii</span> <span class='ocrx_word' id='word_1_140' title='bbox 263 1870 334 1924; x_wconf 88' lang='lat' dir='ltr'>sunt</span> <span class='ocrx_word' id='word_1_141' title='bbox 364 1861 509 1932; x_wconf 76' lang='lat' dir='ltr'>habendi,</span> <span class='ocrx_word' id='word_1_142' title='bbox 541 1861 591 1942; x_wconf 90' lang='lat' dir='ltr'>qui</span> <span class='ocrx_word' id='word_1_143' title='bbox 620 1879 728 1942; x_wconf 87' lang='lat' dir='ltr'>nempe</span> <span class='ocrx_word' id='word_1_144' title='bbox 755 1861 884 1924; x_wconf 85' lang='lat' dir='ltr'>Verbum</span> <span class='ocrx_word' id='word_1_145' title='bbox 906 1861 984 1926; x_wconf 90' lang='lat' dir='ltr'>iuter</span> <span class='ocrx_word' id='word_1_146' title='bbox 1006 1881 1055 1924; x_wconf 87' lang='lat' dir='ltr'>res</span> <span class='ocrx_word' id='word_1_147' title='bbox 1077 1870 1191 1926; x_wconf 81' lang='lat' dir='ltr'>ueteres</span> <span class='ocrx_word' id='word_1_148' title='bbox 1213 1862 1374 1937; x_wconf 68' lang='lat' dir='ltr'>eudemum</span> 
     </span>
     <span class='ocr_line' id='line_1_16' title="bbox 147 1961 1374 2045; baseline -0.002 -18"><span class='ocrx_word' id='word_1_149' title='bbox 147 1964 228 2045; x_wconf 89' lang='lat' dir='ltr'>quod</span> <span class='ocrx_word' id='word_1_150' title='bbox 257 1963 337 2026; x_wconf 86' lang='lat' dir='ltr'>ebsit</span> <span class='ocrx_word' id='word_1_151' title='bbox 365 1971 397 2025; x_wconf 95' lang='lat' dir='ltr'>ut</span> <span class='ocrx_word' id='word_1_152' title='bbox 424 1961 513 2025; x_wconf 84' lang='lat' dir='ltr'>nobis</span> <span class='ocrx_word' id='word_1_153' title='bbox 547 1981 676 2043; x_wconf 84' lang='lat' dir='ltr'>nequem</span> <span class='ocrx_word' id='word_1_154' title='bbox 705 1961 736 2024; x_wconf 89' lang='lat' dir='ltr'>in</span> <span class='ocrx_word' id='word_1_155' title='bbox 763 1973 892 2026; x_wconf 88' lang='lat' dir='ltr'>mentem</span> <span class='ocrx_word' id='word_1_156' title='bbox 921 1963 1027 2026; x_wconf 83' lang='lat' dir='ltr'>veniet</span> <span class='ocrx_word' id='word_1_157' title='bbox 1072 1963 1224 2044; x_wconf 82' lang='lat' dir='ltr'>Siquidem</span> <span class='ocrx_word' id='word_1_158' title='bbox 1247 1979 1305 2026; x_wconf 87' lang='lat' dir='ltr'>une</span> <span class='ocrx_word' id='word_1_159' title='bbox 1326 1972 1374 2026; x_wconf 87' lang='lat' dir='ltr'>est</span> 
     </span>
     <span class='ocr_line' id='line_1_17' title="bbox 146 2063 1460 2154; baseline -0.001 -26"><span class='ocrx_word' id='word_1_160' title='bbox 146 2065 310 2128; x_wconf 81' lang='lat' dir='ltr'>divinitstis</span> <span class='ocrx_word' id='word_1_161' title='bbox 332 2065 436 2138; x_wconf 82' lang='lat' dir='ltr'>terme,</span> <span class='ocrx_word' id='word_1_162' title='bbox 459 2083 534 2154; x_wconf 75' lang='lat' dir='ltr'>quse</span> <span class='ocrx_word' id='word_1_163' title='bbox 557 2063 660 2126; x_wconf 89' lang='lat' dir='ltr'>eedem</span> <span class='ocrx_word' id='word_1_164' title='bbox 683 2072 731 2127; x_wconf 90' lang='lat' dir='ltr'>est</span> <span class='ocrx_word' id='word_1_165' title='bbox 751 2083 869 2146; x_wconf 88' lang='lat' dir='ltr'>quoque</span> <span class='ocrx_word' id='word_1_166' title='bbox 890 2065 922 2126; x_wconf 90' lang='lat' dir='ltr'>iu</span> <span class='ocrx_word' id='word_1_167' title='bbox 937 2065 1045 2128; x_wconf 86' lang='lat' dir='ltr'>Verbo.</span> <span class='ocrx_word' id='word_1_168' title='bbox 1079 2065 1162 2128; x_wconf 89' lang='lat' dir='ltr'>Unus</span> <span class='ocrx_word' id='word_1_169' title='bbox 1184 2065 1304 2146; x_wconf 76' lang='lat' dir='ltr'>inquam</span> <span class='ocrx_word' id='word_1_170' title='bbox 1328 2073 1460 2132; x_wconf 72' lang='lat' dir='ltr'>estesse.</span> 
     </span>
     <span class='ocr_line' id='line_1_18' title="bbox 145 2165 1372 2247; baseline -0.002 -14"><span class='ocrx_word' id='word_1_171' title='bbox 145 2168 229 2232; x_wconf 86' lang='lat' dir='ltr'>Deus</span> <span class='ocrx_word' id='word_1_172' title='bbox 252 2168 354 2242; x_wconf 87' lang='lat' dir='ltr'>Peter,</span> <span class='ocrx_word' id='word_1_173' title='bbox 382 2171 414 2229; x_wconf 89' lang='lat' dir='ltr'>in</span> <span class='ocrx_word' id='word_1_174' title='bbox 436 2165 538 2247; x_wconf 89' lang='lat' dir='ltr'>seipse</span> <span class='ocrx_word' id='word_1_175' title='bbox 561 2165 713 2240; x_wconf 82' lang='lat' dir='ltr'>existens,</span> <span class='ocrx_word' id='word_1_176' title='bbox 735 2185 801 2228; x_wconf 88' lang='lat' dir='ltr'>cum</span> <span class='ocrx_word' id='word_1_177' title='bbox 824 2167 855 2228; x_wconf 90' lang='lat' dir='ltr'>in</span> <span class='ocrx_word' id='word_1_178' title='bbox 878 2166 1017 2230; x_wconf 89' lang='lat' dir='ltr'>omnibus</span> <span class='ocrx_word' id='word_1_179' title='bbox 1040 2175 1103 2242; x_wconf 88' lang='lat' dir='ltr'>est,</span> <span class='ocrx_word' id='word_1_180' title='bbox 1125 2167 1156 2229; x_wconf 90' lang='lat' dir='ltr'>in</span> <span class='ocrx_word' id='word_1_181' title='bbox 1178 2166 1253 2230; x_wconf 83' lang='lat' dir='ltr'>Vilio</span> <span class='ocrx_word' id='word_1_182' title='bbox 1276 2176 1372 2231; x_wconf 86' lang='lat' dir='ltr'>eutem</span> 
     </span>
     <span class='ocr_line' id='line_1_19' title="bbox 143 2267 1373 2352; baseline -0.002 -19"><span class='ocrx_word' id='word_1_183' title='bbox 143 2287 310 2352; x_wconf 77' lang='lat' dir='ltr'>apperens,</span> <span class='ocrx_word' id='word_1_184' title='bbox 344 2287 410 2331; x_wconf 85' lang='lat' dir='ltr'>eum</span> <span class='ocrx_word' id='word_1_185' title='bbox 431 2287 487 2348; x_wconf 86' lang='lat' dir='ltr'>per</span> <span class='ocrx_word' id='word_1_186' title='bbox 508 2285 557 2330; x_wconf 88' lang='lat' dir='ltr'>res</span> <span class='ocrx_word' id='word_1_187' title='bbox 580 2286 686 2330; x_wconf 90' lang='lat' dir='ltr'>omnes</span> <span class='ocrx_word' id='word_1_188' title='bbox 708 2267 859 2348; x_wconf 79' lang='lat' dir='ltr'>persedit,</span> <span class='ocrx_word' id='word_1_189' title='bbox 888 2267 1018 2350; x_wconf 88' lang='lat' dir='ltr'>itemque</span> <span class='ocrx_word' id='word_1_190' title='bbox 1039 2268 1070 2330; x_wconf 93' lang='lat' dir='ltr'>in</span> <span class='ocrx_word' id='word_1_191' title='bbox 1093 2267 1223 2350; x_wconf 89' lang='lat' dir='ltr'>Spiritu,</span> <span class='ocrx_word' id='word_1_192' title='bbox 1253 2269 1373 2331; x_wconf 85' lang='lat' dir='ltr'>eumin</span> 
     </span>
     <span class='ocr_line' id='line_1_20' title="bbox 143 2347 1497 2450; baseline -0.002 -16"><span class='ocrx_word' id='word_1_193' title='bbox 143 2371 295 2434; x_wconf 84' lang='lat' dir='ltr'>omnibus&#39;</span> <span class='ocrx_word' id='word_1_194' title='bbox 309 2389 364 2450; x_wconf 90' lang='lat' dir='ltr'>per</span> <span class='ocrx_word' id='word_1_195' title='bbox 384 2369 513 2432; x_wconf 88' lang='lat' dir='ltr'>Verbum</span> <span class='ocrx_word' id='word_1_196' title='bbox 536 2369 568 2430; x_wconf 91' lang='lat' dir='ltr'>in</span> <span class='ocrx_word' id='word_1_197' title='bbox 590 2369 656 2449; x_wconf 88' lang='lat' dir='ltr'>ipso</span> <span class='ocrx_word' id='word_1_198' title='bbox 679 2368 792 2448; x_wconf 87' lang='lat' dir='ltr'>Spiritu</span> <span class='ocrx_word' id='word_1_199' title='bbox 814 2370 882 2449; x_wconf 76' lang='lat' dir='ltr'>egit.</span> <span class='ocrx_word' id='word_1_200' title='bbox 916 2369 967 2432; x_wconf 89' lang='lat' dir='ltr'>Sie</span> <span class='ocrx_word' id='word_1_201' title='bbox 987 2369 1065 2432; x_wconf 90' lang='lat' dir='ltr'>enim</span> <span class='ocrx_word' id='word_1_202' title='bbox 1088 2388 1179 2433; x_wconf 90' lang='lat' dir='ltr'>unum</span> <span class='ocrx_word' id='word_1_203' title='bbox 1201 2389 1257 2450; x_wconf 91' lang='lat' dir='ltr'>per</span> <span class='ocrx_word' id='word_1_204' title='bbox 1271 2371 1372 2432; x_wconf 84' lang='lat' dir='ltr'>Trini-</span> <span class='ocrx_word' id='word_1_205' title='bbox 1412 2347 1418 2370; x_wconf 27' lang='grc' dir='ltr'><strong>Χ</strong></span> <span class='ocrx_word' id='word_1_206' title='bbox 1490 2349 1497 2370; x_wconf 75' lang='grc'><em>’</em></span> 
     </span>
     <span class='ocr_line' id='line_1_21' title="bbox 144 2471 1374 2551; baseline -0.003 -15"><span class='ocrx_word' id='word_1_207' title='bbox 144 2481 236 2536; x_wconf 89' lang='lat' dir='ltr'>tetem</span> <span class='ocrx_word' id='word_1_208' title='bbox 250 2473 346 2536; x_wconf 86' lang='lat' dir='ltr'>Deum</span> <span class='ocrx_word' id='word_1_209' title='bbox 369 2489 436 2534; x_wconf 83' lang='lat' dir='ltr'>esse</span> <span class='ocrx_word' id='word_1_210' title='bbox 458 2472 652 2545; x_wconf 76' lang='lat' dir='ltr'>eonfitemur3</span> <span class='ocrx_word' id='word_1_211' title='bbox 674 2488 749 2550; x_wconf 88' lang='lat' dir='ltr'>quse</span> <span class='ocrx_word' id='word_1_212' title='bbox 764 2471 884 2551; x_wconf 89' lang='lat' dir='ltr'>quidem</span> <span class='ocrx_word' id='word_1_213' title='bbox 905 2479 1008 2534; x_wconf 86' lang='lat' dir='ltr'>nostre</span> <span class='ocrx_word' id='word_1_214' title='bbox 1030 2471 1178 2534; x_wconf 89' lang='lat' dir='ltr'>sententie</span> <span class='ocrx_word' id='word_1_215' title='bbox 1199 2471 1287 2549; x_wconf 79' lang='lat' dir='ltr'>lenge</span> <span class='ocrx_word' id='word_1_216' title='bbox 1308 2489 1374 2532; x_wconf 91' lang='lat' dir='ltr'>me-</span> 
     </span>
     <span class='ocr_line' id='line_1_22' title="bbox 142 2570 1374 2653; baseline -0.003 -17"><span class='ocrx_word' id='word_1_217' title='bbox 142 2573 201 2636; x_wconf 88' lang='lat' dir='ltr'>lius</span> <span class='ocrx_word' id='word_1_218' title='bbox 223 2592 290 2636; x_wconf 81' lang='lat' dir='ltr'>mm</span> <span class='ocrx_word' id='word_1_219' title='bbox 313 2572 422 2651; x_wconf 84' lang='lat' dir='ltr'>pietete</span> <span class='ocrx_word' id='word_1_220' title='bbox 444 2571 589 2652; x_wconf 78' lang='lat' dir='ltr'>eengrtrit,</span> <span class='ocrx_word' id='word_1_221' title='bbox 613 2591 701 2652; x_wconf 82' lang='lat' dir='ltr'>quem</span> <span class='ocrx_word' id='word_1_222' title='bbox 726 2572 916 2637; x_wconf 79' lang='lat' dir='ltr'>multiformis</span> <span class='ocrx_word' id='word_1_223' title='bbox 932 2573 1143 2653; x_wconf 85' lang='lat' dir='ltr'>multiplexque</span> <span class='ocrx_word' id='word_1_224' title='bbox 1158 2570 1374 2634; x_wconf 86' lang='lat' dir='ltr'>beeretieorum</span> 
     </span>
     <span class='ocr_line' id='line_1_23' title="bbox 144 2671 1177 2754; baseline 0.002 -22"><span class='ocrx_word' id='word_1_225' title='bbox 144 2671 295 2744; x_wconf 76' lang='lat' dir='ltr'>divinitus,</span> <span class='ocrx_word' id='word_1_226' title='bbox 318 2691 386 2733; x_wconf 87' lang='lat' dir='ltr'>eum</span> <span class='ocrx_word' id='word_1_227' title='bbox 407 2690 496 2733; x_wconf 85' lang='lat' dir='ltr'>neem</span> <span class='ocrx_word' id='word_1_228' title='bbox 518 2672 550 2734; x_wconf 93' lang='lat' dir='ltr'>in</span> <span class='ocrx_word' id='word_1_229' title='bbox 572 2673 717 2736; x_wconf 84' lang='lat' dir='ltr'>&#39;l&#39;rinitete</span> <span class='ocrx_word' id='word_1_230' title='bbox 740 2673 921 2738; x_wconf 84' lang='lat' dir='ltr'>divinitatem</span> <span class='ocrx_word' id='word_1_231' title='bbox 943 2691 1177 2754; x_wconf 76' lang='lat' dir='ltr'>propugnemus.</span> 
     </span>
    </p>

    <p class='ocr_par' dir='ltr' id='par_1_4' title="bbox 142 2770 1376 3864">
     <span class='ocr_line' id='line_1_24' title="bbox 235 2770 1373 2851; baseline -0.002 -15"><span class='ocrx_word' id='word_1_232' title='bbox 235 2775 284 2838; x_wconf 84' lang='lat'>16.</span> <span class='ocrx_word' id='word_1_233' title='bbox 327 2770 459 2851; x_wconf 78' lang='lat' dir='ltr'>Namque</span> <span class='ocrx_word' id='word_1_234' title='bbox 481 2773 507 2833; x_wconf 91' lang='lat' dir='ltr'>si</span> <span class='ocrx_word' id='word_1_235' title='bbox 527 2791 591 2834; x_wconf 86' lang='lat' dir='ltr'>neu</span> <span class='ocrx_word' id='word_1_236' title='bbox 612 2773 652 2836; x_wconf 83' lang='lat' dir='ltr'>ite</span> <span class='ocrx_word' id='word_1_237' title='bbox 676 2793 710 2836; x_wconf 88' lang='lat' dir='ltr'>se</span> <span class='ocrx_word' id='word_1_238' title='bbox 737 2794 787 2838; x_wconf 88' lang='lat' dir='ltr'>res</span> <span class='ocrx_word' id='word_1_239' title='bbox 809 2775 914 2850; x_wconf 89' lang='lat' dir='ltr'>hebet,</span> <span class='ocrx_word' id='word_1_240' title='bbox 946 2775 1000 2836; x_wconf 86' lang='lat' dir='ltr'>sed</span> <span class='ocrx_word' id='word_1_241' title='bbox 1022 2773 1151 2837; x_wconf 86' lang='lat' dir='ltr'>Verbum</span> <span class='ocrx_word' id='word_1_242' title='bbox 1174 2791 1191 2834; x_wconf 91' lang='lat' dir='ltr'>e</span> <span class='ocrx_word' id='word_1_243' title='bbox 1212 2771 1305 2834; x_wconf 88' lang='lat' dir='ltr'>nihile</span> <span class='ocrx_word' id='word_1_244' title='bbox 1328 2773 1373 2834; x_wconf 85' lang='lat' dir='ltr'>le·</span> 
     </span>
     <span class='ocr_line' id='line_1_25' title="bbox 145 2872 1375 2955; baseline -0.004 -17"><span class='ocrx_word' id='word_1_245' title='bbox 145 2883 227 2938; x_wconf 86' lang='lat' dir='ltr'>etum</span> <span class='ocrx_word' id='word_1_246' title='bbox 250 2882 281 2935; x_wconf 93' lang='lat' dir='ltr'>et</span> <span class='ocrx_word' id='word_1_247' title='bbox 303 2878 433 2934; x_wconf 82' lang='lat' dir='ltr'>ereetum</span> <span class='ocrx_word' id='word_1_248' title='bbox 464 2879 528 2946; x_wconf 80' lang='lat' dir='ltr'>est3</span> <span class='ocrx_word' id='word_1_249' title='bbox 562 2872 606 2935; x_wconf 85' lang='lat' dir='ltr'>rel</span> <span class='ocrx_word' id='word_1_250' title='bbox 634 2893 706 2955; x_wconf 76' lang='lat' dir='ltr'>erge</span> <span class='ocrx_word' id='word_1_251' title='bbox 729 2893 789 2938; x_wconf 87' lang='lat' dir='ltr'>nen</span> <span class='ocrx_word' id='word_1_252' title='bbox 812 2884 860 2937; x_wconf 88' lang='lat' dir='ltr'>est</span> <span class='ocrx_word' id='word_1_253' title='bbox 880 2875 961 2937; x_wconf 86' lang='lat' dir='ltr'>Deus</span> <span class='ocrx_word' id='word_1_254' title='bbox 983 2892 1089 2949; x_wconf 81' lang='lat' dir='ltr'>verns,</span> <span class='ocrx_word' id='word_1_255' title='bbox 1120 2891 1187 2936; x_wconf 86' lang='lat' dir='ltr'>eum</span> <span class='ocrx_word' id='word_1_256' title='bbox 1216 2873 1257 2934; x_wconf 88' lang='lat' dir='ltr'>sit</span> <span class='ocrx_word' id='word_1_257' title='bbox 1278 2890 1375 2934; x_wconf 83' lang='lat' dir='ltr'>unse</span> 
     </span>
     <span class='ocr_line' id='line_1_26' title="bbox 143 2971 1375 3060; baseline -0.001 -23"><span class='ocrx_word' id='word_1_258' title='bbox 143 2975 239 3060; x_wconf 81' lang='lat' dir='ltr'>rebus</span> <span class='ocrx_word' id='word_1_259' title='bbox 272 2972 398 3045; x_wconf 81' lang='lat' dir='ltr'>creetis,</span> <span class='ocrx_word' id='word_1_260' title='bbox 430 2971 474 3033; x_wconf 85' lang='lat' dir='ltr'>vel</span> <span class='ocrx_word' id='word_1_261' title='bbox 502 2973 527 3034; x_wconf 90' lang='lat' dir='ltr'>si</span> <span class='ocrx_word' id='word_1_262' title='bbox 556 2973 719 3054; x_wconf 79' lang='lat' dir='ltr'>Scripturis</span> <span class='ocrx_word' id='word_1_263' title='bbox 751 2975 893 3054; x_wconf 77' lang='lat' dir='ltr'>relregeri</span> <span class='ocrx_word' id='word_1_264' title='bbox 922 2993 984 3036; x_wconf 89' lang='lat' dir='ltr'>nen</span> <span class='ocrx_word' id='word_1_265' title='bbox 1013 2973 1156 3038; x_wconf 79' lang='lat' dir='ltr'>rudentes</span> <span class='ocrx_word' id='word_1_266' title='bbox 1177 2975 1272 3038; x_wconf 86' lang='lat' dir='ltr'>Deum</span> <span class='ocrx_word' id='word_1_267' title='bbox 1294 2973 1375 3036; x_wconf 92' lang='lat' dir='ltr'>illum</span> 
     </span>
     <span class='ocr_line' id='line_1_27' title="bbox 143 3074 1374 3158; baseline -0.001 -19"><span class='ocrx_word' id='word_1_268' title='bbox 143 3075 304 3158; x_wconf 79' lang='lat' dir='ltr'>appellent,</span> <span class='ocrx_word' id='word_1_269' title='bbox 327 3074 418 3154; x_wconf 82' lang='lat' dir='ltr'>igitur</span> <span class='ocrx_word' id='word_1_270' title='bbox 437 3091 563 3138; x_wconf 85' lang='lat' dir='ltr'>neeesse</span> <span class='ocrx_word' id='word_1_271' title='bbox 586 3085 632 3139; x_wconf 90' lang='lat' dir='ltr'>est</span> <span class='ocrx_word' id='word_1_272' title='bbox 653 3085 687 3138; x_wconf 93' lang='lat' dir='ltr'>ut</span> <span class='ocrx_word' id='word_1_273' title='bbox 708 3077 785 3138; x_wconf 89' lang='lat' dir='ltr'>dues</span> <span class='ocrx_word' id='word_1_274' title='bbox 801 3076 875 3138; x_wconf 89' lang='lat' dir='ltr'>dees</span> <span class='ocrx_word' id='word_1_275' title='bbox 897 3075 1061 3146; x_wconf 76' lang='lat' dir='ltr'>admittent,</span> <span class='ocrx_word' id='word_1_276' title='bbox 1084 3093 1176 3138; x_wconf 90' lang='lat' dir='ltr'>unum</span> <span class='ocrx_word' id='word_1_277' title='bbox 1198 3085 1374 3150; x_wconf 79' lang='lat' dir='ltr'>createrem,</span> 
     </span>
     <span class='ocr_line' id='line_1_28' title="bbox 144 3161 1373 3264; baseline -0.003 -22"><span class='ocrx_word' id='word_1_278' title='bbox 144 3161 278 3242; x_wconf 78' lang='lat' dir='ltr'>meatum</span> <span class='ocrx_word' id='word_1_279' title='bbox 306 3175 411 3251; x_wconf 85' lang='lat' dir='ltr'>elium,</span> <span class='ocrx_word' id='word_1_280' title='bbox 445 3194 480 3238; x_wconf 87' lang='lat' dir='ltr'>ee</span> <span class='ocrx_word' id='word_1_281' title='bbox 507 3173 623 3238; x_wconf 88' lang='lat' dir='ltr'>duobus</span> <span class='ocrx_word' id='word_1_282' title='bbox 645 3176 772 3257; x_wconf 84' lang='lat' dir='ltr'>preinde</span> <span class='ocrx_word' id='word_1_283' title='bbox 794 3177 926 3264; x_wconf 75' lang='lat' dir='ltr'>deminis</span> <span class='ocrx_word' id='word_1_284' title='bbox 949 3176 1095 3252; x_wconf 86' lang='lat' dir='ltr'>servient,</span> <span class='ocrx_word' id='word_1_285' title='bbox 1126 3177 1176 3240; x_wconf 89' lang='lat' dir='ltr'>uni</span> <span class='ocrx_word' id='word_1_286' title='bbox 1204 3179 1373 3251; x_wconf 86' lang='lat' dir='ltr'>non-leete,</span> 
     </span>
     <span class='ocr_line' id='line_1_29' title="bbox 144 3277 1372 3358; baseline -0.002 -16"><span class='ocrx_word' id='word_1_287' title='bbox 144 3279 196 3342; x_wconf 88' lang='lat' dir='ltr'>elii</span> <span class='ocrx_word' id='word_1_288' title='bbox 218 3281 295 3341; x_wconf 79' lang='lat' dir='ltr'>lente</span> <span class='ocrx_word' id='word_1_289' title='bbox 318 3287 350 3340; x_wconf 92' lang='lat' dir='ltr'>et</span> <span class='ocrx_word' id='word_1_290' title='bbox 364 3285 481 3351; x_wconf 80' lang='lat' dir='ltr'>meets,</span> <span class='ocrx_word' id='word_1_291' title='bbox 503 3277 620 3358; x_wconf 88' lang='lat' dir='ltr'>hecque</span> <span class='ocrx_word' id='word_1_292' title='bbox 642 3285 730 3358; x_wconf 84' lang='lat' dir='ltr'>pecte</span> <span class='ocrx_word' id='word_1_293' title='bbox 752 3278 827 3340; x_wconf 87' lang='lat' dir='ltr'>dues</span> <span class='ocrx_word' id='word_1_294' title='bbox 849 3277 978 3356; x_wconf 82' lang='lat' dir='ltr'>bebeent</span> <span class='ocrx_word' id='word_1_295' title='bbox 998 3278 1083 3354; x_wconf 87' lang='lat' dir='ltr'>tides,</span> <span class='ocrx_word' id='word_1_296' title='bbox 1106 3296 1195 3342; x_wconf 81' lang='lat' dir='ltr'>unum</span> <span class='ocrx_word' id='word_1_297' title='bbox 1218 3278 1249 3356; x_wconf 88' lang='lat' dir='ltr'>in</span> <span class='ocrx_word' id='word_1_298' title='bbox 1270 3297 1372 3341; x_wconf 79' lang='lat' dir='ltr'>serum</span> 
     </span>
     <span class='ocr_line' id='line_1_30' title="bbox 142 3377 1374 3460; baseline 0 -18"><span class='ocrx_word' id='word_1_299' title='bbox 142 3379 255 3454; x_wconf 82' lang='lat' dir='ltr'>Deum,</span> <span class='ocrx_word' id='word_1_300' title='bbox 285 3379 371 3442; x_wconf 89' lang='lat' dir='ltr'>eliem</span> <span class='ocrx_word' id='word_1_301' title='bbox 392 3378 423 3440; x_wconf 91' lang='lat' dir='ltr'>iu</span> <span class='ocrx_word' id='word_1_302' title='bbox 445 3377 554 3440; x_wconf 75' lang='lat' dir='ltr'>lectrum</span> <span class='ocrx_word' id='word_1_303' title='bbox 576 3378 613 3441; x_wconf 89' lang='lat' dir='ltr'>eb</span> <span class='ocrx_word' id='word_1_304' title='bbox 634 3379 769 3460; x_wconf 85' lang='lat' dir='ltr'>ipsisque</span> <span class='ocrx_word' id='word_1_305' title='bbox 790 3381 890 3443; x_wconf 80' lang='lat' dir='ltr'>fletum</span> <span class='ocrx_word' id='word_1_306' title='bbox 913 3388 943 3442; x_wconf 88' lang='lat' dir='ltr'>et</span> <span class='ocrx_word' id='word_1_307' title='bbox 963 3378 1073 3443; x_wconf 86' lang='lat' dir='ltr'>dietum</span> <span class='ocrx_word' id='word_1_308' title='bbox 1095 3378 1200 3444; x_wconf 86' lang='lat' dir='ltr'>ileum.</span> <span class='ocrx_word' id='word_1_309' title='bbox 1243 3379 1374 3460; x_wconf 83' lang='lat' dir='ltr'>Necesse</span> 
     </span>
     <span class='ocr_line' id='line_1_31' title="bbox 144 3480 1374 3556; baseline -0.001 -13"><span class='ocrx_word' id='word_1_310' title='bbox 144 3488 192 3543; x_wconf 83' lang='lat' dir='ltr'>est</span> <span class='ocrx_word' id='word_1_311' title='bbox 217 3481 315 3542; x_wconf 86' lang='lat' dir='ltr'>eutem</span> <span class='ocrx_word' id='word_1_312' title='bbox 349 3498 403 3544; x_wconf 87' lang='lat' dir='ltr'>ees</span> <span class='ocrx_word' id='word_1_313' title='bbox 434 3480 509 3542; x_wconf 80' lang='lat' dir='ltr'>eden</span> <span class='ocrx_word' id='word_1_314' title='bbox 539 3480 718 3542; x_wconf 86' lang='lat' dir='ltr'>obeoeeetos</span> <span class='ocrx_word' id='word_1_315' title='bbox 747 3493 764 3544; x_wconf 85' lang='lat' dir='ltr'>e</span> <span class='ocrx_word' id='word_1_316' title='bbox 792 3481 869 3544; x_wconf 83' lang='lat' dir='ltr'>lecte</span> <span class='ocrx_word' id='word_1_317' title='bbox 903 3481 1058 3556; x_wconf 76' lang='lat' dir='ltr'>recedere,</span> <span class='ocrx_word' id='word_1_318' title='bbox 1090 3500 1157 3544; x_wconf 91' lang='lat' dir='ltr'>eum</span> <span class='ocrx_word' id='word_1_319' title='bbox 1184 3483 1374 3543; x_wconf 86' lang='lat' dir='ltr'>nee-teetum</span> 
     </span>
     <span class='ocr_line' id='line_1_32' title="bbox 144 3581 1372 3656; baseline 0.001 -15"><span class='ocrx_word' id='word_1_320' title='bbox 144 3581 279 3655; x_wconf 86' lang='lat' dir='ltr'>ederent,</span> <span class='ocrx_word' id='word_1_321' title='bbox 302 3589 333 3642; x_wconf 91' lang='lat' dir='ltr'>et</span> <span class='ocrx_word' id='word_1_322' title='bbox 353 3581 486 3644; x_wconf 86' lang='lat' dir='ltr'>vicissim</span> <span class='ocrx_word' id='word_1_323' title='bbox 509 3601 542 3644; x_wconf 85' lang='lat' dir='ltr'>se</span> <span class='ocrx_word' id='word_1_324' title='bbox 564 3602 581 3643; x_wconf 91' lang='lat' dir='ltr'>e</span> <span class='ocrx_word' id='word_1_325' title='bbox 603 3591 738 3646; x_wconf 86' lang='lat' dir='ltr'>ereetere</span> <span class='ocrx_word' id='word_1_326' title='bbox 759 3591 904 3656; x_wconf 82' lang='lat' dir='ltr'>evertere,</span> <span class='ocrx_word' id='word_1_327' title='bbox 926 3601 993 3646; x_wconf 89' lang='lat' dir='ltr'>eum</span> <span class='ocrx_word' id='word_1_328' title='bbox 1008 3583 1045 3646; x_wconf 89' lang='lat' dir='ltr'>ed</span> <span class='ocrx_word' id='word_1_329' title='bbox 1067 3592 1199 3647; x_wconf 85' lang='lat' dir='ltr'>ereetum</span> <span class='ocrx_word' id='word_1_330' title='bbox 1220 3583 1372 3645; x_wconf 83' lang='lat' dir='ltr'>secedunt.</span> 
     </span>
     <span class='ocr_line' id='line_1_33' title="bbox 145 3681 1374 3765; baseline 0 -22"><span class='ocrx_word' id='word_1_331' title='bbox 145 3681 207 3744; x_wconf 87' lang='lat' dir='ltr'>Nee</span> <span class='ocrx_word' id='word_1_332' title='bbox 228 3681 307 3744; x_wconf 89' lang='lat' dir='ltr'>enim</span> <span class='ocrx_word' id='word_1_333' title='bbox 328 3682 428 3746; x_wconf 79' lang='lat' dir='ltr'>bisin</span> <span class='ocrx_word' id='word_1_334' title='bbox 456 3682 508 3745; x_wconf 91' lang='lat' dir='ltr'>illo</span> <span class='ocrx_word' id='word_1_335' title='bbox 536 3683 627 3746; x_wconf 83' lang='lat' dir='ltr'>rideri</span> <span class='ocrx_word' id='word_1_336' title='bbox 659 3691 776 3765; x_wconf 86' lang='lat' dir='ltr'>potest,</span> <span class='ocrx_word' id='word_1_337' title='bbox 810 3685 920 3765; x_wconf 91' lang='lat' dir='ltr'>quippe</span> <span class='ocrx_word' id='word_1_338' title='bbox 947 3703 1015 3747; x_wconf 85' lang='lat' dir='ltr'>cum</span> <span class='ocrx_word' id='word_1_339' title='bbox 1047 3685 1160 3748; x_wconf 83' lang='lat' dir='ltr'>eliense</span> <span class='ocrx_word' id='word_1_340' title='bbox 1188 3692 1219 3746; x_wconf 90' lang='lat' dir='ltr'>et</span> <span class='ocrx_word' id='word_1_341' title='bbox 1240 3683 1374 3745; x_wconf 83' lang='lat' dir='ltr'>diverses</span> 
     </span>
     <span class='ocr_line' id='line_1_34' title="bbox 146 3783 1376 3864; baseline 0.002 -21"><span class='ocrx_word' id='word_1_342' title='bbox 146 3783 211 3844; x_wconf 85' lang='lat' dir='ltr'>siut</span> <span class='ocrx_word' id='word_1_343' title='bbox 229 3783 384 3846; x_wconf 81' lang='lat' dir='ltr'>amborum</span> <span class='ocrx_word' id='word_1_344' title='bbox 412 3801 479 3847; x_wconf 85' lang='lat' dir='ltr'>eum</span> <span class='ocrx_word' id='word_1_345' title='bbox 507 3793 627 3848; x_wconf 82' lang='lat' dir='ltr'>ueteres</span> <span class='ocrx_word' id='word_1_346' title='bbox 656 3794 719 3848; x_wconf 88' lang='lat' dir='ltr'>tum</span> <span class='ocrx_word' id='word_1_347' title='bbox 747 3786 880 3847; x_wconf 83' lang='lat' dir='ltr'>ellectus.</span> <span class='ocrx_word' id='word_1_348' title='bbox 926 3784 959 3846; x_wconf 86' lang='lat' dir='ltr'>si</span> <span class='ocrx_word' id='word_1_349' title='bbox 981 3784 1071 3864; x_wconf 79' lang='lat' dir='ltr'>igitur</span> <span class='ocrx_word' id='word_1_350' title='bbox 1091 3785 1165 3846; x_wconf 82' lang='lat' dir='ltr'>bees</span> <span class='ocrx_word' id='word_1_351' title='bbox 1186 3783 1304 3846; x_wconf 90' lang='lat' dir='ltr'>illorum</span> <span class='ocrx_word' id='word_1_352' title='bbox 1327 3791 1376 3846; x_wconf 88' lang='lat' dir='ltr'>est</span> 
     </span>
    </p>
   </div>
   <div class='ocr_carea' id='block_1_3' title="bbox 23 3989 1376 4674">
    <p class='ocr_par' dir='ltr' id='par_1_5' title="bbox 23 3989 1376 4674">
     <span class='ocr_line' id='line_1_35' title="bbox 180 3989 1124 4067; baseline 0 -17"><span class='ocrx_word' id='word_1_353' title='bbox 180 4001 204 4050; x_wconf 92' lang='lat' dir='ltr'>b.</span> <span class='ocrx_word' id='word_1_354' title='bbox 222 4002 279 4065; x_wconf 76' lang='lat' dir='ltr'>deq.</span> <span class='ocrx_word' id='word_1_355' title='bbox 294 4001 322 4050; x_wconf 79' lang='lat' dir='ltr'>l.</span> <span class='ocrx_word' id='word_1_356' title='bbox 341 4010 366 4051; x_wconf 84' lang='lat' dir='ltr'>et</span> <span class='ocrx_word' id='word_1_357' title='bbox 383 4001 454 4062; x_wconf 71' lang='lat' dir='ltr'>Segn.</span> <span class='ocrx_word' id='word_1_358' title='bbox 473 3999 564 4050; x_wconf 87' lang='lat' dir='ltr'>edduet</span> <span class='ocrx_word' id='word_1_359' title='bbox 584 3992 615 4048; x_wconf 73' lang='lat' dir='ltr'>tv</span> <span class='ocrx_word' id='word_1_360' title='bbox 631 3990 736 4048; x_wconf 76' lang='grc' dir='ltr'><em>ἅπασιν</em></span> <span class='ocrx_word' id='word_1_361' title='bbox 821 4001 838 4050; x_wconf 91' lang='lat' dir='ltr'>l.</span> <span class='ocrx_word' id='word_1_362' title='bbox 856 3999 929 4050; x_wconf 81' lang='lat' dir='ltr'>besil.</span> <span class='ocrx_word' id='word_1_363' title='bbox 947 3991 1011 4067; x_wconf 81' lang='grc' dir='ltr'>παρ’</span> <span class='ocrx_word' id='word_1_364' title='bbox 1032 3989 1124 4051; x_wconf 73' lang='grc' dir='ltr'><strong><em>αὐτοῦ.</em></strong></span> 
     </span>
     <span class='ocr_line' id='line_1_36' title="bbox 145 4066 733 4134; baseline -0.003 -16"><span class='ocrx_word' id='word_1_365' title='bbox 145 4067 211 4134; x_wconf 89' lang='lat' dir='ltr'>qued</span> <span class='ocrx_word' id='word_1_366' title='bbox 228 4070 252 4118; x_wconf 89' lang='lat' dir='ltr'>in</span> <span class='ocrx_word' id='word_1_367' title='bbox 271 4068 325 4119; x_wconf 82' lang='lat' dir='ltr'>eliis</span> <span class='ocrx_word' id='word_1_368' title='bbox 343 4074 367 4118; x_wconf 84' lang='lat' dir='ltr'>et</span> <span class='ocrx_word' id='word_1_369' title='bbox 384 4067 455 4118; x_wconf 85' lang='lat' dir='ltr'>editis</span> <span class='ocrx_word' id='word_1_370' title='bbox 463 4067 541 4116; x_wconf 88' lang='lat' dir='ltr'>deest.</span> <span class='ocrx_word' id='word_1_371' title='bbox 568 4066 619 4116; x_wconf 83' lang='lat' dir='ltr'>ilex</span> <span class='ocrx_word' id='word_1_372' title='bbox 638 4067 695 4128; x_wconf 69' lang='lat' dir='ltr'>neg.</span> <span class='ocrx_word' id='word_1_373' title='bbox 712 4066 733 4116; x_wconf 92' lang='lat' dir='ltr'>l.</span> 
     </span>
     <span class='ocr_line' id='line_1_37' title="bbox 23 4123 816 4250; baseline -0.005 -65"><span class='ocrx_word' id='word_1_374' title='bbox 23 4152 31 4168; x_wconf 92' lang='lat'><strong>·</strong></span> <span class='ocrx_word' id='word_1_375' title='bbox 144 4135 245 4250; x_wconf 41' lang='lat' dir='ltr'>squar.</span> <span class='ocrx_word' id='word_1_376' title='bbox 264 4135 363 4188; x_wconf 80' lang='lat' dir='ltr'>Gebler.</span> <span class='ocrx_word' id='word_1_377' title='bbox 380 4143 405 4185; x_wconf 84' lang='lat' dir='ltr'>et</span> <span class='ocrx_word' id='word_1_378' title='bbox 422 4133 528 4184; x_wconf 79' lang='lat' dir='ltr'>Felelm.</span> <span class='ocrx_word' id='word_1_379' title='bbox 548 4134 570 4184; x_wconf 92' lang='lat' dir='ltr'>l.</span> <span class='ocrx_word' id='word_1_380' title='bbox 589 4123 660 4182; x_wconf 69' lang='lat' dir='ltr'>eben</span> <span class='ocrx_word' id='word_1_381' title='bbox 677 4127 733 4200; x_wconf 76' lang='grc' dir='ltr'>γὰρ</span> <span class='ocrx_word' id='word_1_382' title='bbox 784 4168 816 4218; x_wconf 55' lang='grc' dir='ltr'>ἡ</span> 
     </span>
     <span class='ocr_line' id='line_1_38' title="bbox 143 4193 696 4268; baseline 0.002 -16"><span class='ocrx_word' id='word_1_383' title='bbox 143 4215 179 4252; x_wconf 79' lang='grc' dir='ltr'>κα</span> <span class='ocrx_word' id='word_1_384' title='bbox 207 4194 264 4254; x_wconf 71' lang='lat' dir='ltr'>tua.</span> <span class='ocrx_word' id='word_1_385' title='bbox 300 4193 553 4258; x_wconf 64' lang='lat' dir='ltr'>testitudinem</span> <span class='ocrx_word' id='word_1_386' title='bbox 570 4194 618 4249; x_wconf 75' lang='lat' dir='ltr'>sei</span> <span class='ocrx_word' id='word_1_387' title='bbox 633 4193 696 4268; x_wconf 15' lang='lat' dir='ltr'>tre,</span> 
     </span>
     <span class='ocr_line' id='line_1_39' title="bbox 178 4261 732 4335; baseline 0 -15"><span class='ocrx_word' id='word_1_388' title='bbox 178 4273 195 4320; x_wconf 92' lang='lat' dir='ltr'>i.</span> <span class='ocrx_word' id='word_1_389' title='bbox 219 4271 360 4334; x_wconf 67' lang='lat' dir='ltr'>&amp;querire</span> <span class='ocrx_word' id='word_1_390' title='bbox 379 4261 534 4335; x_wconf 63' lang='lat' dir='ltr'>irrepens.</span> <span class='ocrx_word' id='word_1_391' title='bbox 568 4270 609 4320; x_wconf 86' lang='lat' dir='ltr'>Sie</span> <span class='ocrx_word' id='word_1_392' title='bbox 633 4271 688 4320; x_wconf 86' lang='lat' dir='ltr'>item</span> <span class='ocrx_word' id='word_1_393' title='bbox 707 4271 732 4320; x_wconf 83' lang='lat' dir='ltr'>ie</span> 
     </span>
     <span class='ocr_line' id='line_1_40' title="bbox 144 4337 733 4404; baseline -0.002 -14"><span class='ocrx_word' id='word_1_394' title='bbox 144 4339 202 4401; x_wconf 66' lang='lat' dir='ltr'>ees.</span> <span class='ocrx_word' id='word_1_395' title='bbox 215 4339 237 4388; x_wconf 89' lang='lat' dir='ltr'>l.</span> <span class='ocrx_word' id='word_1_396' title='bbox 257 4339 373 4404; x_wconf 85' lang='lat' dir='ltr'>seriptum</span> <span class='ocrx_word' id='word_1_397' title='bbox 391 4347 452 4398; x_wconf 82' lang='lat' dir='ltr'>eret,</span> <span class='ocrx_word' id='word_1_398' title='bbox 469 4338 513 4388; x_wconf 85' lang='lat' dir='ltr'>sed</span> <span class='ocrx_word' id='word_1_399' title='bbox 526 4350 559 4384; x_wconf 82' lang='grc' dir='ltr'>ον</span> <span class='ocrx_word' id='word_1_400' title='bbox 570 4337 674 4388; x_wconf 83' lang='lat' dir='ltr'>deletum</span> <span class='ocrx_word' id='word_1_401' title='bbox 687 4345 733 4388; x_wconf 85' lang='lat' dir='ltr'>est.</span> 
     </span>
     <span class='ocr_line' id='line_1_41' title="bbox 178 4405 734 4470; baseline -0.002 -14"><span class='ocrx_word' id='word_1_402' title='bbox 178 4407 200 4456; x_wconf 77' lang='lat' dir='ltr'>le</span> <span class='ocrx_word' id='word_1_403' title='bbox 219 4407 308 4470; x_wconf 71' lang='lat' dir='ltr'>llessins</span> <span class='ocrx_word' id='word_1_404' title='bbox 328 4407 350 4456; x_wconf 88' lang='lat' dir='ltr'>l.</span> <span class='ocrx_word' id='word_1_405' title='bbox 367 4406 507 4469; x_wconf 73' lang='lat' dir='ltr'>Sequerisn.</span> <span class='ocrx_word' id='word_1_406' title='bbox 525 4405 616 4469; x_wconf 72' lang='lat' dir='ltr'>legiis.</span> <span class='ocrx_word' id='word_1_407' title='bbox 636 4405 734 4458; x_wconf 82' lang='lat' dir='ltr'>Gebler.</span> 
     </span>
     <span class='ocr_line' id='line_1_42' title="bbox 142 4465 736 4539; baseline 0.002 -17"><span class='ocrx_word' id='word_1_408' title='bbox 142 4473 251 4524; x_wconf 73' lang='lat' dir='ltr'>lielelm.</span> <span class='ocrx_word' id='word_1_409' title='bbox 280 4475 302 4524; x_wconf 88' lang='lat'>1.</span> <span class='ocrx_word' id='word_1_410' title='bbox 329 4481 353 4524; x_wconf 88' lang='lat' dir='ltr'>et</span> <span class='ocrx_word' id='word_1_411' title='bbox 378 4474 404 4527; x_wconf 82' lang='lat'>5.</span> <span class='ocrx_word' id='word_1_412' title='bbox 431 4465 564 4539; x_wconf 68' lang='grc' dir='ltr'>ἀγενήτῳ.</span> <span class='ocrx_word' id='word_1_413' title='bbox 605 4474 684 4524; x_wconf 82' lang='lat' dir='ltr'>Ceteri</span> <span class='ocrx_word' id='word_1_414' title='bbox 711 4479 736 4523; x_wconf 91' lang='lat' dir='ltr'>et</span> 
     </span>
     <span class='ocr_line' id='line_1_43' title="bbox 141 4532 1376 4606; baseline 0.002 -18"><span class='ocrx_word' id='word_1_415' title='bbox 141 4540 202 4590; x_wconf 77' lang='lat' dir='ltr'>editt</span> <span class='ocrx_word' id='word_1_416' title='bbox 226 4532 235 4554; x_wconf 87' lang='lat'>’</span> <span class='ocrx_word' id='word_1_417' title='bbox 256 4532 367 4606; x_wconf 74' lang='grc' dir='ltr'><strong><em>εννῆτῳ.</em></strong></span> <span class='ocrx_word' id='word_1_418' title='bbox 402 4541 455 4592; x_wconf 82' lang='lat' dir='ltr'>ltux</span> <span class='ocrx_word' id='word_1_419' title='bbox 472 4541 543 4593; x_wconf 74' lang='lat' dir='ltr'>(tobi.</span> <span class='ocrx_word' id='word_1_420' title='bbox 562 4549 585 4590; x_wconf 92' lang='lat' dir='ltr'>et</span> <span class='ocrx_word' id='word_1_421' title='bbox 596 4541 700 4591; x_wconf 73' lang='lat' dir='ltr'>deletum.</span> <span class='ocrx_word' id='word_1_422' title='bbox 713 4541 736 4590; x_wconf 88' lang='lat' dir='ltr'>l.</span> <span class='ocrx_word' id='word_1_423' title='bbox 820 4555 844 4592; x_wconf 87' lang='lat' dir='ltr'>e.</span> <span class='ocrx_word' id='word_1_424' title='bbox 870 4541 911 4594; x_wconf 83' lang='lat' dir='ltr'>Sis</span> <span class='ocrx_word' id='word_1_425' title='bbox 931 4544 987 4606; x_wconf 64' lang='lat' dir='ltr'>lies.</span> <span class='ocrx_word' id='word_1_426' title='bbox 1017 4543 1037 4592; x_wconf 89' lang='lat' dir='ltr'>l.</span> <span class='ocrx_word' id='word_1_427' title='bbox 1057 4549 1080 4594; x_wconf 83' lang='lat' dir='ltr'>et</span> <span class='ocrx_word' id='word_1_428' title='bbox 1097 4543 1197 4606; x_wconf 75' lang='lat' dir='ltr'>Sequer.</span> <span class='ocrx_word' id='word_1_429' title='bbox 1232 4543 1259 4592; x_wconf 88' lang='lat' dir='ltr'>ln</span> <span class='ocrx_word' id='word_1_430' title='bbox 1278 4541 1332 4593; x_wconf 82' lang='lat' dir='ltr'>eliis</span> <span class='ocrx_word' id='word_1_431' title='bbox 1351 4547 1376 4590; x_wconf 91' lang='lat' dir='ltr'>et</span> 
     </span>
     <span class='ocr_line' id='line_1_44' title="bbox 142 4599 1060 4674; baseline 0.003 -19"><span class='ocrx_word' id='word_1_432' title='bbox 142 4618 226 4671; x_wconf 73' lang='lat' dir='ltr'>yseqe</span> <span class='ocrx_word' id='word_1_433' title='bbox 261 4601 424 4674; x_wconf 64' lang='lat' dir='ltr'>:aimmei-</span> <span class='ocrx_word' id='word_1_434' title='bbox 444 4604 736 4674; x_wconf 64' lang='lat' dir='ltr'>negentursvmrqt.</span> <span class='ocrx_word' id='word_1_435' title='bbox 787 4609 857 4661; x_wconf 84' lang='lat' dir='ltr'>editis</span> <span class='ocrx_word' id='word_1_436' title='bbox 874 4611 943 4662; x_wconf 82' lang='lat' dir='ltr'>deest</span> <span class='ocrx_word' id='word_1_437' title='bbox 960 4599 1060 4660; x_wconf 59' lang='grc' dir='ltr'>αὐτῶν.</span> 
     </span>
    </p>
   </div>
   <div class='ocr_carea' id='block_1_4' title="bbox 783 4099 1377 4371">
    <p class='ocr_par' dir='ltr' id='par_1_6' title="bbox 783 4099 1377 4371">
     <span class='ocr_line' id='line_1_45' title="bbox 820 4099 1377 4176; baseline 0.005 -26"><span class='ocrx_word' id='word_1_438' title='bbox 820 4115 851 4150; x_wconf 87' lang='lat' dir='ltr'>m.</span> <span class='ocrx_word' id='word_1_439' title='bbox 871 4101 927 4164; x_wconf 67' lang='lat' dir='ltr'>neq.</span> <span class='ocrx_word' id='word_1_440' title='bbox 940 4099 961 4150; x_wconf 86' lang='grc'>1.</span> <span class='ocrx_word' id='word_1_441' title='bbox 980 4101 1120 4176; x_wconf 70' lang='lat' dir='ltr'>Seqperisu.</span> <span class='ocrx_word' id='word_1_442' title='bbox 1137 4103 1228 4167; x_wconf 61' lang='lat' dir='ltr'>testie.</span> <span class='ocrx_word' id='word_1_443' title='bbox 1244 4103 1341 4156; x_wconf 82' lang='lat' dir='ltr'>anler.</span> <span class='ocrx_word' id='word_1_444' title='bbox 1352 4111 1377 4153; x_wconf 86' lang='lat' dir='ltr'>et</span> 
     </span>
     <span class='ocr_line' id='line_1_46' title="bbox 819 4159 1375 4238; baseline 0.005 -20"><span class='ocrx_word' id='word_1_445' title='bbox 819 4169 890 4219; x_wconf 85' lang='lat' dir='ltr'>telm.</span> <span class='ocrx_word' id='word_1_446' title='bbox 911 4167 932 4220; x_wconf 90' lang='lat' dir='ltr'>l.</span> <span class='ocrx_word' id='word_1_447' title='bbox 951 4159 1083 4234; x_wconf 69' lang='lat' dir='ltr'>dyeeesqr.</span> <span class='ocrx_word' id='word_1_448' title='bbox 1117 4169 1178 4222; x_wconf 76' lang='lat' dir='ltr'>Editi</span> <span class='ocrx_word' id='word_1_449' title='bbox 1197 4179 1220 4222; x_wconf 89' lang='lat' dir='ltr'>et</span> <span class='ocrx_word' id='word_1_450' title='bbox 1238 4174 1278 4224; x_wconf 85' lang='lat' dir='ltr'>etii</span> <span class='ocrx_word' id='word_1_451' title='bbox 1297 4165 1375 4238; x_wconf 70' lang='lat' dir='ltr'>dyse-</span> 
     </span>
     <span class='ocr_line' id='line_1_47' title="bbox 783 4230 1373 4303; baseline 0.008 -19"><span class='ocrx_word' id='word_1_452' title='bbox 783 4230 865 4302; x_wconf 76' lang='grc' dir='ltr'>νὴτῳ.</span> <span class='ocrx_word' id='word_1_453' title='bbox 893 4236 984 4288; x_wconf 88' lang='lat' dir='ltr'>ibidem</span> <span class='ocrx_word' id='word_1_454' title='bbox 1004 4239 1060 4299; x_wconf 73' lang='lat' dir='ltr'>[teg.</span> <span class='ocrx_word' id='word_1_455' title='bbox 1083 4237 1104 4289; x_wconf 81' lang='lat'>1,</span> <span class='ocrx_word' id='word_1_456' title='bbox 1122 4239 1220 4302; x_wconf 70' lang='lat' dir='ltr'>Sepuer.</span> <span class='ocrx_word' id='word_1_457' title='bbox 1240 4249 1264 4290; x_wconf 88' lang='lat' dir='ltr'>et</span> <span class='ocrx_word' id='word_1_458' title='bbox 1281 4241 1373 4303; x_wconf 71' lang='lat' dir='ltr'>englis.</span> 
     </span>
     <span class='ocr_line' id='line_1_48' title="bbox 784 4299 1374 4371; baseline 0.007 -19"><span class='ocrx_word' id='word_1_459' title='bbox 784 4299 1020 4361; x_wconf 73' lang='lat' dir='ltr'>sarnensii&#39;sedne</span> <span class='ocrx_word' id='word_1_460' title='bbox 1030 4299 1080 4354; x_wconf 79' lang='grc' dir='ltr'>τὸν</span> <span class='ocrx_word' id='word_1_461' title='bbox 1090 4299 1213 4371; x_wconf 67' lang='grc' dir='ltr'>γενητόν,</span> <span class='ocrx_word' id='word_1_462' title='bbox 1232 4307 1337 4358; x_wconf 80' lang='lat' dir='ltr'>Felelm.</span> <span class='ocrx_word' id='word_1_463' title='bbox 1349 4309 1374 4357; x_wconf 84' lang='lat' dir='ltr'>b.</span> 
     </span>
    </p>
   </div>
   <div class='ocr_carea' id='block_1_5' title="bbox 785 4367 1375 4506">
    <p class='ocr_par' dir='ltr' id='par_1_7' title="bbox 785 4367 1375 4506">
     <span class='ocr_line' id='line_1_49' title="bbox 785 4367 1375 4454; baseline 0.005 -34"><span class='ocrx_word' id='word_1_464' title='bbox 785 4367 1019 4430; x_wconf 73' lang='grc' dir='ltr'>κατανωτίζεσθαι</span> <span class='ocrx_word' id='word_1_465' title='bbox 1035 4371 1075 4454; x_wconf 65' lang='lat' dir='ltr'>sp·</span> <span class='ocrx_word' id='word_1_466' title='bbox 1091 4373 1204 4452; x_wconf 50' lang='lat' dir='ltr'>reuerti.</span> <span class='ocrx_word' id='word_1_467' title='bbox 1229 4376 1307 4426; x_wconf 79' lang='lat' dir='ltr'>etttet</span> <span class='ocrx_word' id='word_1_468' title='bbox 1317 4374 1375 4426; x_wconf 88' lang='lat' dir='ltr'>edit.</span> 
     </span>
     <span class='ocr_line' id='line_1_50' title="bbox 787 4435 1348 4506; baseline 0 -14"><span class='ocrx_word' id='word_1_469' title='bbox 787 4439 904 4492; x_wconf 82' lang='lat' dir='ltr'>Cemmet.</span> <span class='ocrx_word' id='word_1_470' title='bbox 920 4439 1158 4500; x_wconf 74' lang='grc' dir='ltr'>κατανωιιζεσθαι</span> <span class='ocrx_word' id='word_1_471' title='bbox 1175 4456 1206 4490; x_wconf 85' lang='lat' dir='ltr'>re</span> <span class='ocrx_word' id='word_1_472' title='bbox 1223 4435 1348 4506; x_wconf 74' lang='grc' dir='ltr'>γενητόν.</span> 
     </span>
    </p>
   </div>
   <div class='ocr_carea' id='block_1_6' title="bbox 0 0 1634 5292">
    <p class='ocr_par' dir='ltr' id='par_1_8' title="bbox 0 0 1634 5292">
     <span class='ocr_line' id='line_1_51' title="bbox 0 0 1634 5292; baseline 0 0"><span class='ocrx_word' id='word_1_473' title='bbox 0 0 1634 5292; x_wconf 95' lang='lat' dir='ltr'> </span> 
     </span>
    </p>
   </div>
  </div>
 </body>
</html>
