3162 5308
520 397 627 442 onemo
643 398 680 440 n.
697 397 811 442 eonem
826 397 960 440 ramnes.
1275 379 1336 444 ebe

128 565 214 616 earne
236 551 423 614 coniunctum
445 567 512 611 esse
534 549 623 622 audit,
647 549 887 612 mairomontem
910 546 1090 627 simplexque
1112 545 1254 626 intelligat
1272 560 1419 626 mpsim

127 655 261 717 sterium.
305 653 412 714 Verum
433 651 611 713 luculentius
632 651 800 730 certiusque
822 649 926 728 quovis
949 647 1103 712 rauoonio
1122 667 1175 723 ea,
1208 665 1281 727 quae
1302 646 1339 709 ub

124 751 312 834 monumen.
341 753 378 815 ed
411 751 504 831 ipsam
533 749 684 831 Deiparam
714 749 790 812 dieta
817 757 900 822 sunt,
930 749 1018 811 divini
1047 749 1134 810 Verbi
1162 757 1191 812 at
1210 749 1339 812 bominis

126 857 266 920 unitatem
289 853 568 917 demonstraverint:
591 852 654 914 aius
676 852 749 913 haee
769 859 838 914 sunt
860 849 963 912 rerba:
986 850 1119 932 Spiritus
1142 860 1263 914 sanetus
1285 871 1340 914 sn-

123 963 282 1040 perveniet
302 962 334 1019 in
356 969 399 1029 te,
433 968 463 1019 et
483 945 590 1018 eirtns'
605 953 754 1016 Altissinn'
773 953 962 1016 obumbrabit
983 955 1049 1023 tibi,
1071 953 1193 1033 ideoque
1213 962 1242 1014 et
1262 953 1340 1033 quob

126 1073 270 1124 noscetur
297 1069 447 1128 sonetum,
478 1057 636 1118 verebitur
658 1053 753 1118 Filius
775 1055 840 1116 Dei.
884 1053 979 1116 Stulte
1005 1054 1093 1132 igitur
1115 1053 1339 1116 samosatenses

126 1163 256 1224 Verbum
277 1160 423 1232 dividunt,
456 1177 522 1220 aum
537 1158 585 1220 bis
608 1177 643 1220 ex
665 1157 761 1218 verbis
784 1156 891 1218 ciarum
915 1157 970 1230 sit,
993 1156 1089 1236 ipsum
1113 1155 1225 1218 unitum
1247 1154 1339 1218 luisse

127 1263 241 1325 homini
264 1281 297 1323 ex
319 1261 408 1322 bieria
430 1269 572 1322 assumto.
616 1259 681 1320 Non
711 1277 781 1338 ergo
803 1258 931 1320 Verbum
951 1275 1006 1336 per
1028 1256 1175 1319 Christum
1198 1264 1242 1318 est
1262 1257 1338 1318 mis·

130 1384 207 1439 sum,
231 1364 282 1425 aab
304 1363 403 1443 potius
426 1362 457 1423 in
478 1361 596 1424 Christe
618 1361 709 1433 misit,
732 1358 874 1422 sumsit:
903 1357 961 1430 lte,
984 1361 1084 1422 berete
1108 1355 1207 1421 omn'er
1227 1369 1337 1439 pentes.

212 1569 263 1632 33.
307 1562 424 1628 Scilicet
445 1565 469 1626 is
492 1571 539 1625 eat
559 1578 625 1624 mos
648 1563 832 1642 Scripturae,
863 1559 1034 1642 simpliciter
1060 1571 1090 1623 et
1117 1562 1182 1624 sine
1211 1579 1337 1623 exeme-

126 1672 208 1733 tiene
230 1667 317 1730 verbe
340 1667 455 1727 efferre.
500 1664 549 1725 Sic
570 1665 693 1744 exempli
721 1663 814 1742 matie
835 1663 865 1724 in
886 1663 962 1726 libro
984 1664 1179 1726 Numerarem
1200 1664 1273 1726 baeu
1293 1663 1337 1725 le·

125 1773 237 1850 pimus:
268 1768 356 1830 eren
379 1765 496 1845 Moyses
519 1765 645 1846 Ruperti
664 1765 845 1830 Medionitae
871 1781 979 1845 persero
1008 1765 1130 1845 Moysis.
1174 1765 1234 1827 Nee
1260 1766 1339 1828 euim

126 1873 202 1934 alius
226 1867 443 1947 emilienses,
471 1867 520 1946 qui
541 1867 728 1946 loquebatur,
757 1874 786 1928 et
807 1866 896 1939 aliua,
919 1867 1002 1929 unius
1024 1885 1115 1946 gener
1136 1876 1198 1929 erat
1219 1867 1337 1947 Raguel,
1456 1878 1465 1899 ·

126 1973 180 2035 sed
202 1989 280 2032 unus
303 1979 365 2031 eret
385 1970 512 2048 Moyses.
557 1969 745 2048 Quapropter
766 1969 792 2030 si
814 1969 924 2048 pariter
945 1969 1072 2032 Verbum
1094 1967 1162 2043 Dei,
1185 1967 1338 2049 sapientia,

128 2075 233 2146 virtus,
256 2071 384 2144 dextera,
407 2071 558 2133 brachium
581 2071 744 2151 similiaque
767 2071 936 2152 appellatur,
961 2071 986 2134 ai
1009 2071 1078 2133 item
1093 2089 1160 2133 sese
1173 2071 1262 2132 nobis
1277 2069 1337 2131 ele·

127 2184 242 2238 menter
268 2173 418 2235 coniunxit
446 2183 625 2252 roseasque
652 2172 749 2235 induit
776 2172 936 2252 primitius,
965 2173 1138 2253 quibusoam
1166 2189 1233 2236 sese
1254 2189 1338 2234 aem·

128 2277 261 2351 miseuit3
284 2294 354 2356 erqo
375 2276 463 2337 etiam
484 2275 562 2336 idem
584 2275 711 2336 Verbum
733 2283 828 2337 catera
848 2275 965 2336 nomina
988 2276 1052 2338 iure
1073 2277 1178 2338 merito
1202 2276 1339 2337 sortitum

127 2389 182 2442 est.
225 2379 305 2440 liaeo
330 2379 407 2440 enim
435 2377 554 2440 loannis
583 2377 688 2451 verba,
718 2377 824 2456 quibus
852 2375 980 2448 Verbum
1007 2378 1037 2439 in
1065 2377 1210 2457 principie
1236 2376 1337 2448 luisse,

127 2491 157 2542 et
178 2481 254 2560 apud
276 2481 367 2542 ileum
390 2499 424 2541 ae
445 2479 536 2541 Deum
559 2477 662 2551 iuisse,
685 2480 841 2558 omniaque
861 2497 915 2558 per
934 2480 1031 2560 ipsum
1052 2480 1126 2540 laeta
1147 2496 1226 2550 esse,
1248 2476 1337 2537 nibil-

128 2599 185 2658 que
207 2582 271 2641 sine
292 2581 359 2659 ipso
382 2599 449 2642 esse
471 2583 578 2642 iactum
600 2580 720 2654 dieitur,
750 2590 850 2660 operte
876 2583 1008 2660 preieoto
1038 2580 1213 2652 ostendunt,
1241 2579 1339 2659 ipsum

127 2697 245 2758 queque
267 2681 415 2742 bominem
437 2679 489 2742 Dei
511 2682 597 2744 Verbi
620 2701 695 2762 opus
713 2684 796 2745 esse.
839 2684 940 2762 ltaque
958 2683 984 2744 si
1000 2701 1077 2753 eum,
1100 2689 1254 2760 postquam
1269 2697 1338 2740 eor-

128 2789 233 2860 rnptus
256 2789 317 2854 est,
350 2781 380 2842 in
402 2801 434 2844 se
455 2784 597 2864 suscepit,
626 2793 659 2844 ut
679 2785 775 2864 ipsum
798 2785 895 2846 stabili
917 2793 947 2845 et
968 2785 1049 2844 firma
1079 2782 1123 2846 sui
1146 2781 1423 2844 renovationes-en·

127 2891 273 2961 perpetuo
295 2901 520 2962 permansurum
541 2887 690 2959 reboaret,
718 2905 804 2966 quem
834 2887 949 2965 quidem
979 2883 1017 2944 ob
1044 2901 1160 2946 eausam
1188 2884 1283 2945 eidem
1306 2899 1339 2944 sa

128 2982 290 3057 coniunxit,
312 2993 345 3045 ut
366 2984 445 3064 illurn
468 2985 498 3046 in
514 2996 625 3048 sertem
640 2987 874 3048 uenditionemve
889 2985 1062 3048 diviniorem
1078 2981 1267 3065 proveherem
1289 2989 1339 3064 qul

128 3085 192 3145 [ieri
214 3093 313 3164 potest
333 3093 366 3147 ut
386 3085 512 3147 Verbum
533 3105 587 3166 per
608 3087 768 3161 bominem,
792 3087 841 3166 qui
864 3105 899 3148 ex
914 3087 1003 3148 bieria
1021 3097 1171 3149 assumtus
1192 3087 1240 3160 sit,
1264 3088 1338 3148 mis·

130 3203 195 3247 aum
219 3203 286 3248 esse
308 3186 430 3259 dicatur,
452 3187 573 3267 ipseque
587 3189 797 3268 Apostolorum
812 3189 954 3252 Dominus
976 3189 1054 3255 inter
1075 3198 1189 3250 eeteros
1209 3189 1338 3268 Apeste-
1386 3177 1394 3212 ’
1422 3248 1425 3256 ,

128 3273 184 3360 loa,
208 3305 313 3368 nempe
335 3287 515 3368 Prophetas,
538 3289 573 3351 ab
596 3289 700 3351 eodem
722 3289 833 3352 missos
855 3287 1047 3352 numeretur?
1089 3291 1133 3350 An
1154 3307 1224 3351 vero
1245 3307 1338 3369 purus

127 3389 215 3450 bomo
249 3389 346 3468 possit
377 3387 475 3450 noeari
503 3389 661 3453 Christus?
709 3389 828 3452 blinime
859 3400 953 3466 eerte3
982 3403 1011 3453 at
1037 3390 1132 3454 Verbo
1166 3392 1338 3454 coniunctus

126 3489 191 3552 iure
211 3491 316 3552 merito
339 3491 473 3553 Christus
496 3500 526 3552 et
545 3493 636 3554 Filius
654 3491 706 3553 Dei
727 3501 827 3570 petest
849 3493 997 3572 appellari,
1020 3501 1095 3554 teste
1110 3493 1266 3574 Propheta,
1289 3492 1338 3573 qui

126 3591 183 3652 iam
205 3592 274 3654 elim
302 3601 453 3672 paternam
482 3594 675 3656 substantiam
704 3593 860 3656 manifeste
881 3593 921 3656 illi
944 3594 1091 3668 attribuit,
1119 3610 1185 3655 eum
1213 3595 1267 3656 ait:
1299 3594 1338 3656 Et

126 3697 242 3755 mittum
264 3693 372 3756 Filium
392 3711 489 3756 meum
512 3695 673 3765 Cbm'stnm.
717 3695 802 3776 Apud
815 3695 968 3760 Iordanem
984 3697 1082 3758 audita
1104 3697 1173 3758 item
1196 3696 1267 3757 bees
1280 3713 1337 3757 rex

125 3981 178 4030 bion
196 3981 252 4042 iter.
270 3987 292 4026 et
311 3979 407 4040 Sepeee.
421 3973 593 4044 χρηματίζοι.
629 3979 706 4028 Ceteri
793 3981 808 4028 1.
833 3981 867 4030 lta
892 3981 947 4042 Req.
971 3982 1070 4042 Sequor.
1088 3980 1159 4030 besil.
1176 3990 1200 4032 et
1216 3981 1336 4044 bnplioao.

123 4045 223 4097 et'editi
237 4039 404 4112 χρηματίζει.
758 4047 783 4095 lu
808 4047 861 4096 aliis
886 4055 909 4095 et
933 4047 1002 4096 editis
1026 4041 1072 4094 noi
1094 4049 1167 4098 deest.
1204 4049 1254 4098 ilex
1277 4065 1336 4101 mss.

160 4149 183 4198 h.
202 4147 274 4197 nnn.
294 4155 316 4196 el
334 4145 422 4206 mne·
441 4136 537 4203 ἥρωα,Ι
757 4127 840 4163 omnes
858 4113 957 4162 τοῦτον
973 4111 1163 4184 onbpmbbrto.
1197 4115 1335 4169 111111τοῦ-

754 4193 805 4230 τον
821 4177 1004 4246 sepner-birra,
1023 4185 1146 4236 mendose.

158 4249 174 4299 i.
193 4247 233 4299 Sle
256 4249 312 4309 fleg.
330 4253 353 4296 et
371 4248 469 4310 Seguer.
504 4249 532 4296 m
550 4247 589 4297 elii
609 4256 632 4298 et
649 4247 704 4296 editi

125 4305 452 4375 omittuntsbr²1meiuuqv.
489 4315 578 4366 ibidem
597 4316 669 4366 Bosil,
683 4322 706 4365 et
790 4289 820 4324 m·
839 4275 959 4380 mimi·
978 4267 1083 4342 ‘iniri‘-

125 4387 214 4448 tegite.
230 4380 283 4452 μὲν
299 4377 330 4433 ἓν
345 4372 421 4434 εἶναι.
789 4384 812 4418 n.
830 4368 919 4431 begine.
940 4362 977 4419 δέ.

160 4487 181 4534 ¹¹·
200 4486 255 4547 ire·
280 4486 575 4549 sarcasmorum
593 4495 617 4536 n
634 4486 703 4537 soar.
787 4477 809 4514 ⁰·
827 4461 868 4512 sn
885 4462 939 4525 flea·
958 4463 1089 4526 eterno.
1122 4465 1149 4515 n
1167 4463 1253 4514 altien
1266 4464 1334 4516 oum

126 4552 295 4630 rtytrbqboe.
331 4554 408 4606 Ceteri
427 4569 480 4624 eum
498 4554 703 4606 aditiouecomm.
755 4528 890 4580 (19151καῖ·

124 4621 313 4683 γεγεννησθαι·
475 4663 478 4672 v
786 4637 810 4686 p.
828 4620 877 4670 τοῦ
895 4621 962 4673 abest
979 4639 991 4672 a
1009 4624 1064 4686 ileu.
1082 4631 1105 4672 st
1122 4625 1220 4686 Sequor.

1024 4749 1032 4766 ,
1078 4705 1132 4757 42*
