3054 5236
402 389 518 434 ccnnna
533 389 752 440 mouumentum
769 389 855 434 amun
870 391 890 432 1.
1199 378 1261 444 889

2 545 160 624 gttare,
195 543 321 622 impium
343 540 448 614 luerit,
470 539 524 602 sed
547 539 597 619 qui
620 538 656 600 dc
671 539 802 602 bominis
816 539 1043 620 inobsequentia
1054 543 1261 621 quaestionem
1272 559 1347 608 itaet.

3 647 115 720 buit,
153 642 310 706 iudicium
332 641 424 714 dedit,
448 658 508 719 qno
530 639 679 719 duplicem
702 657 827 720 poenae*
841 642 1019 703 sententiam
1041 643 1174 721 protulit,
1199 656 1261 706 ter·
1331 653 1338 664 ·

2 767 57 808 uo
91 743 248 824 corpori
270 744 388 808 dicens:
416 741 511 804 Terra
534 761 565 803 es
588 744 671 804 etin
695 754 812 804 terrum
834 748 1012 818 reuerteris,
1035 752 1122 822 atque
1143 745 1183 805 ita
1199 745 1260 806 llo-

2 850 73 909 iuo
124 845 326 909 sententiam
361 845 475 904 serente
509 841 663 920 corruptio
696 860 807 922 corpus
842 843 963 922 excipit,
998 843 1113 905 animae
1147 854 1260 908 autem:
1352 911 1358 922 ,

9 961 104 1012 onte
134 951 318 1020 monteria
348 955 378 1005 et
405 945 450 1006 sic
481 942 513 1002 iu
542 943 615 1003 duas
645 941 787 1004 dividitur
814 951 914 1021 partes
936 943 1028 1004 bomo
1051 945 1263 1026 damnaturque

2 1055 9 1112 l
43 1051 129 1112 duo
162 1048 315 1110 secedere
335 1045 410 1106 loca.
456 1043 602 1116 Quocirca
620 1061 697 1122 opus
720 1043 775 1106 luit
796 1043 955 1118 iudicante,
977 1053 1011 1104 ut
1032 1044 1098 1125 ipse
1120 1065 1174 1125 per
1195 1067 1263 1110 sese

5 1172 90 1214 num
122 1151 276 1213 solveret
296 1147 463 1219 decretum,
493 1145 563 1206 dum
586 1144 617 1205 iu
640 1146 736 1205 forma
758 1129 888 1208 damnati
910 1145 1078 1208 indemnata
1101 1155 1131 1208 et
1151 1150 1264 1227 peccati

3 1262 139 1334 <perte
171 1251 260 1311 visus
283 1257 338 1322 est,
362 1257 393 1310 ut
416 1256 447 1309 et
466 1246 669 1308 reconciliatio
691 1246 744 1308 Ilei
767 1265 834 1309 cum
856 1247 979 1308 bomine
1001 1248 1096 1321 lieret,
1119 1258 1149 1310 et
1170 1250 1262 1312 liber-

6 1375 39 1416 is
77 1353 201 1414 totius
233 1349 365 1411 bominis
394 1367 449 1429 per
476 1347 630 1410 huminem
659 1347 788 1410 oriretur
817 1348 848 1408 in
876 1348 1006 1410 novitate
1034 1350 1263 1430 imaginisFilii

4 1459 64 1518 ius
94 1455 188 1516 lesu
212 1451 321 1514 Christi
343 1451 463 1512 Domini
485 1449 592 1511 nostri.
638 1448 725 1521 Quod
749 1448 775 1510 si
797 1449 868 1511 mihi
883 1450 979 1511 -alium
1001 1449 1199 1514 damnationis
1214 1454 1262 1515 lu-

7 1577 71 1619 um
98 1563 241 1636 praeter
262 1555 320 1614 bos
344 1553 420 1614 duos
443 1551 574 1612 iudicare
596 1550 712 1622 valetis,
737 1551 844 1612 merito
868 1551 1001 1615 dixeritis
1023 1554 1054 1614 iu
1077 1561 1139 1615 tres
1161 1564 1262 1634 partes

10 1657 102 1720 ividi
130 1655 297 1717 homiuem
322 1662 351 1712 et
373 1671 409 1713 ex
431 1651 548 1713 duobus
572 1651 691 1736 quidem
713 1651 786 1714 locis
809 1654 1029 1716 revocationem
1053 1655 1158 1718 luctam
1183 1675 1262 1730 esse,

8 1781 31 1821 n
75 1757 188 1820 tertio
218 1772 289 1816 vcro
318 1753 436 1814 tertiam
464 1761 580 1832 partem
607 1771 728 1814 manere
755 1753 881 1815 vinculis
911 1754 1086 1834 colligatam.
1131 1757 1163 1819 Si
1191 1777 1262 1820 vero

6 1861 135 1922 lullum
166 1857 259 1918 alium
281 1855 380 1916 locum
404 1855 562 1916 ostendere
585 1855 713 1934 potestis
736 1863 854 1934 praeter
877 1857 1045 1936 sepulcrum
1061 1866 1091 1918 et
1105 1859 1263 1935 infernum,
1357 1857 1362 1864 ’

3 1982 43 2023 ex
78 1957 208 2039 quibus
237 1957 328 2017 bomo
352 1957 481 2036 perfecte
504 1964 626 2035 ereptus
650 1957 690 2017 sit
712 1955 846 2033 (Christo
867 1975 923 2037 per
944 1977 1028 2020 suam
1051 1959 1212 2037 perlectam
1235 1971 1265 2022 et

5 2061 223 2124 rorissimam
251 2059 378 2118 lormam
406 2066 529 2119 nostrae
558 2057 686 2120 similem
713 2075 771 2118 uos
794 2056 966 2135 liberante),
995 2077 1048 2120 cur
1074 2061 1170 2124 adbuc
1197 2061 1265 2124 talia

4 2163 186 2244 prolenis,
210 2160 294 2241 quasi
316 2159 396 2220 Deus
419 2160 548 2221 humano
572 2160 674 2238 generi
696 2159 830 2221 noudum
852 2160 1060 2222 reconciliatus
1083 2161 1147 2223 sit?
1178 2162 1264 2235 Quo-

3 2265 113 2328 modo
140 2261 392 2342 igiturSalvatcr
414 2258 556 2322 advenit?
578 2279 616 2321 au
638 2261 718 2340 quod
740 2279 801 2322 non
824 2269 929 2340 posset
950 2269 1046 2324 totum
1067 2263 1184 2324 solvere
1204 2263 1264 2324 bo·

10 2362 168 2428 minem?
193 2381 230 2424 an
253 2361 333 2442 quod
356 2370 496 2435 mentem,
520 2379 595 2440 quae
617 2361 710 2422 semel
732 2362 923 2441 peccaverit,
938 2363 979 2424 sit
1001 2361 1197 2424 exsecratus?
1227 2381 1265 2426 au

10 2466 110 2545 quasi
137 2464 270 2538 timeret,
291 2469 332 2525 ‘ne
354 2471 385 2524 et
407 2465 473 2543 ipse
494 2463 608 2541 peccati
629 2464 781 2544 particeps
805 2473 896 2539 esset,
920 2465 947 2526 si
963 2481 1028 2524 cum
1045 2461 1123 2524 Deus
1138 2464 1179 2525 sit
1191 2483 1264 2544 per·

3 2573 123 2630 ,lectus
150 2565 245 2626 humo
267 2563 378 2626 deret?
423 2564 482 2625 Sed
504 2565 664 2644 impietatis
686 2564 766 2643 pleni
789 2575 869 2640 sunt,
892 2565 943 2644 qui
966 2550 1039 2624 baec
1061 2564 1100 2624 ita
1122 2565 1263 2644 cogitant.

18 2667 127 2738 Quam
152 2664 234 2724 euim
256 2674 378 2745 peccato
401 2665 603 2727 definitionem
625 2666 773 2740 tribuitis,
797 2667 846 2747 qui
869 2667 944 2726 baec
964 2663 1134 2742 loquimini,
1156 2685 1264 2746 pecca·
1321 2645 1326 2656 ’

22 2777 92 2832 tum
116 2766 236 2828 aientes
260 2786 294 2829 ex
317 2773 422 2830 natura
445 2785 522 2840 csse,
547 2775 581 2828 ut
601 2768 675 2829 dixit
695 2768 892 2848 impiissimus
907 2764 1128 2827 Manichacus?

121 3173 172 3234 15.-
215 3169 295 3230 llaec
317 3169 449 3244 dumita
472 3170 607 3242 sentitis,
632 3169 782 3231 creatoris
805 3175 929 3230 naturae
953 3168 1158 3233 criminatores
1181 3172 1264 3234 estis.

30 3274 107 3337 Cum
130 3271 168 3334 ab
189 3270 276 3333 initio
301 3271 380 3332 licus
397 3271 488 3332 Adam
512 3271 687 3344 cllormavit,
711 3289 781 3332 num
805 3270 939 3332 innatum
962 3271 1019 3349 ipsi
1042 3281 1196 3350 peccatum
1219 3273 1265 3334 el·

34 3373 128 3438 lecit?
174 3372 251 3446 Quid
274 3371 364 3451 igitur
378 3383 537 3453 praecepto
554 3391 631 3451 opus
647 3371 726 3434 luit?
749 3391 801 3434 cur
816 3371 899 3432 illum
915 3372 1073 3446 damnavit,
1096 3374 1176 3453 quod
1191 3391 1264 3453 pec·

34 3472 158 3538 cassat?
180 3490 239 3553 quo
262 3481 348 3552 pacto
371 3473 462 3535 ddam
485 3481 554 3535 ante
576 3473 811 3535 inobedientiam
832 3491 893 3534 non
916 3473 1088 3552 cognoverit
1109 3474 1220 3535 bouum
1237 3484 1268 3537 et

38 3574 168 3639 malum?
212 3575 308 3646 Quem
337 3574 451 3636 scilicet
471 3575 551 3636 licus
579 3575 688 3637 creavit
716 3575 748 3636 in
769 3574 1024 3654 incorruptionem
1047 3576 1135 3637 etad
1158 3575 1286 3661 imagi·⁴

39 3695 199 3739 uemvsuae
220 3675 421 3749 aeternitatis,
444 3677 571 3738 eundem
592 3679 701 3738 natura
721 3677 835 3756 peccati
858 3685 979 3756 experte
1002 3686 1032 3738 et
1053 3676 1204 3738 voluntate
1226 3675 1265 3736 li·

41 3777 110 3840 bera
137 3775 272 3850 donavit,
295 3776 418 3838 invidia
439 3787 541 3839 cutem
563 3777 676 3839 diaboli
697 3795 782 3839 mers
806 3781 937 3839 intrauit
958 3783 992 3839 in
1013 3779 1174 3854 mundum,
1199 3795 1267 3840 cum

77 3997 98 4046 d.
117 3995 155 4042 Sic
173 3991 284 4052 Senuer„
303 3993 341 4042 cui
360 3994 481 4070 consentit
498 3991 621 4068 Nunnium
674 3987 724 4072 vig
742 3983 950 4074 apogrifum«,
970 3984 986 4053 ἢ
1006 3986 1043 4046 ὥς
1060 3987 1216 4049 δεδοικότος
1226 3992 1264 4062 μὴ

46 4065 69 4112 in
86 4061 152 4111 eduis
168 4054 281 4123 λέγοιτο.
320 4059 371 4108 llox
396 4059 459 4108 idem
483 4061 624 4120 segneuan.
674 4073 721 4108 και
739 4072 830 4111 curor.

49 4124 96 4188 tir
112 4119 249 4184 ἀνάκλησιν
266 4121 418 4190 γεγονέναι,
437 4118 467 4175 ἐν
478 4119 506 4174 δὲ
519 4123 558 4190 τῷ
569 4121 624 4192 τρί-

52 4210 87 4261 ru
108 4191 194 4262 ptum
216 4186 246 4242 ἰν
269 4189 381 4259 δεσμοῖς
404 4185 436 4240 ‘³'
455 4187 511 4241 Μ·
550 4195 623 4243 ''²¹¹¹⁰
675 4231 752 4294 amp.
771 4229 812 4278 nr.
833 4237 889 4278 aa.
908 4227 931 4278 c.
952 4229 1265 4294 constuprandam

51 4251 567 4396 :cammadaeditipikyp‘uieltssbcnltdrdffl·
581 4273 624 4326 γε·
674 4295 765 4431 {imai
784 4297 858 4348 conc.
876 4297 939 4358 Coll.
959 4297 1076 4348 lomxl·
1096 4313 1153 4362 llud·
1165 4298 1224 4351 ³67.
1243 4305 1267 4352 et

55 4415 111 4516 sold.
125 4397 459 4527 rgioffrscfflrggssleareeg
475 4395 624 4514 bl'zlcsbeugnuelr
709 4483 731 4529 g.
749 4467 790 4517 Sic
808 4463 909 4529 Segner.
929 4465 1027 4518 Gobler.
1046 4475 1075 4517 et*
1089 4467 1194 4519 Felcltm·
1211 4468 1232 4516 l.
1243 4473 1267 4514 et

58 4523 72 4590 ἢ
94 4526 125 4586 ὡς
146 4525 274 4582 ἀδυνάτου
297 4523 473 4586 interlicere
490 4525 540 4581 τὸν
557 4523 624 4599 σύμ·
675 4533 764 4584 Svnod.
784 4535 908 4586 Constant.
927 4535 950 4586 in
964 4523 1267 4618 editirdcpdapoiffmi

59 4612 138 4647 numa
159 4593 318 4670 ἄνθρωπον,
339 4593 354 4663 ἢ
374 4592 410 4654 ὥς
425 4595 623 4668 βδελυξαμένου
675 4585 775 4670 εἰκόνα.

711 4163 727 4210 t.
745 4161 811 4211 llaec
828 4160 970 4211 alterantur
987 4160 1011 4210 in
1030 4161 1127 4226 Syncdc
1146 4163 1266 4214 Constan-
