3176 5304
427 397 573 442 sansacu
588 399 626 441 na
642 397 785 442 oscaern
799 399 944 442 mmsnae
960 399 1076 444 senoni.
1326 386 1367 448 29

128 561 318 631 receperunt
338 567 417 624 eun,
442 550 521 611 dedit
542 552 585 610 eis
604 559 784 630 potestaten
804 550 886 631 filios
902 549 961 613 Dea·
979 550 1058 630 fieri.
1102 549 1165 612 Alia
1188 569 1258 610 vero
1281 551 1450 612 eim-mn

127 649 193 712 dem
224 649 315 710 vocis
343 648 518 727 significatio
546 658 607 722 est,
637 667 693 729 qna
714 649 799 712 baec
817 649 952 712 Abrahae
974 649 1082 712 dieitur
1103 649 1197 724 lilius,
1226 659 1255 714 et
1276 651 1364 714 laceb

127 751 240 820 buci:
272 759 304 810 et
327 749 515 812 Patriarrbae
535 749 643 811 lucebi.
687 749 899 830 Respondeant
926 749 1016 828 igitur
1044 767 1103 827 quo
1126 768 1219 810 seusu
1240 752 1291 812 liei
1313 753 1364 814 Fi-

125 851 201 914 linrn
227 871 301 912 esse
324 849 533 930 intelligentes,
555 851 612 912 ista
634 849 671 911 de
694 850 743 912 illo
766 851 877 914 audent
899 847 1040 912 ellutirei
1083 849 1187 910 Nullus
1210 851 1286 910 enirn
1308 852 1364 912 do-

125 953 206 1026 bito‚
231 953 308 1032 quin
329 951 366 1012 ad
389 951 521 1012 eamdem
544 950 737 1012 devolvantur
759 950 939 1030 impietatem
962 957 1050 1028 atque
1067 949 1237 1012 Eusebiaui.
1281 951 1366 1022 Quod

126 1054 152 1114 si
178 1071 292 1114 rocem
314 1051 380 1114 Filii
403 1053 564 1114 secuudum
587 1051 719 1131 priorem
743 1051 986 1130 significationem
1004 1050 1098 1111 Verbo
1121 1051 1292 1120 attribuant,
1308 1070 1365 1129 quc

27 1190 33 1213 t
127 1172 245 1232 nempe
268 1171 361 1215 sensu
382 1153 430 1216 his
452 1153 540 1214 etiam
564 1153 711 1225 convenit,
735 1151 785 1231 qui
808 1153 846 1214 ob
868 1171 968 1216 mures
989 1152 1020 1212 in
1042 1152 1149 1214 melius
1165 1161 1296 1213 mutatos
1312 1150 1369 1212 boe

128 1255 262 1318 nomine
291 1255 448 1333 dignantur
475 1263 505 1315 et
531 1261 711 1334 potestatem
738 1253 817 1314 lilios
838 1253 891 1314 liei
913 1253 976 1315 lieri
999 1253 1146 1333 accipiunt
1167 1257 1256 1332 (quae
1279 1251 1367 1313 etiarn

23 1340 26 1357 '
130 1357 258 1418 illorum
282 1363 347 1416 erat
367 1355 529 1431 doetrina);
552 1354 590 1427 si,
612 1353 742 1434 inquom,
765 1353 805 1416 ita
827 1355 931 1416 volunt
952 1371 1028 1425 esse,
1051 1353 1123 1414 nibil
1144 1373 1217 1416 sane
1239 1373 1255 1415 a
1279 1353 1365 1416 nobis

132 1456 269 1518 Verbum
292 1456 412 1518 differre
434 1455 592 1528 ridebitur,
615 1473 671 1516 nec
691 1449 863 1534 unigenitus
885 1454 1028 1517 dicendus
1051 1455 1117 1528 erit,
1140 1455 1248 1546 quippe
1270 1455 1366 1534 quiet

133 1557 206 1637 ipse
231 1564 356 1636 propter
383 1556 520 1618 virtutem
546 1555 613 1618 Filii
641 1573 750 1618 nomen
778 1556 817 1616 sit
843 1565 1027 1618 consecutus.
1076 1557 1207 1635 Namque
1237 1555 1364 1624 etiamsi,

14 1700 17 1715 .
135 1656 388 1736 quemadmodum
417 1657 568 1729 dictitant,
595 1655 661 1718 talis
691 1643 755 1716 lore
782 1658 1005 1736 praecognitus,
1035 1657 1121 1718 simul
1145 1665 1177 1720 ut
1199 1667 1285 1720 natus
1307 1669 1363 1726 est,

136 1757 205 1818 Pilii
228 1776 335 1819 nomen
358 1757 506 1836 huiusque
528 1758 658 1820 nominis
681 1757 772 1818 decus
794 1759 952 1836 acceperit:
985 1767 1081 1820 tamen
1106 1757 1177 1818 nibil
1200 1759 1363 1820 intereunt

137 1869 169 1919 et
204 1859 271 1920 illos
303 1859 457 1930 intererit,
493 1859 543 1936 qui
571 1867 639 1937 pust
668 1859 732 1936 ipsa
764 1876 852 1936 opera
880 1859 985 1920 eodem
1008 1859 1129 1920 numine
1153 1867 1225 1920 sunt
1247 1859 1366 1936 dignati,

136 1959 278 2040 quamdiu
307 1958 420 2020 seilicet
445 1959 512 2038 ipse
534 1977 598 2020 eam
621 1959 772 2020 dumtaxat
793 1959 830 2018 ub
852 1977 970 2020 eausam
992 1961 1070 2020 lilius
1093 1981 1160 2020 esse
1182 1958 1366 2020 existimabi-

138 2072 198 2122 tur.
242 2060 358 2122 Etenim
379 2059 489 2132 rldam,
518 2061 568 2138 qui
595 2059 718 2139 gratiam
748 2058 834 2120 initio
857 2067 1025 2138 acceperat,
1056 2061 1201 2140 simulque
1223 2081 1256 2122 ae
1277 2069 1365 2122 nutus

138 2170 188 2222 est
208 2162 240 2222 in
260 2161 396 2242 paradiso
418 2161 473 2222 luit
495 2161 665 2235 collocatus,
688 2161 763 2222 nibil
785 2161 939 2222 differebat
960 2162 996 2222 ab
1018 2161 1152 2234 Errocbo,
1174 2161 1224 2240 qui
1245 2162 1363 2224 nonnisi
1375 2185 1440 2227 reni

138 2261 238 2342 aliquo
265 2273 423 2342 postquam
455 2273 540 2324 natus
569 2273 615 2325 est
644 2271 796 2343 tempore,
825 2281 892 2324 eum
915 2262 976 2323 Deo
1000 2261 1175 2342 placuisset,
1207 2265 1363 2325 translatus

138 2364 211 2436 luit,
233 2382 327 2443 neque
349 2364 418 2426 item
443 2363 478 2426 alt
500 2365 658 2444 Apostolu,
692 2363 742 2442 qui
766 2373 795 2425 et
817 2364 880 2444 ipse
895 2379 974 2444 -post
994 2373 1074 2425 recte
1097 2365 1169 2424 lacta
1193 2363 1222 2424 in
1244 2364 1362 2443 paradi·

137 2447 207 2526 sum
229 2473 274 2524 est
295 2474 417 2543 raptus;
447 2465 506 2526 imo
528 2485 582 2526 nec
603 2466 693 2526 etiarn
716 2463 753 2525 ab
775 2465 825 2525 illo
847 2465 979 2538 latrone,
1010 2465 1057 2526 cui
1080 2464 1118 2524 ob
1141 2467 1362 2528 corriessionem

139 2563 324 2642 promissum
347 2574 395 2624 est
415 2566 512 2642 ipsum
533 2567 673 2626 continuo
698 2565 728 2626 in
751 2567 887 2644 paradiso
910 2568 1052 2628 loturum.

237 2761 266 2818 Ἰ.
311 2757 418 2818 letum
441 2759 486 2820 bis
508 2761 547 2820 illi
570 2762 757 2822 vehementer
777 2767 874 2841 pressi
899 2767 975 2826 idem
999 2769 1074 2827 sorte
1097 2765 1274 2844 responsuri
1290 2771 1369 2834 sunt,

146 2853 231 2936 quod
261 2873 349 2935 saepe
378 2857 581 2920 erubescentes
611 2861 795 2922 dictitarent:
826 2866 894 2936 „lta
927 2865 1117 2944 intelligimus
1139 2865 1247 2926 Filium
1282 2861 1372 2922 rebus

142 2956 300 3034 „caeteris
322 2957 509 3031 antecellere,
531 2967 561 3020 et
582 2959 650 3019 ideo
673 2959 853 3037 unigenitum
876 2963 948 3035 dici,
972 2966 1051 3042 quod
1074 2967 1139 3042 ipse
1161 2965 1247 3024 solus
1270 2981 1286 3022 a
1308 2961 1372 3022 solo

141 3057 233 3133 „Deo
263 3059 359 3121 laeuis
389 3059 445 3131 sit,
475 3067 571 3121 cetera
600 3059 670 3122 'vero
699 3060 796 3122 omnia
825 3063 924 3124 allen
953 3083 1006 3142 per
1028 3064 1133 3124 Filium
1162 3063 1223 3123 siut
1245 3069 1372 3124 ereata.“

141 3160 225 3233 Quis·
246 3179 359 3240 quaeso
389 3159 508 3222 stultam
531 3161 608 3223 hanc
631 3172 661 3224 et
682 3179 788 3223 noram
811 3164 1021 3240 cogitationem
1044 3163 1129 3224 rubis
1153 3163 1315 3242 suggessit,
1339 3172 1371 3226 ut

140 3263 293 3323 abimaetls
317 3261 414 3323 solum
437 3261 542 3326 lilium
565 3264 602 3324 ab
625 3264 694 3343 ipso
717 3263 783 3324 solo
805 3264 893 3326 Patre
915 3265 1022 3326 laetum
1043 3264 1145 3338 luisse,
1169 3274 1280 3326 caetera
1296 3284 1367 3326 vero

142 3363 239 3424 omnia
274 3383 327 3444 per
360 3341 467 3424 Filium
502 3371 639 3444 tanquam
668 3383 724 3444 per
757 3364 963 3429 administrum
994 3366 1089 3428 luisse
1117 3365 1286 3448 producta?
1335 3367 1366 3429 Si

142 3463 219 3535 mim
252 3483 323 3543 prae
349 3463 524 3528 lassitudine
549 3467 646 3528 solum
674 3465 779 3528 Filium
807 3467 945 3547 potuisse
973 3469 1072 3530 allen
1099 3468 1224 3548 produci
1251 3469 1367 3538 relitis;

143 3565 213 3625 baec
233 3566 270 3626 de
292 3565 353 3627 Deo
376 3567 507 3646 cogitare
527 3567 651 3647 impium
675 3587 747 3630 sane
767 3570 863 3642 luerit,
887 3571 1012 3632 maxime
1034 3579 1101 3630 urm
1123 3569 1240 3631 Esaiam
1263 3571 1366 3632 dieen-

143 3673 200 3726 tem
228 3665 424 3730 audierimus:
452 3667 536 3730 Dein
565 3674 782 3750 sempiternus,
811 3671 896 3734 ΗΜ
930 3676 982 3750 qni
1013 3675 1191 3732 cortstrnm't
1220 3676 1365 3733 teatinus

143 3777 261 3842 terroe,
289 3787 352 3832 aton
385 3774 498 3832 esuriet
525 3789 617 3851 neque
647 3771 813 3843 taboratis,
842 3790 897 3833 nec
919 3783 961 3834 eat
984 3775 1177 3849 irruentiqntio
1201 3775 1368 3852 sapientior

143 3870 217 3938 eiua,
262 3867 415 3947 Siquidem
443 3869 507 3948 ipse
534 3871 633 3950 potius
661 3869 754 3932 rnbnr
775 3871 908 3951 impertit
928 3871 1130 3932 esurientibus
1154 3880 1184 3933 et
1204 3889 1258 3950 per
1280 3891 1366 3935 suum

141 3965 270 4028 Verbum
297 3967 467 4030 laborantes
495 3981 617 4032 recreat
661 3971 715 4030 Sin
742 3989 813 4030 vero
844 3971 997 4048 indignum
1028 3971 1129 4048 seipso
1153 3991 1221 4033 esse
1242 3975 1365 4053 putavit,

142 4083 176 4128 ea
199 4085 232 4129 se
255 4069 386 4143 efficere,
416 4089 492 4148 quae
514 4079 583 4148 post
604 4069 710 4132 Filium
733 4079 803 4131 sunt
824 4070 983 4150 producta3
1013 4071 1041 4132 id
1064 4074 1150 4134 etiarn
1173 4073 1286 4153 absque
1308 4076 1365 4138 inr-

141 4333 188 4384 φη
212 4319 299 4372 domim
321 4323 362 4372 liei
384 4327 433 4385 tui,
460 4331 485 4376 ut
508 4325 627 4376 custodias
651 4325 728 4376 omnio
812 4339 835 4372 a.
853 4317 901 4370 καί
917 4323 984 4374 deest
1002 4326 1026 4374 io
1046 4325 1103 4388 lleg.

140 4387 251 4437 madata
269 4389 325 4450 eius,
346 4407 404 4454 quoe
416 4407 457 4455 eqo
466 4395 584 4456 praeripio
595 4394 639 4443 titt
649 4395 725 4453 bodie,
813 4391 836 4440 b.
856 4383 919 4439 oaldi
935 4384 1061 4440 sonatan
1084 4394 1152 4442 obest
1170 4410 1183 4442 a
1202 4395 1306 4445 Felclm.
1325 4411 1366 4446 te-

140 4459 166 4502 ot
188 4456 264 4517 serius
287 4457 370 4507 bosam
393 4467 414 4508 et
438 4461 501 4524 quod
523 4459 634 4524 placitum
651 4468 685 4510 ert
703 4463 728 4510 ia
778 4459 855 4523 ptimo
873 4460 956 4510 codiee
974 4475 1094 4524 anonymo
1104 4470 1127 4510 et
1140 4461 1169 4510 ab
1179 4461 1234 4512 edit.
1247 4463 1365 4512 Commii.

141 4529 263 4584 conspectu
281 4523 368 4574 domini
385 4527 426 4576 ller'
445 4530 486 4588 tni,
507 4529 550 4588 dlii
568 4529 624 4578 estis
635 4529 728 4578 bomini
814 4543 834 4576 c.
854 4527 910 4590 lleg.
929 4519 976 4574 διὰ
994 4523 1044 4574 τοῦ
1061 4520 1145 4590 λόγου
1162 4521 1275 4585 lucrosi,
1296 4538 1321 4580 nt
1339 4538 1364 4578 et

140 4585 182 4635 bei
199 4592 276 4640 naabi.
780 4595 841 4644 iufra
857 4601 912 4644 aute
930 4588 964 4642 rit
982 4588 1072 4642 πάντα
1090 4587 1124 4641 τά
1137 4607 1165 4642 τε
1181 4591 1267 4660 μικρά
1286 4605 1331 4646 ete.
