3226 5280
233 373 279 435 54·
634 386 661 428 ε.
676 383 830 429 mmm
844 385 1070 430 ωεκιτυιεαουι

147 551 226 598 m.
236 539 369 656 οηργίας
394 532 488 654 χάριν
510 535 568 618 τῆς
589 530 683 618 παρὰ
704 535 788 600 θεοῦ
810 537 985 618 γενομένης
1006 527 1095 598 ταῦτ’
1121 532 1244 620 ε’ίρηκε,
1267 537 1322 601 καί
1345 529 1384 602 ού
1407 536 1469 604 δια

232 635 272 703 τὸ
291 630 380 704 ,εἶναι
400 633 457 701 καὶ
477 632 520 700 τὰ
540 631 661 712 πάντα,
685 626 731 711 ὦς
754 631 843 700 ’ἐστιν
866 657 884 700 ο
873 629 1015 712 ‘6669'
1001 659 1035 701 εκ
1056 637 1115 700 τοῦ
1138 634 1275 720 πατρός.
1312 633 1388 705 ουτε
1402 637 1467 725 γάρ

231 736 275 804 τά
296 735 408 803 πάντα
430 730 475 814 ὥς
498 729 515 800 6
538 733 618 813 υιός,
642 731 718 800 ούτε
740 728 758 798 6
781 732 879 820 λόγος
901 729 949 814 εἷς
970 738 1038 802 τῶν
1060 733 1195 802 πάντων
1211 736 1298 803 ἐστί·
1320 741 1387 805 τῶν
1396 738 1467 861 γάρ

232 837 369 905 πάντων
397 835 509 923 ναύριος
537 838 590 902 καί
619 833 860 922 δημιουργόςέ
862 859 925 902 στι.
971 835 1029 902 διά
1056 839 1155 903 τοῦτο
1182 836 1244 924 γὰρ
1266 836 1361 905 καλς
1341 867 1362 928 η
1386 835 1468 925 άγία

234 939 373 1018 σύνοδος
394 938 585 1025 λευκότερον
607 937 733 1023 εἴρηκεν
755 935 791 1002 έκ
811 939 869 1022 τῆς
890 931 1007 1016 οὐσίας
1028 932 1129 1005 αὐτὸν
1151 933 1306 1007 εἷναιτοῦ
1324 940 1465 1028 πατρός,

233 1041 290 1110 ἵνα
310 1043 365 1109 καί
388 1037 489 1122 άλλος
510 1039 603 1126 παρὰ
624 1036 683 1125 τὴν
704 1039 771 1104 τῶν
792 1041 935 1125 γενητῶν
958 1037 1059 1126 φύσιν
1082 1034 1214 1125 όλόγος
1229 1036 1469 1112 εἶναιπιστευ-

232 1146 297 1230 θῇ,
326 1140 428 1226 μόνος
457 1135 502 1207 ὢν
532 1133 669 1227 άληθῶς
698 1137 732 1205 ἐκ
760 1141 819 1204 τοῦ
833 1142 942 1219 θεοῦ,
971 1142 1025 1206 καὶ
1046 1146 1162 1224 μηκέτι
1183 1141 1357 1230 πρόφασις
1378 1143 1466 1232 πρὸς

233 1238 364 1332 άπάιην
385 1239 700 1330 ·ύπολειφθησηται
720 1249 792 1318 τοῖς
814 1234 982 1325 άσεβούσι.
1019 1245 1097 1328 περὶ
1119 1245 1179 1327 μὲν
1201 1234 1260 1312 οὖν
1274 1247 1334 1310 τοῦ
1348 1243 1466 1332 γεγρά-

234 1351 327 1435 φθαι
348 1345 383 1414 ἐκ
403 1347 463 1433 τῆς
485 1337 601 1421 οὐσίας
622 1337 641 1407 6
666 1341 839 1429 πρόφασις
861 1338 952 1430 αὕτη.

318 1453 370 1515 20.
418 1449 494 1512 Τῶν
516 1446 553 1512 66
575 1442 770 1512 ἐπισκόπων
791 1443 895 1510 πάλιν
918 1443 1095 1530 λεγόντων,
1127 1446 1195 1512 δεῖν
1216 1449 1383 1534 γραφῆναι
1406 1446 1467 1513 66-

232 1573 332 1632 ναμιν
362 1541 525 1635 ἀληθινὴν
546 1548 601 1612 καὶ
624 1543 735 1612 εἰκόνα
755 1547 814 1611 τοῦ
837 1544 966 1666 πατρὸς
986 1545 1044 1613 τόν
1068 1545 1179 1632 λόγον,
1211 1543 1328 1632 ὅμοιόν
1349 1573 1385 1615 τε
1407 1551 1464 1614 καὶ

234 1637 550 1770 άπαράλλαμτον’
512 1645 611 1713 αυτὸν
633 1646 717 1713 κατὰ
738 1644 851 1713 πάντα
871 1647 918 1734 τῷ
941 1651 1045 1734 πατρὶ
1067 1646 1166 1714 καί”
1137 1673 1307 1770 ατρεπτον
1329 1643 1428 1716 καί’
1409 1653 1465 1716 αεὶ

232 1749 351 1818 καὶέν
333 1743 468 1872 ναύτην
499 1742 585 1815 εἶναι
606 1743 819 1833 άδιαιρέτως·
844 1743 1061 1816 οὐδέποτε
1026 1773 1088 1872 γαρ
1111 1744 1169 1816 ούκ
1189 1777 1244 1871 ην,
1275 1748 1398 1816 άλλδι’
1380 1739 1464 1836 ηνό
1531 1807 1540 1816 .

232 1847 370 1938 λόγος’
352 1858 414 1932 αεί,
437 1846 594 1935 ὑπάρχων
616 1844 687 1916 όιϊδί
674 1855 732 1928 ίως
753 1849 848 1936 παρὰ
862 1877 908 1971 ρῳ
893 1853 1039 1937 ’,πατρί
1063 1877 1108 1931 ως
1119 1875 1323 1937 απαυγασμα
1334 1851 1465 1948 φωτός·

234 1953 267 2020 ολ
289 1956 368 2045 περὶ
385 1945 586 2073 Εὐρίβιον’
568 1976 624 2038 ηνε
626 1957 735 2034 ίχοντο
756 1953 817 2034 μὲν
838 1977 883 2038 μη
904 1955 1091 2036 τολμῶντες
1113 1947 1302 2039 ἀντιλέγειν,
1327 1943 1437 2020 διά
1404 1979 1465 2041 την

232 2052 446 2140 αἰσχύνην,
432 2079 472 2141 ην
501 2048 630 2136 εἷχονέ
633 2048 665 2141 φ’
697 2048 749 2132 οἷς
770 2048 810 2142 ἢλ
812 2059 992 2140 έ·γχθησαν
1021 2054 1339 2142 κατελήφθησανδδ
1323 2054 1465 2122 δπάλιν

231 2153 318 2240 πρὸς
346 2154 482 2234 ἑαυτούς
503 2155 760 2240 τονθορύζοντες
781 2157 835 2220 καί
859 2153 1065 2233 διανεύοντες
1085 2166 1159 2234 τοῖς
1181 2152 1428 2242 ὀφθαλμοῖς,“
1409 2179 1464 2222 οτι

231 2258 286 2322 καί
308 2257 347 2322 τό
370 2252 487 2340 όμοιον
511 2257 566 2322 καὶ
588 2254 626 2320 τὸ
650 2249 701 2322 άεὶ
713 2258 767 2321 καὶ
779 2254 887 2340 τὸτῆς
901 2255 1070 2338 δυνάμεως
1082 2253 1187 2338 όνομα
1201 2259 1256 2323 καὶ
1271 2255 1310 2322 τό
1326 2257 1359 2324 δν
1372 2251 1462 2342 αύτῷ

231 2357 327 2424 κοινὰ
348 2358 451 2424 πάλιν
474 2356 544 2424 ίστί
567 2355 653 2442 πρὸς
675 2352 761 2442 ἡμᾶς
783 2358 836 2422 καὶ
859 2354 916 2422 τὸν
938 2354 1026 2435 υἱόν,
1050 2359 1104 2422 καὶ
1128 2351 1223 2422 οὐδὲν
1246 2359 1364 2424 λυπεῖν
1385 2356 1466 2423 τού-

150 2513 156 2518 .
231 2483 304 2538 τοις
324 2455 411 2547 ἡμᾶς
433 2463 640 2526 συνθέσθαι·
663 2457 784 2542 τὸμὲν
807 2453 933 2540 ὅμοιον,
959 2454 1013 2524 ότι
1032 2459 1087 2523 καί
1110 2459 1187 2543 περί
1210 2453 1302 2544 ἡμῶν
1318 2457 1462 2545 ἐγράφη·

233 2559 328 2629 εἰκών
351 2560 440 2628 ἐστιν
464 2555 482 2626 6
505 2557 767 2647 ἄνθρωποςκαὶ
789 2557 870 2638 δόξα
891 2562 975 2626 θεοῦ
998 2555 1178 2645 ύπάρχει’),
1201 2556 1240 2623 τὸ
1263 2558 1299 2624 δὲ
1322 2553 1384 2638 άεί,
1409 2554 1465 2624 ότι

231 2667 430 2749 γέγραπται·
453 2655 504 2729 άελ
527 2660 588 2747 γὰρ
610 2656 705 2745 ἡμεῖς
726 2660 760 2726 ολ
783 2660 940 2742 ζῶντες8),
963 2660 1003 2727 τὸ
1026 2662 1062 2728 δὲ
1084 2660 1118 2728 έν
1141 2656 1246 2747 αύτῷ,
1272 2656 1324 2726 ότι
1347 2659 1380 2727 ἐν
1403 2655 1465 2726 αύ-

230 2767 278 2851 τῷ
301 2765 406 2848 ζῶμεν
427 2766 482 2830 καὶ
503 2761 688 2844 κινούμεθα
709 2768 765 2828 καί
786 2762 923 2846 ἐσμενῧ),
946 2766 1000 2830 καὶ
1022 2761 1062 2828 τὸ
1084 2759 1249 2850 ἄτρεπτον
1272 2763 1318 2842 δέ,
1343 2757 1396 2828 ὅτι
1410 2768 1463 2848 γέ·
1559 2759 1567 2766 ’
1603 2745 1604 2762 ¹

230 2887 394 2953 γραπται·
417 2859 511 2931 σύδὲν
533 2859 620 2950 ἡμᾶς
639 2860 777 2949 χωρίσει
799 2858 869 2931 άπὸ
883 2868 942 2953 τῆς
957 2861 1088 2951 ἀγάπης
1102 2868 1161 2930 τοῦ
1176 2868 1326 2950 Χριστοῦ
1335 2868 1367 2944 ⁴),
1384 2867 1464 2949 περὶ

233 2969 269 3035 δὲ
301 2972 360 3055 τῆς
387 2965 572 3053 δυνάμεως,
608 2961 661 3032 ότι
689 2969 744 3032 καλ
773 2963 792 3054 ἡ
815 2966 928 3052 κάμπη
951 2970 1005 3034 καὶ
1029 2962 1047 3032 6
1068 2970 1208 3052 βροῦχος
1230 2969 1291 3049 μὲν
1313 2967 1464 3051 λέγονται

232 3068 370 3154 δύναμις
380 3071 435 3136 καὶ
448 3067 585 3154 δύναμις
595 3067 718 3155 μεγάλη
726 3073 759 3149 ⁵),
775 3067 937 3147 πολλάκις
948 3071 983 3136 δὲ
999 3071 1077 3153 περὶ
1092 3071 1151 3134 τοῦ
1167 3069 1249 3133 λαοῦ
1264 3074 1456 3153 γέγραπται,

232 3166 360 3256 ὥςπερ·
390 3169 510 3255 ἐξῆλθε
538 3174 635 3239 πᾶσα
662 3165 682 3256 ἡ
711 3169 849 3254 δύναμις
877 3178 989 3255 κυρίου
1013 3169 1047 3236 έκ
1068 3171 1126 3255 γῆς
1146 3167 1372 3252 Λίγύπτου“),
1406 3170 1461 3233 καί

232 3266 332 3335 ύλλαι
353 3271 390 3335 δὲ
412 3266 564 3355 ούρανίαι
586 3271 741 3354 δυνάμεις
763 3271 845 3338 εἰσί·
867 3269 978 3354 κύριος
998 3267 1068 3353 γάρ,
1094 3263 1186 3355 φησί,
1209 3270 1276 3332 τῶν
1292 3267 1463 3350 δυνάμεων

231 3363 308 3453 μεθ’
332 3364 442 3455 ἡμῶν·
472 3366 682 3457 ἇντιλήπτωρ
705 3367 797 3455 ἡμῶν
820 3365 838 3434 6
860 3368 944 3446 θεὸς
962 3365 1075 3453 Ἰακώβ
1083 3371 1114 3449 ⁷).
1161 3371 1300 3435 τοιαῦτα
1321 3367 1383 3455 γάρ
1404 3371 1459 3434 καὶ

229 3464 401 3556 Ἀστέριος
430 3464 448 3534 6
479 3467 653 3555 λεγόμενος
680 3469 843 3556 σοφιστὴς
864 3463 942 3557 παρ’
967 3463 1075 3537 αὐτῶν
1096 3469 1218 3555 μαθὼν
1242 3470 1382 3556 ἔγραψε,
1405 3471 1460 3536 καὶ

232 3569 301 3656 πρὸ
324 3564 425 3637 αὐτοῦ
448 3569 485 3637 δὲ
500 3567 634 3656 ’Ἀρειος
655 3570 787 3653 μαθών,
812 3567 922 3656 ὥςπερ
945 3571 1081 3658 ε’ίρηται.
1128 3566 1196 3638 ἀλλ’
1222 3571 1255 3637 οἱ
1277 3570 1463 3637 ἐπίσκοποι

143 3674 287 3740 οιτοκαὶ
310 3671 344 3739 έν
365 3670 471 3758 τούτῳ
494 3669 724 3758 θεωρήσαντες
744 3669 804 3759 τήν
825 3667 1002 3758 ύπόκρισιν
1024 3666 1163 3752 ἐκείνων,
1186 3674 1241 3738 καὶ
1258 3667 1311 3739 ότι
1325 3671 1464 3738 κατὰτὸ

232 3778 454 3861 γεγραμμένον
487 3773 521 3841 έν
548 3768 699 3859 καρδίαις
726 3776 792 3841 τῶν
821 3766 951 3858 άσεβῶν
979 3772 1076 3853 δόλος
1105 3773 1175 3850 ἐστὶ
1204 3779 1463 3858 τεκταινομένων

231 3873 352 3955 κακά’),
376 3871 633 3964 ἠναγκάσθησαν
653 3876 708 3942 καί
731 3869 825 3942 αύτοί
848 3864 950 3953 αὖθις
972 3886 1165 3964 συναγαγεῖν
1188 3875 1222 3944 ἐκ
1242 3878 1309 3943 τῶν
1324 3877 1463 3963 γραφῶν

231 3975 290 4064 τὴν
314 3975 474 4057 διάνοιαν,
496 3981 551 4044 καί
575 3973 660 4065 άπερ
683 3975 847 4064 πρότερον
870 3976 996 4064 ἔλεγον,
1019 3981 1124 4046 ταῦτα
1145 3977 1248 4046 πάλιν
1270 3975 1463 4062 λευκότερον

233 4077 341 4144 εἰπεῖν
371 4079 425 4144 καὶ
454 4077 599 4164 γράψαι,
630 4075 808 4164 όμοούσιον
838 4073 992 4167 εἶναιτῷ
1015 4085 1118 4165 πατρὶ
1139 4079 1197 4145 τὸν
1219 4077 1306 4157 υἱόν,
1338 4075 1460 4162 ἵναμὴ

231 4177 334 4263 μόνον
365 4174 481 4262 ὅμοιον
502 4176 570 4256 τὸνΙ
583 4177 670 4258 υἱόν,
702 4174 787 4246 άλλὰ
807 4174 928 4246 ταύτδν
949 4183 989 4266 τῇ
1014 4177 1173 4264 ὁμοιώσει
1194 4177 1229 4244 ίκ
1249 4180 1309 4242 τού
1331 4177 1463 4261 πατρὸς·

233 4274 320 4347 εἶναι
341 4286 537 4366 σημαίνωσι,
559 4279 613 4344 καί
637 4275 738 4365 άλλην
761 4269 863 4345 οὖσαν
885 4279 943 4364 τὴν
964 4282 1024 4344 τοῦ
1040 4273 1351 4360 νὶοὔόμοίωσινκαὶ
1364 4274 1460 4362 άτρε-

231 4385 317 4462 ψίαν
346 4381 397 4447 δεί
384 4381 480 4459 ίξωσι
501 4377 595 4465 παρά
615 4377 674 4466 τὴν
697 4377 731 4446 ἐν
751 4374 830 4466 ἡμῖν
851 4380 1026 4464 λεγομένην
1046 4385 1201 4464 μίμησιν,
1224 4375 1263 4463 ἢν
1286 4375 1321 4455 έξ
1342 4372 1462 4464 ἀρετῆς

303 4535 548 4596 1)1.c0r.11⁷
632 4534 699 4588 262.
719 4533 775 4583 Cor.
793 4534 819 4593 4,
839 4534 879 4584 ll.
958 4531 1051 4590 3166.
1072 4533 1111 4592 Π,
1130 4531 1171 4582 28.
1242 4529 1354 4592 onom.
1372 4530 1397 4591 8,
1416 4531 1459 4582 35

153 4601 160 4610 ’
232 4603 260 4665 6)
278 4603 337 4654 leel.
355 4603 380 4666 2,
398 4603 439 4654 26.
499 4571 524 4662 6)
543 4603 617 4653 Εκοδ.
638 4601 678 4664 12,
696 4601 737 4651 41.
790 4601 816 4663 2)
835 4601 899 4652 ΡεοΙ.
917 4599 951 4650 46
969 4595 1022 4665 [46.
1041 4595 1129 4666 Lm.
1148 4600 1172 4651 8.
1225 4600 1251 4662 8)
1269 4601 1337 4652 Ρεον.
1358 4599 1399 4661 12,
1417 4599 1462 4652 26
