3236 5286
263 387 323 452 158
663 402 858 446 Μεσεντίου
873 402 1095 446 nemmem

175 569 251 616 mu.
261 545 522 640 ἀπεστράφησαν
545 549 593 629 είς
608 545 731 630 οὐδέν’)
739 578 751 632 ,·
779 549 838 616 τὸν
858 549 921 637 γάρ
936 547 1016 618 ὄντα
1029 551 1089 617 τοῦ
1103 551 1189 618 θεοῦ
1203 549 1301 638 λόγον
1316 545 1487 638 ἀποστρα-

260 657 386 742 φίντες,
408 651 596 730 πλάσαντες
617 651 655 720 δέ
676 651 808 730 ἑαυτοῖς
828 650 886 720 τὸν
909 647 967 718 οὐκ
989 649 1078 732 ὄντα,
1103 652 1150 730 εές
1171 651 1211 719 τὸ
1231 653 1334 740 μηδὲν
1347 652 1486 721 πεπτώ-

257 777 344 822 κασι.
391 751 447 820 διὰ
477 755 575 834 τοῦτο
607 752 669 839 γάρ
696 755 750 820 καί
777 747 798 840 ή
828 752 1033 839 οέκοομενική
1064 753 1203 832 σύνοδος
1224 757 1328 820 τοῦτο
1349 755 1485 840 λέγοντα

257 855 315 922 τὸν
332 852 465 942 ’Ἀρεων
493 853 626 939 ἐξέβαλε
646 857 704 942 τῆς
726 853 896 941 ἐκκλησίας
917 857 971 922 καὶ
994 851 1251 940 ἀνεθεμάτιοεν,
1267 851 1314 922 οὐ
1336 861 1485 943 φέρουσα

257 954 316 1042 τήν
339 949 501 1040 ἀσέβειαν.
535 957 590 1022 καλ
613 953 733 1023 λοιπόν
755 955 884 1042 αίρεσις
898 955 1057 1045 ἐλογίσθη
1069 953 1088 1042 ή
1099 952 1230 1042 ’Λρείου
1242 957 1351 1045 πλάνη
1367 956 1485 1041 ἔχουσά

257 1082 292 1124 τι
317 1057 421 1124 πλέον
446 1059 514 1124 τῶν
543 1054 652 1124 ἀλλων
674 1056 848 1142 αἱρέσεων,
872 1052 945 1124 Ιότι
966 1061 1020 1124 καλ
1041 1057 1263 1143 χριστομάχος
1285 1059 1407 1148 ἐκλήθη
1428 1061 1481 1126 καὶ

256 1155 448 1244 πρόδρομος
474 1157 633 1246 ἐλογίσθη
662 1161 721 1226 τοῦ
743 1151 960 1243 ἀντιχρίστου.
1006 1159 1036 1226 εἰ
1056 1162 1110 1226 καὶ
1132 1158 1175 1225 τὰ
1194 1159 1342 1243 μάλιστα
1362 1157 1482 1240 τοίνυν,

257 1253 303 1338 ιός
324 1269 501 1346 προεῖπον,
525 1255 686 1347 αὐτάρκης
706 1255 727 1347 ή
748 1258 892 1346 τοσαύτη
914 1266 1023 1344 νρίσις
1043 1259 1128 1327 κατά
1148 1264 1207 1348 τῆς
1229 1255 1371 1346 ἀσεβοῦς
1392 1261 1483 1348 αἱρέ-

256 1381 341 1440 σεως
368 1369 486 1428 πεῖσαι
513 1359 643 1439 πάντας
670 1360 802 1448 φεύγειν
825 1354 882 1428 ἀπ’
907 1355 1024 1450 αὐτῆς,
1055 1357 1145 1446 ὅμως
1167 1361 1283 1448 ἐπειδή
1306 1387 1393 1440 τινες
1414 1364 1481 1428 τῶν

255 1461 437 1546 λεγομένων
459 1464 671 1549 Χριστιανῶν
700 1456 740 1550 1’ή
768 1457 961 1548 ἀγνοοῦντες
989 1457 1299 1550 ήύποκρινόμενοι,
1322 1460 1481 1549 καθάπερ

187 1559 190 1566 ’
256 1562 383 1652 εἴρηται
404 1562 566 1648 πρόσθεν,
590 1557 776 1650 ἀδιάφορον
797 1561 884 1650 πρὸς
905 1563 963 1650 τήν
985 1557 1147 1651 ἀλήθειαν
1169 1559 1324 1648 ήγοῦνται
1344 1561 1402 1647 τήν
1425 1561 1481 1628 οἵ·

164 1725 166 1732 .
254 1686 360 1748 ρεσιν,
389 1662 446 1731 καὶ
466 1664 544 1744 τοὺς
564 1666 668 1731 ταῦτα
690 1666 895 1752 φρονοῦντας
915 1663 1138 1750 Χριστιανούς
1161 1658 1372 1747 ὀνομάζουσι,
1397 1668 1479 1751 φέρε
1508 1735 1514 1746 ,

254 1763 338 1832 κατὰ
366 1765 503 1850 δύναμιν
530 1765 715 1853 ἐρωτῶντες
742 1761 862 1844 αὐτούς
890 1758 1160 1850 ἀποκαλύψωμεν
1187 1764 1245 1852 τήν
1272 1768 1477 1850 πανουργίαν

253 1867 312 1952 τής
343 1865 508 1952 αλρέσεως.
552 1865 636 1950 τάχα
670 1861 729 1954 κᾷν
758 1863 845 1934 οῦτω
876 1868 1183 1952 “συμποδισθέντες
1205 1865 1479 1950 ἐπιστομισθιῦσι

253 1969 307 2034 καλ
330 1966 478 2055 φύγωσιν
500 1961 557 2033 ἀπ’
582 1963 682 2053 αὐτῆς
704 1962 749 2046 ὦς
770 1961 840 2034 ἀπὸ
862 1968 1046 2054 προςιύπου
1070 1967 1189 2057 ὄφεως.

339 2072 367 2134 8.
412 2065 472 2133 11Εί
491 2068 552 2152 μὲν
575 2057 633 2134 οὐν
654 2067 711 2135 διὰ
732 2067 771 2135 τὸ
793 2069 898 2148 λέξεις
917 2069 1012 2150 τινάς
1032 2074 1092 2158 τής
1111 2076 1212 2149 θείας
1232 2072 1361 2158 γραφῆς
1383 2068 1417 2136 ἐν
1438 2070 1479 2155 τῇ

251 2169 376 2254 θαλείην
397 2166 527 2256 γράψαι
547 2169 718 2254 νομίζουσι
733 2173 786 2237 καὶ
801 2168 862 2248 τὰς
874 2170 1086 2257 βλαςφημίας
1101 2167 1266 2258 εὐφημίας
1276 2166 1369 2250 εἶναι,
1392 2169 1480 2256 πάν-

252 2293 319 2349 τως
339 2272 426 2337 ·ποῦ
458 2269 621 2350 καὶτοὺς
650 2274 714 2338 νῦν.
731 2267 907 2349 Ἰουδαίους
937 2264 1078 2356 ὁρῶντες
1107 2265 1392 2358 ἀναγινώσκοντας
1419 2270 1477 2336 τὸν

252 2368 354 2456 νόμον
385 2373 439 2440 καί
472 2370 549 2450 τούς
579 2371 756 2460 προφήτας
782 2367 982 2459 ἀρνήσονται
1009 2373 1062 2438 καὶ
1093 2366 1188 2438 αὐτοὶ
1218 2372 1275 2439 διὰ
1296 2376 1395 2439 τοῦτο
1418 2371 1478 2439 σύν

252 2469 388 2552 ἐκείνοις
408 2471 466 2540 τὸν
487 2471 645 2560 Χριστόν,
670 2467 842 2553 ἀκούοντες
864 2473 900 2540 δέ
921 2470 1004 2555 τάχα
1024 2471 1080 2538 καὶ
1093 2479 1293 2556 Μανιχαίων
1315 2473 1478 2559 λεγόντων

251 2579 332 2664 μέρη
360 2575 435 2644 τινὰ
460 2578 527 2643 τιῦν
556 2569 750 2662 εὐαγγελίων
780 2569 980 2662 ἀρνήσονται
1001 2573 1059 2641 σῦν
1082 2569 1196 2654 αὐτοῖς
1216 2573 1274 2640 τὸν
1297 2573 1398 2658 νόμον
1420 2578 1476 2642 καὶ

250 2677 328 2758 τούς
354 2677 540 2768 προφήτας.
586 2677 615 2746 εί
644 2678 680 2745 δὲ
708 2671 902 2762 ἀγνοοῦντες
923 2672 1011 2742 οῦτω
1030 2677 1241 2762 χειμάζονται
1261 2678 1315 2742 καὶ
1337 2678 1479 2742 τοιαῦτα

250 2781 498 2868 βαττολογοῦοι,
520 2785 723 2864 μαθέτωσαν
746 2771 816 2844 ἀπὸ
837 2778 904 2844 τῶν
926 2782 1073 2867 γραφῶν,
1096 2775 1167 2845 ’ὅτι
1187 2780 1240 2844 καὶ
1264 2773 1282 2844 5
1304 2775 1364 2855 τὰς
1386 2777 1477 2861 αἱρέ-

251 2905 321 2964 σεις
348 2881 528 2971 ἐπινοήσας
557 2880 713 2966 διάβολος
741 2878 798 2946 διὰ
825 2877 883 2964 τήν
913 2878 1001 2946 ἐδίαν
1029 2883 1087 2965 τῆς
1108 2886 1221 2958 κακίας
1243 2879 1404 2958 δυςωδίαν
1426 2904 1478 2946 κι-

248 2987 368 3070 χρᾶται
399 2984 458 3064 τὰς
479 2984 582 3064 λέξεις
603 2986 670 3050 τῶν
690 2985 847 3070 γραφιῦν,
881 2979 937 3047 ἵνα
958 2975 1061 3061 αὐτάς
1082 2981 1164 3066 ἔχων
1186 2979 1397 3103 ἐπικάλυμμα
1418 2979 1477 3046 τὸν

252 3085 339 3154 λδιον
369 3085 419 3153 ἐὸν
448 3079 694 3173 ἐπισπείρας’
675 3083 831 3170 απατήση
858 3081 936 3160 τούς
962 3077 1143 3168 ἀκεραίους.
1189 3079 1275 3148 οῦτω
1305 3082 1363 3167 τήν
1386 3079 1476 3148 Εὐαν

250 3179 432 3272 ἠπάτησεν,
461 3184 566 3254 ὀὕτω
591 3189 649 3256 ’καλ
676 3183 737 3265 τάς
764 3183 867 3262 ἀλλος
894 3183 1037 3269 αιρέσεις
1064 3185 1204 3264 έπλασε,
1233 3179 1319 3249 οῦτω
1342 3185 1395 3248 καὶ
1419 3184 1476 3248 νῦν

244 3278 378 3366 ’Ἀρειον
406 3286 538 3354 ἔπεισεν
566 3288 674 3358 εἰπεῖν
695 3289 750 3354 καὶ
774 3309 899 3372 σχηματ
901 3290 1046 3350 ίσασθαι
1067 3285 1171 3373 δήθεν
1193 3283 1277 3350 κατὰ
1297 3285 1363 3350 τῶν
1386 3283 1476 3368 αιρέ-

252 3405 346 3464 σεων,
369 3385 425 3451 ἵνα
446 3385 592 3473 λάθῃ
558 3414 616 3508 τήν
640 3388 763 3456 ἰδίαν11
771 3382 960 3470 ἐπιβάλλων
983 3383 1119 3469 αἳρεσιν.
1151 3381 1240 3452 καλ”
1221 3409 1311 3468 ομως
1326 3379 1384 3452 οὐκ
1399 3383 1476 3450 έλα-

165 3505 241 3552 εον.
250 3491 314 3553 θεν
342 3479 420 3552 οὐδέ
448 3481 553 3564 οῦτως
581 3483 599 3552 5
628 3488 830 3571 πανοῦργος·
860 3480 962 3561 είς
927 3507 988 3571 γαρ
1009 3482 1068 3550 τὸν
1089 3487 1148 3552 τοῦ
1170 3489 1253 3553 θεοῦ
1277 3479 1415 3572 λόγον’
1397 3508 1476 3553 ασε-

248 3585 355 3676 βήσας
375 3585 511 3652 πάντων
534 3581 635 3665 εὐθὺς
657 3588 806 3666 ἐξέπεσε,
830 3586 884 3649 καί
908 3583 1071 3652 δέδεικται
1091 3589 1213 3666 πᾶσιν,
1244 3582 1298 3654 ὅτι
1319 3590 1374 3654 καὶ
1395 3589 1474 3672 περὶ

249 3690 315 3754 τῶν
337 3685 446 3754 ἀλλων
468 3681 606 3775 ἠγνόησε
626 3689 681 3752 καὶ
703 3686 817 3770 λμηδέν
840 3679 926 3764 ὅλως
948 3680 1073 3772 ἀληθὲς
1095 3689 1227 3773 φρονῶν
1249 3684 1473 3775 ύποκρίνεται.

248 3791 323 3868 πῶς
350 3787 411 3876 γάρ
440 3781 480 3857 ἀν
508 3783 677 3877 ἀληθεύση
706 3785 787 3874 περὶ
813 3787 872 3852 τοῦ
901 3785 1029 3874 πατρὸς
1052 3782 1070 3852 5
1091 3785 1149 3852 τὸν
1170 3786 1243 3854 υἱὸν
1265 3785 1472 3875 ἀρνούμενος,

172 3905 176 3912 ·
248 3889 307 3956 τὸν
329 3885 609 3960 ἀποκαλύπτοντα
630 3891 708 3978 περὶ
730 3883 851 3971 αὐτοῦς
881 3881 902 3977 ή
923 3891 998 3968 πῶς
1012 3886 1092 3976 περὶ
1105 3891 1165 3956 τοῦ
1180 3890 1367 3976 πνεύματος
1383 3884 1475 3974 ὀρθά

249 3991 409 4080 φρονήσει
432 3994 608 4082 δυςφημῶν
632 3993 680 4073 εἷς
699 3990 757 4060 τὸν
779 3993 898 4060 1τοῦτο
919 3994 1119 4078 χορηγοῦντα
1141 3989 1238 4078 λόγον
1245 4022 1256 4076 ,·
1289 3999 1340 4072 τίς
1362 3993 1398 4059 δὲ
1414 4017 1475 4058 πι-

319 4163 342 4226 1)
361 4165 417 4218 Ose
435 4167 459 4228 7,
481 4165 519 4218 1³.
539 4167 578 4216 15.

284 4297 305 4334 ι.
324 4284 424 4363 δαςυεε.
451 4285 548 4336 Gobler.
574 4292 597 4333 ω
623 4283 727 4332 έιΙιΙιιο.
748 4284 770 4332 l.
790 4275 835 4330 ὅτι
888 4283 910 4332 ί.
946 4275 1007 4332 Εδίιὶ
1027 4291 1106 4333 nutem
1125 4281 1206 4333 etalii
1225 4273 1474 4336 οῦτωςαίδεσθίν-

244 4345 436 4468 ῦῦέἐηέιόῦχοοῦ
451 4341 834 4416 καὶπρόδρομοςωηθηωῦ
886 4362 944 4466 ωδ.
963 4416 1067 4468 Felekm.
1086 4417 1109 4467 2.
1136 4425 1159 4466 et
1182 4415 1237 4466 adiu·
1262 4407 1286 4464 εί
1301 4408 1355 4480 μὲν
1372 4407 1420 4461 διὰ
1438 4409 1471 4462 τό

283 4432 367 4538 ἐκτερίε
385 4487 524 4566 δεςηετὶιο.
543 4484 639 4536 ῦοοΙει.
659 4483 835 4534 etFelckml.
885 4469 1015 4540 λέξας’
984 4498 1057 4534 ουν.
1076 4485 1128 4535 Mox
1151 4483 1247 4536 Gobler.
1271 4490 1295 4533 ει
1321 4481 1427 4532 Felekm.
1448 4483 1473 4532 ί.

250 4553 304 4605 λι
297 4569 321 4605 ιο
340 4557 410 4607 editis
429 4545 445 4614 ἦ
462 4556 538 4606 deest
885 4547 992 4616 θαλείρ.
1029 4553 1074 4603 Alii
1091 4546 1183 4614 θαλίς.

284 4637 305 4672 ε.
324 4623 366 4676 Sic
382 4623 481 4688 Soguer
498 4619 590 4686 Δυςίίε.
609 4618 705 4674 Gobler.
719 4619 834 4672 etFelek.
