3226 5280
462 359 608 402 nrrsruns
621 357 659 402 oa
675 357 817 402 numeras
833 343 979 404 simmae
993 359 1109 404 srnour.
1359 343 1403 410 ω

154 509 262 581 ctione,
287 508 500 571 conversione
521 517 571 572 aut
591 508 755 570 mutatione
776 507 958 572 subsnmim
979 519 1010 573 et
1031 509 1272 584 retruseritis,
1293 509 1331 572 ab
1350 509 1485 572 laisneo.

152 610 228 672 enim
253 608 413 672 omnibus
434 609 560 672 alienam
581 627 649 672 esse
670 610 867 672 nou-lectam
888 610 985 672 Patris
1007 619 1159 682 natursm3
1187 629 1293 674 verum
1313 611 1403 674 hisce

149 711 250 772 verbis
277 710 583 776 conudrteatiulrn
604 710 694 774 l’utn‘
712 709 846 784 iudicari,
868 710 979 774 nullam
1001 711 1076 772 Filio
1096 710 1150 772 liei
1171 730 1239 772 mur
1259 712 1342 774 lectis
1365 721 1397 775 et

148 813 260 874 neatis
293 812 399 874 rebus
427 829 496 874 esse
524 811 764 885 similitudinem,
791 811 846 874 sed
873 811 930 874 suli
951 811 1048 885 Patri,
1081 811 1132 890 qui
1160 810 1259 890 ipsum
1286 813 1482 892 genuinum.

147 914 232 976 omui
256 914 367 976 modu
390 912 516 976 similem
539 931 623 986 esse,
655 930 752 992 neque
774 931 812 974 er
833 913 890 974 elia
911 929 1000 992 quam
1021 931 1057 974 ex
1078 910 1175 974 Patris
1196 911 1349 992 hypostasi
1369 921 1399 976 et

146 1015 336 1078 substantia
360 1033 440 1077 esse.
484 1015 537 1077 Cui
558 1016 624 1076 roci
646 1015 705 1076 huc
725 1013 816 1076 modu
839 1013 1000 1093 explicatae
1020 1012 1158 1076 assentiri
1176 1021 1291 1076 rectum
1313 1012 1400 1076 nubis

144 1117 249 1178 risum
275 1125 352 1185 est,
383 1115 619 1196 quandoquidem
641 1113 827 1194 exploratum
849 1113 1001 1188 habemus,
1023 1121 1138 1176 veteres
1160 1113 1306 1194 quosdam
1329 1132 1400 1176 eru·

145 1217 230 1278 ditos
257 1228 294 1280 et
321 1216 458 1280 illustres
480 1216 649 1298 Episcopus
671 1235 705 1278 ac
726 1216 907 1296 Scriptores,
929 1235 995 1277 cum
1017 1214 1054 1276 de
1075 1216 1162 1278 Patre
1184 1223 1214 1278 et
1237 1215 1310 1277 Filio
1333 1215 1400 1278 dis-

143 1327 312 1393 sererent,
337 1335 413 1380 ruce
435 1316 705 1381 coumdstuntiulir
726 1336 799 1380 usus
820 1319 924 1380 luisse.

241 1623 280 1686 8.
333 1619 413 1682 llaec
434 1619 533 1699 itaque
554 1618 592 1680 de
614 1619 691 1680 edita
713 1618 771 1680 lide
793 1618 853 1680 sint
868 1618 954 1692 dicta,
977 1619 1023 1680 cui
1038 1619 1157 1699 quidem
1173 1637 1277 1682 omnes
1291 1639 1397 1684 sumus

145 1723 297 1796 assensi,
324 1721 378 1782 sed
400 1719 521 1782 nonnisi
542 1728 699 1800 postquam
715 1737 778 1782 rem
794 1728 926 1782 accurate
939 1719 1164 1800 perpendimus,
1186 1739 1281 1800 eoque
1295 1739 1397 1794 sensu,

148 1824 205 1904 qui
231 1822 407 1903 explicatus
430 1830 477 1883 est
498 1839 598 1882 eoram
614 1821 841 1900 religiosissimo
856 1821 1048 1901 Imperatore,
1070 1821 1181 1902 quique
1202 1821 1296 1882 allatis
1310 1839 1400 1902 snpra

149 1924 341 1986 rationibus
363 1923 418 1985 luit
439 1921 631 2002 approbatus.
675 1921 954 1984 Auathematismum
976 1941 1079 2003 porro,
1101 1923 1151 2002 qui
1172 1930 1243 2002 post
1257 1921 1345 1984 iidem
1365 1921 1401 1984 ab

152 2025 221 2088 illie
250 2026 388 2088 adiectus
411 2032 474 2096 est,
497 2022 680 2103 nihilgrare
702 2033 732 2084 et
753 2023 912 2084 molestum
934 2023 1045 2086 habere
1065 2023 1311 2096 existimavimus,
1335 2031 1406 2086 cunt'

154 2128 340 2206 prohibeat,
364 2143 522 2198 nerones,
545 2144 619 2206 quae
642 2143 702 2187 uon
726 2133 843 2187 exstent
866 2125 895 2186 iu
911 2124 1083 2204 Scripturis,
1107 2134 1303 2204 usurpentur3
1325 2143 1402 2206 quae

156 2227 289 2290 scilicet
314 2247 401 2290 causa
429 2229 484 2290 luit
511 2227 610 2289 omnis
638 2229 700 2288 lere
722 2225 923 2288 dissensionis
946 2235 975 2286 et
996 2225 1243 2306 perturbationis,
1272 2225 1401 2306 quaein

158 2327 305 2392 Ecclesia
329 2337 393 2390 orta
417 2337 471 2391 est.
517 2329 589 2391 Cum
613 2328 702 2407 igitur
723 2327 802 2392 nulla
824 2327 1120 2408 diviuitnsinspirata
1135 2325 1283 2405 Scriptura
1296 2345 1349 2388 usa
1363 2328 1403 2388 sit

160 2426 297 2492 uocibus
319 2449 359 2492 rm
379 2449 440 2493 nun
462 2431 672 2505 assistentibus,
694 2431 755 2508 [uit
772 2428 936 2510 aliquunde
952 2449 1019 2490 cum
1033 2447 1096 2490 nott
1111 2439 1198 2498 esset,
1220 2427 1346 2506 aliisque
1361 2425 1402 2488 ilti

166 2527 330 2602 subiectis,
352 2531 447 2592 visum
470 2541 516 2593 est
537 2529 647 2590 rationi
670 2537 899 2591 consentaneum
923 2549 984 2590 nun
1008 2549 1076 2591 esse
1091 2529 1164 2592 haec
1184 2529 1228 2590 rel
1242 2529 1342 2590 dicere
1357 2527 1404 2589 rel

170 2627 298 2702 docere,
320 2629 400 2707 quod
421 2648 487 2690 cum
509 2640 624 2689 rectum
647 2647 764 2708 queque
785 2650 851 2691 esse
873 2631 1141 2702 intellexissemus,
1162 2627 1404 2708 approbavimus,

179 2727 421 2805 quandoquidem
442 2747 497 2789 nec
518 2746 577 2788 nos
599 2735 682 2788 autea
704 2730 871 2792 huiusmodi
886 2731 974 2792 verba
990 2749 1133 2810 usurpare
1148 2729 1228 2790 soliti
1245 2729 1407 2790 fueramus.

269 2829 301 2890 9.
343 2825 404 2887 Nec
424 2828 493 2888 item
514 2826 674 2888 absurdum
695 2830 878 2906 putarimus,
909 2831 958 2890 iris
986 2831 1108 2891 vocibus
1138 2845 1202 2889 nort
1231 2839 1302 2889 erut
1323 2835 1409 2888 unte·

183 2945 274 3008 quom
292 2931 414 3008 penitus
436 2925 481 2990 est
510 2927 666 2990 anathema
694 2927 807 3001 dicere,
835 2947 902 2990 cum
935 2950 1037 2992 omnes
1060 2932 1208 2992 fateantur
1228 2926 1336 2987 Filium
1357 2925 1408 2986 liei

180 3027 285 3103 luisse,
307 3029 480 3108 priusquam
503 3026 667 3090 secuudum
694 3045 813 3088 caruem
833 3029 1011 3108 gigneretur.

266 3132 317 3192 10.
363 3127 438 3192 Tum
461 3148 534 3191 vero
555 3129 713 3208 piissimus
736 3138 841 3189 noster
855 3129 1020 3207 Imperator
1037 3147 1090 3189 sua
1107 3128 1172 3207 ipse
1187 3126 1320 3188 oratione
1334 3146 1406 3207 pru-

176 3229 281 3301 babat,
311 3229 399 3292 etiam
420 3230 502 3293 illum
525 3229 622 3291 luisse
645 3229 808 3291 secundum
831 3229 960 3290 diuinam
983 3229 1046 3290 eius
1068 3228 1301 3308 generationem,
1331 3247 1405 3308 quae

178 3338 315 3392 estante
338 3331 435 3394 omnia
457 3331 590 3404 saecula,
620 3329 860 3410 quandoquidem
886 3331 1059 3410 priusquam
1088 3331 1191 3392 ellectu
1218 3329 1323 3391 luisset
1350 3348 1403 3409 ge-

176 3431 275 3504 nitus,
305 3431 370 3509 ipse
393 3433 525 3511 potentis
548 3438 612 3492 erut
632 3432 663 3492 iu
686 3431 787 3503 Patre,
815 3431 885 3493 licet
906 3450 968 3494 nou
995 3431 1179 3512 gignentum
1207 3430 1316 3510 quippe
1338 3449 1406 3492 cum

176 3529 266 3591 Pater
287 3549 407 3610 semper
428 3531 517 3592 luerit
537 3540 637 3612 pater,
665 3541 698 3592 ut
720 3541 748 3592 et
770 3551 889 3612 semper
910 3532 966 3594 luit
986 3541 1016 3593 et
1036 3551 1089 3594 rex
1112 3540 1141 3592 et
1162 3531 1310 3602 salvatur,
1332 3547 1405 3591 nec·

179 3649 241 3690 non
264 3630 361 3692 omnia
383 3633 527 3710 potentii,
547 3650 723 3712 semperque
745 3634 848 3695 eodem
872 3633 960 3695 modo
982 3642 1012 3694 et
1034 3631 1171 3694 similiter
1192 3649 1225 3692 se
1247 3627 1363 3690 lrabeat.

179 3741 231 3794 τὸν
254 3740 316 3795 υἱὸν
340 3747 387 3795 rod
411 3749 477 3798 recu
501 3743 546 3797 rui
569 3743 623 3815 πρὸ
650 3749 696 3808 τῆς
719 3759 765 3800 etc.
819 3753 934 3810 rclertur,
952 3759 977 3800 nt
995 3750 1059 3814 apud
1071 3749 1194 3798 Theodur.
1206 3747 1286 3798 Gelas.
1306 3755 1330 3796 rt
1349 3748 1405 3797 edit.

180 3815 261 3864 Gelas.
289 3807 486 3879 ὁμολογεῖσθαι
512 3805 581 3864 tiras
612 3807 696 3863 αὐτόν
720 3829 766 3866 etc.
819 3819 1019 3866 Commeliauam.
1055 3817 1116 3864 llam
1135 3815 1408 3874 recrescentium,

181 3881 260 3958 Editio
279 3883 394 3930 Commel.
415 3875 613 3948 ὁμολογεῖσθαι
631 3871 700 3930 εἶναι
718 3878 768 3929 τὸν
821 3893 949 3946 antequam
969 3889 1023 3931 actu
1042 3889 1068 3929 ut
1086 3883 1152 3928 aiunt
1168 3889 1232 3956 fruet
1250 3883 1353 3958 penitus,
1371 3883 1409 3930 ln-

181 3959 244 3994 uter
261 3957 305 3996 etc.
823 3951 872 3998 isse
898 3949 1004 4010 putentia
1030 3948 1053 3995 in
1073 3947 1142 3995 Patre
1160 3959 1314 4010 urerentur
1331 3947 1354 3998 id
1373 3956 1410 3997 est

217 4015 281 4062 lleec
299 4023 378 4063 autem
398 4015 469 4064 rerba
488 4007 528 4063 ἔτι
552 4005 609 4078 μήν
635 4022 657 4062 οι
683 4023 771 4074 cetero,
824 4017 911 4077 utrque
929 4017 966 4063 rui
984 4015 1138 4076 precantium,
1150 4015 1214 4078 quod
1225 4015 1351 4066 commode
1363 4029 1409 4078 pn-

182 4095 244 4162 puae
271 4091 406 4144 sepiuntur
433 4097 510 4144 uisque
544 4082 573 4129 ad
599 4071 678 4126 ταῦθ’
706 4073 773 4144 ὑμῖν
825 4089 904 4128 temus
929 4082 1080 4144 expressisse
1106 4081 1143 4130 lais
1167 4083 1260 4132 uerbis:
1287 4083 1341 4132 licet
1363 4097 1410 4130 nou

182 4148 338 4210 ornystelotr
362 4157 407 4198 ete.
432 4149 520 4197 desunt
545 4147 608 4211 opud
636 4149 771 4205 Socratem,
825 4151 963 4210 pipnrretur.
1001 4148 1045 4197 tttt
1065 4156 1171 4198 uertunt:
1190 4151 1291 4212 inperito
1310 4149 1410 4212 quodum

182 4228 245 4278 qnae
264 4215 326 4262 torte
345 4215 450 4272 reticuit,
470 4231 500 4263 ne
519 4214 631 4270 Eusehii,
651 4229 721 4278 quem
741 4215 772 4262 ub
823 4215 909 4275 modu;
926 4215 982 4264 alii:
1000 4219 1103 4278 iuuenile
1121 4217 1221 4279 quodum
1237 4218 1409 4278 rationequae

181 4281 268 4329 Ariona
288 4282 382 4330 haeresi
402 4295 429 4330 er
448 4282 606 4345 decepistols
621 4283 771 4344 purgandum
824 4295 872 4330 nun
899 4283 930 4330 ita
955 4282 1021 4332 clare
1039 4295 1091 4332 rem
1110 4283 1188 4346 ipsam
1207 4281 1316 4331 ridentur
1333 4282 1409 4343 sigui·

182 4355 333 4410 susceperat,
352 4361 448 4398 causam
468 4357 550 4412 aperte
569 4349 691 4412 proderet.
823 4349 905 4397 dcere.

219 4428 250 4462 m.
269 4413 389 4463 l'heodur.
401 4407 432 4460 ri
451 4408 505 4480 πρὸ
523 4408 644 4462 πάντων.
683 4415 734 4464 lior
747 4417 770 4463 in
857 4429 880 4464 a.
900 4415 1045 4463 Theodoret.
1064 4409 1109 4461 rui
1128 4413 1253 4492 umerique
1268 4407 1313 4460 καὶ
1331 4405 1411 4461 durd-

185 4493 231 4528 ms.
252 4481 323 4542 degio
343 4471 499 4544 ἀγενήτως
511 4483 616 4543 iungitur
628 4476 772 4535 condetur
821 4493 868 4546 pu
887 4490 933 4530 etc.
969 4482 1020 4529 lior
1040 4496 1085 4544 pro
1104 4474 1174 4527 κατὰ
1192 4493 1227 4526 aa
1245 4471 1315 4528 οὖτά
1332 4481 1411 4529 Editio

185 4543 234 4594 aod
252 4539 356 4616 πατρός
374 4561 420 4598 etc.
456 4547 538 4598 llelius
553 4558 632 4598 tamen
645 4550 673 4598 ad
684 4549 771 4598 Filium
824 4549 943 4598 Cummrl.
954 4548 1067 4598 etGelaa.
1087 4547 1176 4596 habent
1193 4541 1263 4594 ruris
1274 4541 1308 4594 air
1318 4538 1412 4594 edred.
