3054 5236
278 405 299 448 θ
431 375 547 418 conant
560 375 778 443 monumentum
792 371 882 420 nroaa‘
894 377 914 420 ι.
1214 365 1274 429 869
1286 369 1300 422 .’

25 525 181 586 ascitur
208 541 283 604 ergo
305 523 442 586 Christus
465 526 496 588 in
517 524 670 586 Bethleem
691 525 831 600 Iudaeae,
859 526 1027 606 losephqtre
1047 527 1166 590 Patrem
1189 549 1360 594 sunmerso

25 633 123 700 icat,
154 625 219 706 qui
244 627 368 689 eandem
390 643 476 706 quam
499 626 590 689 Maria
612 645 649 687 ex
662 625 773 688 [larido
794 627 938 706 originem
960 627 1095 702 ducebat,
1118 627 1149 692 in
1170 631 1278 710 pannis

25 727 219 806 epositus,
245 747 261 789 a
284 727 424 790 Simeone
446 729 477 789 in
493 729 616 808 Templo
639 735 771 807 gestatus
794 728 881 789 etad
903 729 1158 794 circumsionem
1180 725 1300 794 carnis'

25 829 218 892 reundum
251 829 347 909 legem
380 829 523 892 adductus
555 838 616 900 est,
651 837 899 910 augmentumque
927 831 1039 910 aceepit
1066 831 1169 894 aetatis
1192 842 1282 914 atque,

26 939 187 990 sturae.
238 930 270 992 Si
302 931 400 1010 itaque
427 929 575 992 increatus
604 929 652 991 illa
679 930 789 992 unione
817 932 910 992 lactus
939 940 1003 1005 est,
1034 933 1186 1011 quomodo
1217 951 1287 998 nou·

25 1032 140 1092 atim
168 1033 328 1110 perlectus
351 1031 496 1111 apparuit,
519 1031 574 1093 sed
595 1049 651 1110 pro
673 1031 824 1093 voluntate
846 1032 933 1094 Verbi
957 1051 1067 1112 corpus
1089 1044 1279 1113 augmentum

25 1131 244 1211 ccipiebat?
287 1133 420 1195 increato
443 1142 540 1195 autem
562 1133 776 1194 incrementum
792 1132 962 1196 adscribere
977 1135 1100 1214 impium
1117 1143 1172 1197 ast.
1206 1135 1279 1198 Nam

25 1233 122 1311 ¹uod
150 1233 323 1296 increatum
346 1243 401 1310 est,
424 1243 528 1296 natura
550 1253 605 1297 aua
626 1237 790 1296 increatum
805 1234 923 1309 dicitur,
945 1254 1002 1296 nee
1015 1236 1217 1298 accessionem
1233 1237 1280 1299 vol

25 1335 282 1396 timinutionem
305 1335 440 1398 admittit
485 1337 573 1409 Quod
597 1345 695 1398 autem
718 1353 784 1398 cum
806 1336 936 1398 increato
958 1336 1109 1416 quidpiam
1123 1354 1363 1401 communeraas.

25 1436 134 1498 tabet
167 1446 224 1500 aut
253 1437 311 1530 ipsi
335 1439 451 1512 unitur,
484 1439 638 1517 proprium
661 1437 780 1517 quidem
802 1437 949 1512 increato,
978 1456 1038 1500 non
1060 1447 1159 1500 umen
1181 1439 1280 1518 ipsum

25 1541 219 1602 mereatum
245 1559 313 1602 esse
335 1540 458 1613 dicitur3
480 1559 518 1600 ne
540 1540 660 1601 unionis
681 1539 855 1600 beneficium
877 1539 907 1600 in
930 1538 1108 1602 oblivionem
1131 1541 1229 1602 teniat
1251 1549 1281 1602 et

25 1639 189 1704 beneficii
214 1641 347 1701 debitum
370 1639 530 1712 aboleatur,
553 1659 627 1702 nere
649 1641 809 1702 humanum
831 1659 936 1720 genus,
959 1641 1039 1720 quod
1059 1641 1157 1703 adhuc
1177 1641 1208 1702 in
1230 1641 1279 1702 in-

27 1734 195 1802 firmitate
226 1741 322 1821 degit,
353 1740 384 1802 iu
413 1741 650 1820 desperationem
679 1742 778 1816 eadat,
812 1741 837 1802 si
865 1741 958 1805 discat
980 1743 1071 1822 (quod
1093 1761 1147 1804 vos
1170 1741 1282 1820 dicitis)

30 1842 165 1904 nullam
190 1861 263 1904 esse
284 1841 340 1904 sihi
363 1861 429 1904 cum
451 1841 513 1904 lleo
536 1843 758 1922 cognationem,
786 1861 860 1922 neve
881 1843 975 1921 gratia
997 1849 1161 1906 evanescat
1207 1843 1282 1915 Quis

38 1945 136 2006 enim
166 1944 333 2006 increatum
362 1945 388 2006 si
418 1945 518 2006 audiat
538 1944 656 2006 Domini
685 1961 809 2024 eorpus,
843 1963 935 2024 seque
963 1945 1069 2007 lactum
1092 1952 1282 2022 creatumque

39 2055 211 2124 agnoscat,
235 2064 298 2106 non
320 2045 476 2126 intelligat,
498 2046 588 2108 falsas
609 2046 728 2126 quidem
752 2064 819 2108 esse
841 2046 1011 2127 Scripturas
1033 2035 1281 2125 sibique'nullam

38 2165 122 2208 esse
145 2165 215 2208 eum
238 2146 358 2208 Christo
381 2145 645 2209 communionem?
688 2148 720 2208 Si
742 2145 889 2208 increatus
912 2147 1074 2209 increatum
1096 2164 1205 2226 corpus
1228 2163 1280 2208 as-

41 2246 182 2321 sumsit,
206 2248 297 2328 periit
319 2267 390 2328 ergo
412 2250 508 2328 prima
530 2249 679 2322 formatio,
700 2247 791 2326 periit
811 2248 986 2328 archetypus
1007 2249 1115 2324 Adam,
1144 2267 1204 2328 quo
1226 2264 1283 2308 nos
1324 2277 1332 2290 κ

47 2367 155 2427 usque
184 2349 215 2412 in
244 2351 422 2412 hodiernum
457 2351 535 2412 diem
563 2368 617 2429 per
644 2351 742 2411 carnis
772 2349 992 2412 successionem
1020 2348 1140 2410 oriundi
1167 2363 1284 2409 sumus.

48 2451 222 2520 Quomodo
244 2451 335 2530 igitur
356 2451 492 2514 Christus
514 2469 572 2512 nos
594 2451 641 2512 sui
663 2449 822 2530 participes
839 2447 1018 2514 coustituit?
1040 2448 1181 2527 quidest,
1204 2445 1286 2528 quod

51 2552 223 2628 Apostolus
251 2552 306 2612 ait:
344 2553 407 2626 Qui
437 2557 514 2614 ιιιιιι
544 2551 716 2632 sanctificet
742 2563 769 2614 et
798 2557 851 2634 pur·
876 2549 1126 2630 emtctificontur,
1160 2567 1200 2612 eto
1220 2565 1283 2612 utto

53 2651 186 2714 omnes?
1225 2639 1234 2657 ³

149 2859 178 2918 5.
221 2854 265 2914 ute
287 2853 352 2933 quis
374 2872 445 2914 rero
467 2853 504 2914 de
519 2853 677 2916 divinitate
691 2854 756 2916 Filii
782 2854 827 2916 sio
848 2851 978 2932 cogitare
993 2851 1109 2924 audeat,
1131 2850 1212 2930 quod
1227 2869 1281 2913 oo-

60 2957 133 3018 dern
154 2953 202 3016 ille
223 2955 312 3016 modo
336 2973 372 3018 ex
393 2953 455 3016 Deo
478 2955 531 3029 sit,
554 2975 614 3034 quo
637 2975 694 3017 nos
718 2973 840 3027 sumus,
866 2961 901 3015 ut
922 2952 1093 3032 impiissimi
1114 2951 1215 3016 Ariani
1236 2951 1284 3014 di-

61 3074 133 3118 cere
154 3056 270 3129 audent,
293 3064 344 3117 aut
365 3067 444 3117 certe
463 3057 548 3118 illum
569 3056 683 3118 culleo
707 3073 777 3115 esse
798 3053 961 3116 seeundum
983 3053 1081 3116 earnis
1104 3053 1239 3133 speciem
1256 3059 1287 3114 et

67 3157 228 3226 seeundum
250 3157 375 3220 formam
397 3157 492 3230 serti,
514 3158 573 3218 hoo
594 3166 641 3217 est
662 3154 838 3234 protoplasti
858 3153 969 3227 adam,
992 3171 1080 3234 quem
1102 3153 1215 3234 accepit
1235 3152 1287 3232 qui

67 3260 99 3320 in
131 3259 219 3320 forma
241 3256 294 3319 uei
316 3259 396 3320 Deae
430 3257 539 3319 existit.
587 3257 726 3319 Proiecto
755 3257 833 3318 inter
860 3273 908 3318 rea
938 3261 1052 3318 creatas
1080 3255 1152 3318 illud
1179 3253 1286 3318 dicitur

72 3362 241 3431 increatum,
264 3360 343 3439 quod
365 3361 514 3438 nunquam
538 3358 649 3430 estitit,
672 3358 739 3438 quia
760 3375 910 3436 nunquam
932 3359 1039 3418 laetum
1061 3364 1118 3418 eet.
1161 3354 1205 3417 ιιι
1226 3353 1285 3434 igi-

72 3473 119 3524 tur
139 3462 204 3523 dum
225 3461 254 3522 in
277 3461 374 3524 Verbo
397 3479 515 3522 munem
537 3477 688 3539 nunquam
709 3458 804 3520 luisse
826 3455 1010 3530 existimatis,
1034 3458 1172 3536 spacioso
1194 3472 1285 3517 voca-

71 3561 143 3626 bulo
162 3581 220 3624 rem
242 3563 336 3642 ipsam
358 3580 467 3641 negare
490 3560 519 3622 in
541 3561 672 3624 animum
693 3559 851 3632 inducetis,
873 3567 906 3621 ut
926 3557 1000 3632 nilril
1014 3557 1046 3620 in
1059 3557 1192 3622 increato
1210 3573 1286 3618 eon·

73 3663 215 3724 liteamiri.
259 3663 332 3724 Nam
362 3663 426 3724 sola
447 3661 570 3726 Deitatis
597 3660 791 3725 subsistentia
819 3659 949 3722 increata
974 3657 1164 3740 intelligitur,
1193 3657 1233 3722 ita
1254 3663 1287 3718 ut

76 3765 191 3843 impium
211 3763 255 3823 sit
270 3763 316 3824 vel
337 3761 496 3824 increatam
518 3761 691 3840 passibilem
706 3762 751 3824 vel
766 3759 939 3839 passibilem
953 3759 1114 3822 increatam
1128 3755 1286 3838 appellare.

79 3864 219 3926 donditnn
241 3862 319 3922 enim
342 3860 472 3922 hominis
495 3867 630 3922 naturam
651 3879 712 3922 uon
734 3861 846 3922 unione
867 3859 964 3920 Verbo
983 3857 1154 3938 propriam,
1183 3859 1237 3920 sed
1260 3856 1288 3920 ei

80 3971 250 4026 coaeternam
283 3979 352 4022 esse
372 3959 498 4044 licique,
512 3969 634 4022 naturae
663 3967 852 4038 exaequatam
878 3975 932 4037 per
959 3965 1082 4020 naturae
1104 3957 1288 4020 identitatem

114 4132 132 4164 e.
149 4113 235 4165 Gobler.
254 4104 557 4171 autumnitanorum}
574 4103 649 4161 edto-
701 4111 801 4171 Seguer.
830 4117 854 4159 et
881 4109 986 4160 Felclm.
1007 4108 1029 4157 ι.
1065 4107 1091 4156 ln
1116 4107 1186 4158 edilis
1203 4101 1242 4174 ptri
1260 4121 1289 4159 τι

80 4177 135 4248 ylo,
151 4175 190 4229 ιιιι
204 4193 314 4247 καταργ.
341 4182 416 4242 Atque
427 4181 457 4230 ιιι
467 4179 524 4240 legit
534 4179 649 4229 Nunnius.
700 4163 749 4228 οὖν
767 4169 821 4244 ἄρα
837 4168 903 4244 μηθ’
923 4169 999 4232 ὅλως.
1026 4175 1290 4254 llonlnglicffiobler.

86 4251 142 4300 loten
159 4250 228 4308 iidem,
249 4258 273 4298 nt
291 4255 315 4298 et
332 4247 505 4310 lugitlleonius
524 4242 649 4295 dodonec·
701 4247 800 4307 Seguer.
825 4255 849 4295 et
872 4245 976 4296 ιειιιιιι.
997 4245 1018 4294 l.
1035 4238 1082 4292 zat
1105 4257 1156 4303 την
1172 4255 1290 4324 upupam

85 4315 145 4384 μένη
160 4307 212 4366 acd'
231 4309 309 4382 ἡμᾶς.
596 4361 601 4370 ,
701 4305 791 4367 εὐθύς.
829 4313 856 4364 ln
884 4313 955 4366 editis
982 4314 1051 4363 deest
1076 4307 1124 4360 και
1151 4319 1175 4362 et
1199 4304 1290 4366 ευθιις.

55 4377 60 4384 ’
117 4388 138 4434 d.
153 4387 187 4435 Sic
202 4385 337 4446 Seguerlan.
355 4385 443 4434 rectius
461 4399 533 4448 qoam
552 4383 609 4432 editi
627 4389 652 4434 et
702 4379 802 4444 Segner.
824 4381 921 4433 Gobler.
940 4389 964 4432 et
981 4380 1088 4432 Feleltm.
1100 4380 1122 4428 l.
1141 4378 1215 4444 paulo
1232 4386 1290 4444 post

89 4453 132 4506 alii,
148 4455 181 4517 qun
198 4454 283 4502 labent
300 4443 392 4501 αὐτοῦ.
428 4453 502 4501 Paulo
521 4453 650 4516 postidem
702 4441 897 4516 ὁμολογήσητε,
917 4451 941 4500 in
960 4450 1031 4500 editis
1048 4441 1223 4514 ὁμολογῆται

88 4511 224 4583 ιιιγιιιζων.
737 4518 753 4566 ι.
771 4511 809 4583 μὴ
829 4515 860 4583 τῇ
877 4509 982 4574 ἐνόσει,
1001 4517 1038 4567 ιιι
1049 4521 1149 4578 Segner.
1169 4523 1192 4564 et
1205 4515 1241 4564 sic
1252 4512 1288 4561 le-

120 4601 138 4636 ι.
152 4580 183 4651 poi
199 4601 222 4638 ιι
238 4580 294 4657 ἄρα
309 4579 444 4655 putidius,
464 4587 651 4640 sieGoblerien.
702 4585 806 4648 gendum
824 4588 923 4638 ridetur.
958 4585 1022 4638 Editi
1037 4576 1107 4652 μήτε
1123 4574 1227 4633 Mett-
