3212 5272
536 387 644 432 omaro
660 388 681 432 1.
697 387 814 434 conam
823 389 962 434 nmmos.
1291 379 1355 444 225

201 541 257 606 38.
303 538 392 612 qnod
415 539 442 600 si
464 537 539 600 baec
560 537 678 600 iliorum
701 547 748 601 est
769 535 806 601 (ie
828 539 980 602 Salvatore
1002 543 1166 616 sententia,
1201 553 1439 626 sequetur,n.uu

116 661 183 706 ειιιιι
204 659 307 721 neque
328 659 431 702 verum
454 639 546 702 Deum
566 657 666 720 neque
688 657 790 702 verum
812 641 918 704 Filium
941 661 1037 721 neque
1057 644 1153 706 Patris
1175 663 1243 707 esse
1265 645 1353 708 sinri-

116 745 188 816 iem,
218 751 279 805 nee
299 741 395 803 Deum
417 740 465 802 sui
487 739 583 819 ipsius
605 740 768 802 serrandum
790 741 987 804 substantiam
1010 753 1124 822 patrem
1147 745 1276 818 habere,
1299 747 1354 808 sed

119 845 213 906 solius
246 841 305 904 sibi
335 859 497 904 concessae
518 840 645 927 gratiae,
674 859 709 902 ao
736 843 864 921 deniquo
886 844 980 904 Deum
1002 854 1166 906 creatorem
1188 848 1234 907 sui
1258 846 1354 925 ipsius

119 945 285 1008 meandum
315 942 511 1005 substantiam
541 941 628 1003 sicuti
659 961 710 1004 res
737 943 809 1004 alias
839 963 944 1006 omnes
972 944 1091 1009 habero.
1143 946 1231 1018 Quod
1260 948 1286 1006 si
1314 946 1358 1008 sit

119 1045 278 1118 eiusmodi,
301 1051 335 1104 ut
356 1043 399 1104 itu
421 1043 531 1114 volunt,
553 1043 623 1104 indo
645 1043 755 1105 clarum
779 1044 850 1116 erit,
874 1063 941 1106 eum
964 1045 1000 1106 ab
1023 1035 1107 1108 initio
1130 1065 1191 1108 non
1214 1046 1358 1108 babuisse

118 1147 181 1210 Fuit
204 1163 329 1217 nomen,
353 1145 381 1206 si
402 1144 543 1206 uimimm
566 1143 595 1204 iu
618 1144 755 1206 nominis¹
770 1145 811 1206 ihi
830 1145 970 1208 trihutum
987 1147 1026 1208 sit
1048 1155 1187 1226 tanquam
1210 1129 1355 1208 tantorum

13 1275 14 1290 ι
119 1250 225 1329 suique
246 1246 414 1329 praemium
436 1237 629 1325 progressus,
651 1245 700 1324 qui
723 1247 841 1324 quidem
864 1247 962 1310 nuilus
985 1249 1041 1342 fuit
1062 1249 1153 1322 alins,
1176 1267 1263 1328 quarn
1287 1267 1355 1310 enm

119 1345 212 1412 ιεέιιιε
236 1350 397 1412 esthamo
420 1353 451 1407 ει
472 1347 550 1408 servi
573 1347 698 1408 tonnam
721 1349 844 1426 aceepit.
889 1349 1067 1414 Tuneeninr
1090 1359 1145 1420 est,
1169 1352 1355 1412 numianus

121 1451 265 1513 obediam
287 1449 442 1529 usquead
465 1457 601 1517 mortem.
626 1448 769 1509 exaltatus
786 1467 854 1510 esse
869 1458 900 1510 ει
921 1451 1108 1530 hoc-nomen
1133 1461 1271 1530 tanquam
1287 1451 1352 1513 sin·
1463 1447 1465 1452 ’

120 1551 399 1634 gruaremgratiam
421 1549 571 1628 accepisse
594 1549 712 1620 dieitur,
734 1561 770 1612 ut
787 1556 819 1611 in
834 1555 953 1614 nomine
970 1551 1038 1614 Ιεειι
1054 1571 1138 1614 omne
1152 1571 1230 1632 penu
1245 1557 1353 1634 fleoto-

122 1663 181 1714 tarr.
229 1653 310 1724 Quia
332 1668 404 1729 erqo
426 1649 481 1711 init
503 1660 599 1721 antea,
627 1650 654 1710 εἰ
675 1659 747 1711 tuno
768 1641 911 1722 exaltatus
933 1663 980 1714 est
1002 1653 1157 1732 coepitque
1179 1655 1296 1716 artorari
1319 1674 1355 1718 ao
1390 1691 1395 1699 ·

119 1752 213 1814 sutus
236 1761 283 1814 est
304 1741 479 1831 appellatus,
503 1769 568 1812 oum
592 1754 686 1812 tantus
708 1751 764 1812 hait
786 1751 900 1813 homo?
945 1753 1065 1814 Vitiatur
1080 1753 1159 1814 onim
1175 1753 1251 1813 nulia
1275 1753 1304 1813 in
1319 1773 1354 1814 ra

120 1872 243 1915 manem
269 1853 423 1914 meliorem
452 1851 645 1922 reddidisse,
672 1852 725 1912 sed
759 1853 857 1930 ipsum
885 1854 986 1933 potins
1015 1873 1069 1933 prr
1103 1871 1166 1914 eam
1200 1852 1353 1912 meliorem

120 1955 221 2017 fuisse
242 1955 386 2025 effectum,
409 1953 435 2014 si
457 1952 596 2013 nimimm
621 1961 700 2025 tuno,
724 1961 757 2014 ut
778 1952 867 2032 impie
889 1963 1003 2032 putant,
1026 1955 1169 2016 exaltatus
1190 1962 1236 2014 ast
1258 1961 1288 2012 ot
1303 1952 1353 2012 Fi-

120 2056 183 2117 lius
206 2053 311 2127 dictus,
333 2073 397 2116 oum
419 2055 515 2115 iactus
537 2065 583 2115 est
605 2055 707 2116 homo.
755 2055 832 2128 Quid
854 2055 945 2133 igitur
967 2064 1030 2116 erat
1048 2053 1158 2117 antra?
1201 2056 1274 2116 Narn
1298 2073 1355 2116 ne-

121 2175 207 2220 eesse
229 2163 278 2218 eet
298 2175 352 2218 aas
373 2157 480 2218 itemm
503 2155 704 2233 interrogare,
734 2165 764 2217 ut
793 2156 881 2226 finem
905 2157 1022 2218 iliorum
1051 2157 1210 2235 impietatis
1235 2157 1354 2218 modam

13 2245 16 2270 ³
119 2258 325 2338 inspiciamus.
370 2257 404 2318 Si
426 2256 506 2318 euim
529 2255 673 2318 Dominus
696 2267 744 2318 est
765 2257 859 2328 Deus,
882 2257 974 2318 Filius
997 2267 1028 2319 ει
1050 2257 1192 2328 Verbum,
1221 2258 1355 2336 nihilque

117 2359 229 2420 bonam
251 2367 316 2418 orat
334 2357 507 2437 priusquam
529 2358 620 2418 homo
643 2357 744 2428 beretz
765 2359 810 2418 vel
832 2357 1042 2444 oerta'aiiquid
1058 2358 1136 2420 aliud
1152 2367 1215 2419 erat
1237 2369 1355 2437 praeter

116 2459 184 2531 tua,
213 2477 343 2538 quorum
369 2465 476 2538 postea
506 2457 545 2518 ob
573 2459 714 2518 virtutem
743 2469 788 2520 est
810 2460 958 2539 particeps
981 2463 1121 2526 effectus,
1151 2461 1192 2521 uti
1215 2460 1354 2530 diximus,

114 2561 160 2624 uel
182 2561 283 2633 ahud,
312 2559 393 2639 quod
416 2559 535 2638 quidam
558 2559 588 2620 in
612 2560 747 2638 ipsorum
769 2562 907 2622 reciderit
929 2561 1041 2642 capita,
1070 2562 1136 2622 iilos
1161 2577 1284 2622 tranasse
1307 2565 1355 2620 est
1412 2625 1419 2632 ‚

114 2663 230 2746 dinero,
252 2679 324 2722 eum
347 2660 459 2720 soiiioet
478 2678 576 2742 neque
599 2669 683 2720 antea
705 2661 848 2729 extitisse.
879 2663 931 2724 sed
956 2671 1049 2723 totum
1074 2666 1177 2724 natura
1201 2660 1353 2721 h'onriuam
1388 2717 1393 2722 .

117 2763 223 2824 solum
245 2777 320 2820 esse
341 2758 467 2836 nihilque
487 2759 624 2839 amplius.
669 2761 773 2824 Verrunt
788 2763 870 2830 ,haec
893 2781 953 2824 raon
975 2773 1023 2824 est
1036 2757 1354 2850 Ecclesiaetdootrina,

117 2862 179 2924 sed
203 2857 428 2922 samosatensis
455 2861 599 2939 huiusque
627 2863 769 2940 temporis
800 2863 987 2924 ludaeorum.
1031 2862 1103 2922 Cum
1133 2860 1221 2937 igitur
1250 2854 1353 2914 eadem

118 2971 218 3040 atque
241 2960 283 3021 iili
306 2959 445 3031 sentiant,
466 2981 518 3022 our
541 2979 600 3022 non
624 2971 657 3022 ut
679 2962 778 3023 ludaei
800 2963 1066 3026 circumciduntur,
1095 2960 1147 3017 seu
1176 2958 1241 3016 frete
1265 2952 1354 3016 Chri·
1398 2945 1400 2952 ’

120 3061 255 3124 stiauam
276 3061 449 3140 profitentur
469 3063 556 3122 huam
580 3071 610 3146 et
632 3072 733 3123 eontra
756 3081 820 3124 earn
844 3058 1020 3123 decertant?
1054 3058 1126 3117 Nam
1151 3057 1176 3116 si
1192 3065 1277 3117 antea
1295 3072 1431 3114 nonunt

124 3173 193 3224 erat
213 3171 264 3224 aot
284 3162 322 3224 ita
343 3173 421 3236 orat,
450 3172 483 3224 ut
503 3173 609 3242 postea
631 3163 737 3224 melior
758 3165 798 3224 sit
819 3163 968 3228 redditus,
1000 3158 1151 3237 quomodo
1180 3175 1234 3236 per
1256 3156 1353 3234 ipsum

122 3266 200 3324 saeta
223 3274 292 3326 sunt
312 3262 438 3326 omnia?
483 3263 533 3326 Vol
556 3264 582 3325 si
604 3267 755 3344 perfectus
778 3281 837 3322 non
861 3251 935 3333 ebat,
957 3259 1109 3341 quomodo
1125 3259 1153 3320 in
1180 3260 1246 3336 ipso
1269 3256 1354 3318 οΙιΙε-

122 3363 257 3426 otabatur
275 3364 390 3428 Pater?
423 3365 455 3426 st
478 3383 569 3444 porro
592 3365 658 3444 ipse
682 3364 930 3427 meliorationum
952 3373 1009 3428 εει.
1031 3361 1182 3440 quomodo
1198 3370 1283 3421 antea
1300 3377 1354 3418 oo-

123 3483 182 3526 ram
204 3467 295 3526 Patre
318 3451 506 3527 iactabatur?
550 3466 722 3538 Praeterea,
755 3465 781 3526 si
810 3475 879 3544 post
908 3476 1034 3526 mortem
1063 3463 1103 3524 tui
1132 3463 1232 3522 datum
1256 3466 1302 3520 ost
1323 3465 1357 3518 ut

124 3566 307 3640 adoraretur,
331 3565 483 3644 quomodo
506 3565 586 3628 iilum
602 3566 784 3634 abrahamus
800 3567 829 3625 in
846 3563 1033 3640 taberuaouio
1056 3571 1086 3622 et
1098 3563 1215 3642 Moyses
1231 3560 1261 3618 in
1278 3555 1355 3618 rubo

124 3665 265 3728 adorasse
288 3674 510 3737 memorantur,
539 3676 570 3727 ει
591 3676 624 3726 ιιι
645 3667 716 3728 vidit
739 3665 855 3734 Daniel,
886 3666 974 3726 miliia
997 3664 1122 3743 piurima
1145 3658 1355 3722 ministrabant

125 3765 172 3827 ei?
206 3767 241 3826 Si
264 3766 335 3827 item
359 3767 522 3829 seeundum
539 3767 606 3828 iilos
629 3768 734 3828 melior
757 3785 836 3828 nuno
858 3769 951 3827 iactus
973 3775 1030 3834 ost,
1053 3761 1202 3840 quomodo
1219 3755 1357 3817 caelestis

127 3866 248 3944 gloriae,
272 3885 330 3946 qua
352 3876 420 3928 anta
442 3868 585 3928 mundum
608 3867 769 3939 fruebatur,
792 3884 907 3926 memor
930 3866 996 3942 ipse
1012 3863 1103 3922 Filius
1126 3857 1255 3920 dicebat:
1281 3855 1354 3918 Glo-

125 3968 215 4047 rr'fiou
236 3985 284 4028 ιιιε
306 3977 354 4040 ιιι,
377 3967 485 4039 Potor,
507 3968 609 4048 plone
631 3987 719 4047 quom
740 3967 823 4046 opud
845 3975 874 4026 te
897 3964 1002 4040 habui,
1022 3965 1203 4062 priusquam
1223 3957 1357 4020 mundus
1444 3997 1450 4005 -

159 4185 176 4232 ι.
200 4185 242 4233 Sie
260 4184 401 4246 Seguntiae.
436 4186 465 4234 Δι
488 4185 530 4234 aiii
555 4193 579 4234 ει
597 4185 653 4234 editi
672 4175 719 4232 ἄν·
769 4183 842 4246 panto
861 4187 918 4244 port
937 4171 1022 4226 αὐτὸν
1038 4171 1069 4226 ἒν
1084 4175 1118 4242 τῇ
1130 4173 1223 4240 σκηνῇ,
1244 4181 1269 4222 ut
1286 4179 1309 4222 et
1322 4172 1359 4218 te-

126 4250 247 4314 ΨΜ·
769 4252 800 4310 git
820 4247 936 4298 Narrnios.
972 4246 999 4296 lu
1023 4247 1078 4295 atha
1103 4253 1124 4292 ει
1150 4245 1220 4292 editis
1244 4241 1312 4288 doen
1329 4229 1359 4284 lv

160 4333 181 4378 ι.
200 4319 242 4367 Sic
261 4317 401 4378 Sequeriao.
426 4317 500 4366 Βιείι.
519 4317 640 4378 unqhioau.
661 4318 718 4380 hep.
768 4314 801 4381 τῇ
820 4313 911 4380 σκηνῇ,

13 4383 14 4386 ’
129 4384 516 4434 &trenorchiensis
552 4385 596 4434 uhi
621 4399 677 4434 nero
695 4393 719 4434 et
803 4385 817 4430 i.
843 4382 982 4443 Sequeriau.
1003 4373 1049 4427 atei
1072 4368 1256 4454 bnrpxooprr'ou
1280 4363 1360 4426 δόξει·

129 4451 199 4500 suino
224 4447 369 4501 commehia.
394 4444 418 4500 si
441 4451 490 4499 νῦν
517 4447 623 4504 τέλειος.
666 4451 716 4500 tior
769 4439 862 4500 «brou
901 4451 964 4496 tuam
984 4459 1037 4496 moa
1055 4458 1089 4509 με
1108 4456 1157 4498 ou,
1176 4435 1272 4503 πάτερ,
1293 4447 1317 4484 ιιι
1336 4443 1360 4512 ει

127 4517 226 4580 Sether-
243 4511 291 4566 1ᾰῖ
309 4509 391 4570 miris
407 4532 447 4582 γε.
770 4516 871 4566 bebatur
895 4517 961 4566 ioau.
983 4515 1022 4572 i'i,
1041 4513 1064 4560 5.
1101 4511 1166 4569 Editi¹
1189 4523 1243 4558 aero
1269 4512 1292 4552 et
1318 4501 1359 4550 ιΙιι

161 4587 187 4632 ιι.
204 4587 305 4647 Sequor.
332 4581 468 4651 npocoinp
497 4579 610 4660 aqutpbo.
651 4585 718 4635 luem
751 4595 804 4654 Ιμε
820 4574 916 4646 πάτερ.

159 4669 290 4715 Διιιιιιειι
300 4681 354 4715 aaa.
363 4683 433 4716 uooa.
446 4685 495 4716 ιιι.
1124 4657 1153 4704 ¹5
