3234 5282
213 435 276 503 428
610 447 638 493 ε.
653 447 1046 495 εταιιιιειιεααειιειεεοει

126 621 204 668 νου.
212 599 420 670 τετελείωται
447 585 505 664 ούν
532 595 566 664 έν
595 588 685 682 αύτῷ
705 596 761 664 καλ
783 587 1058 685 άπεκατεστάθη,
1088 593 1199 684 ὥςπερ
1221 585 1261 683 ἦν
1281 599 1336 666 καί
1357 597 1442 666 κατὰ

211 701 273 789 τὴν
292 697 391 788 άρχὴν
411 693 571 784 ’γεγονός
593 695 633 761 τὸ
655 690 873 783 άνθριύπινον
894 700 996 781 γένος,
1018 699 1074 765 καὶ
1094 699 1223 783 μείζονι
1241 698 1368 784 μᾶλλον
1381 697 1442 782 χά-

212 823 289 890 ριτι.
327 795 528 878 ἀναστάντες
547 795 609 883 γάρ
632 793 667 864 ἐκ
688 798 809 883 νεκρῶν
832 790 942 864 ούκέτι
964 797 1166 886 φοβούμεθα
1186 798 1345 882 θάνατον,
1369 791 1438 868 ἄλλ’

213 903 248 972 ίν
268 902 408 989 Χριστῷ
435 897 675 987 βασιλεύσομεν
697 891 749 964 άελ
772 895 807 964 έν
827 905 901 976 τοῖς
922 891 1086 985 ούρανοτς.
1123 903 1222 968 τοῦτο
1244 901 1280 970 δὲ
1301 906 1440 988 γέγονεν,

214 1001 330 1092 ἐπειδὴ
359 995 460 1080 αύτὸς
487 995 506 1065 ό
526 1001 586 1066 τοῦ
606 999 692 1066 θεοῦ
713 997 812 1083 λόγος
831 997 921 1076 ἴδιος
941 1001 997 1067 καλ
1019 999 1055 1070 ἐκ
1075 1003 1134 1069 τοῦ
1156 1001 1285 1091 πατρὸς
1305 997 1352 1070 ὢν
1374 1001 1443 1071 ἕνε-

171 1175 176 1187 ,
214 1103 338 1174 δύσατο
359 1101 418 1190 τὴν
439 1099 545 1187 σάρκα
565 1095 622 1166 καὶ
641 1103 772 1184 γέγονεν
794 1095 988 1184 ἄνθρωπος.
1027 1102 1057 1170 εί
1077 1106 1139 1192 γάρ
1160 1111 1283 1190 κτίσμα
1304 1099 1351 1173 ὢν
1373 1102 1444 1191 ίγε-

211 1205 303 1296 γόνει
323 1201 517 1291 ἄνθρωπος,
540 1197 672 1284 ι’έμενον
694 1192 790 1266 οῦδὲν
811 1187 911 1286 ἦττον
933 1196 952 1268 5
975 1199 1167 1289 ἄνθρωπος,
1190 1202 1300 1292 ιύςπερ
1322 1208 1379 1276 καί
1392 1193 1443 1293 τ’ν,

214 1303 253 1376 ού
282 1303 468 1393 συναφθεὶς
494 1303 542 1388 τῷ
569 1301 653 1386 θεῷ.
702 1301 777 1377 πῶς
796 1297 859 1387 γὰρ
882 1293 922 1368 άν
945 1309 1074 1388 ποίημα
1096 1297 1143 1371 ὢν
1169 1305 1231 1374 ,διὰ
1251 1307 1446 1395 ποιήματος

94 1487 98 1492 v
123 1429 125 1438 ·
202 1407 398 1503 ,σονὴπτετο
420 1404 483 1490 ’τῷ
510 1405 644 1489 κτίστης
679 1392 701 1486 ἢ
727 1405 813 1468 ποία
838 1400 984 1490 βοήθεια
1010 1403 1104 1490 παρὰ
1129 1407 1197 1471 τῶν
1220 1401 1347 1490 δμοίων
1369 1420 1446 1489 τοῖς

216 1505 347 1594 ὁμοίοις
366 1499 483 1593 γένοιτ’
508 1500 558 1584 άν,
582 1501 747 1586 δεομένων
767 1499 825 1568 καὶ
844 1496 951 1569 αύτῶν
972 1505 1031 1591 τῆς
1044 1497 1145 1584 αύτῦς
1156 1510 1321 1594 βοηθείας
1327 1536 1341 1590 ,·
1362 1511 1444 1589 πῶς

215 1613 260 1692 δέ,
285 1609 380 1695 ε’ίπερ
400 1611 523 1692 κτίσμα
544 1592 603 1692 Ιἦν
625 1597 645 1669 δ
666 1601 773 1688 λόγος,
795 1600 854 1687 τὴν
876 1596 1049 1692 άπόφασιν
1071 1607 1130 1672 τοῦ
1151 1609 1237 1673 θεοῦ
1258 1607 1359 1684 λῦσαι
1381 1609 1442 1676 δυ-

214 1711 319 1791 νατὸς
333 1699 373 1797 ἦν
393 1710 448 1776 καὶ
471 1700 609 1796 άφεῦναι
628 1701 688 1790 τὴν
710 1698 884 1790 ἁμαρτίαν,
905 1711 1145 1793 ’γεγραμμένου
1159 1707 1252 1794 παρὰ
1265 1717 1338 1787 τοῖς
1352 1731 1441 1796 προ·

215 1812 337 1904 φήταις
368 1805 422 1878 ότι
449 1811 548 1877 τοῦτο
574 1807 658 1874 θεοῦ
686 1803 775 1888 έστις
814 1811 867 1885 τίς
893 1804 955 1894 γὰρ
982 1805 1066 1887 θεὸς
1094 1804 1204 1896 δι’ςπερ
1233 1807 1273 1876 σὺ
1302 1807 1442 1896 ἐξαίρων

215 1912 379 2003 ἁμαρτίας
398 1909 455 1979 καὶ
475 1905 684 1994 ὑπερβαίνων
706 1902 895 1992 άνομίας“),·
930 1903 949 1974 5
970 1907 1113 1997 μὲνγὰρ
1134 1907 1218 1990 θεὸς
1240 1902 1330 1977 είπε·
1353 1912 1393 1998 γῆ
1414 1903 1445 1978 εἲ

214 2009 271 2083 καὶ
293 2015 340 2093 ελς
360 2015 419 2100 γῆν
442 2004 655 2096 άπελεύση’),
686 2007 719 2075 οί
741 2008 778 2075 δὲ
799 2003 985 2094 ἄνθρωποι
1002 2009 1158 2097 γεγόνασι
1179 2015 1310 2096 θνητοί.
1352 2013 1445 2090 επῶς

214 2121 327 2182 τοίνυν
349 2107 421 2178 οίόν
442 2134 479 2176 τε
498 2098 654 2196 ἦνπαρὰ
674 2111 741 2177 τῶν
761 2109 904 2195 γενητῶν
925 2109 1073 2195 ,λυθῆναι
1093 2108 1152 2196 τὴν
1167 2106 1350 2199 άμαρτίανς
1372 2105 1441 2179 ἄλλ’
1560 2168 1564 2176 .

170 2247 184 2280 ι
215 2215 311 2282 έλυσέ
331 2235 368 2298 γε
396 2203 495 2289 αύτὸς
522 2203 540 2275 5
568 2207 693 2295 κύριος,
727 2206 773 2289 ὥς
795 2203 888 2278 εἶπεν
910 2202 1025 2288 αύτδς·
1059 2209 1115 2278 έὰν
1135 2209 1181 2297 μὴ
1206 2207 1225 2277 5
1247 2211 1319 2292 υίὸς
1339 2208 1444 2298 ’ύμᾶς

216 2309 426 2400 ἐλευθερώσῃ
435 2312 467 2392 ³),
491 2308 548 2377 καὶ
568 2309 690 2390 ἔδειξεν
712 2304 851 2399 άληθῶς
872 2304 892 2377 5
913 2309 985 2390 υίὸς
1007 2306 1026 2376 ό
1048 2309 1293 2398 ἐλευθερώσας,
1318 2308 1364 2393 ὥς
1386 2308 1445 2386 ούκ

217 2415 289 2485 ἔστι
320 2418 442 2498 κτίσμα
471 2406 547 2478 οῦδὲ
576 2412 643 2477 τῶν
664 2413 825 2497 γενητῶν,
859 2405 945 2480 άλλά
966 2412 1054 2492 ἰ’διος
1074 2410 1171 2497 λόγος
1190 2411 1249 2479 καὶ
1270 2413 1365 2482 είκάν
1387 2418 1445 2502 τῆς

216 2519 276 2585 τοῦ
307 2511 437 2602 πατρὸς
470 2506 601 2592 ούσίας,
634 2513 695 2578 τοῦ
723 2513 778 2578 καί
799 2513 884 2582 κατὰ
905 2513 963 2604 τὴν
985 2509 1084 2602 ἀρχὴν
1107 2507 1368 2601 ἀποφηναμένου
1388 2518 1445 2584 καί

217 2615 376 2710 άφιέντος
402 2613 506 2700 μάνου
534 2611 595 2694 τὰς
623 2607 795 2697 ἁμαρτίας.
834 2612 950 2704 ἐπειδὴ
977 2615 1039 2703 γάρ
1062 2614 1197 2703 ε’ίρηταιΙ
1212 2613 1248 2682 ἐν
1268 2617 1316 2702 τῷ
1339 2613 1443 2704 λάμφ’

191 2800 194 2811 ¹
216 2723 255 2810 γῆ
278 2714 308 2789 ελ
329 2720 384 2786 καὶ
406 2716 454 2796 είς
474 2717 533 2802 γῆν
556 2710 738 2800 άπελεύσῃ,
772 2707 969 2796 ἀκολούθως
991 2711 1039 2785 δι’
1064 2711 1165 2784 αὐτοῦ
1186 2718 1247 2784 τοῦ
1269 2715 1367 2804 λόγου
1389 2715 1446 2786 καί

219 2821 254 2890 έν
275 2815 365 2908 αύτῷ
386 2813 406 2905 ἡ
429 2817 604 2903 ἐλευθερία
624 2816 679 2883 καὶ
700 2807 721 2900 ἦ
743 2811 859 2893 ιλύσις
879 2818 938 2902 τῆς
958 2824 1182 2904 κατακρίσεως
1201 2822 1379 2904 γεγένηται.

303 2927 354 2993 68.
395 2913 484 2987 Ἀλλ’
508 2913 650 3007 ἠδύνατο
657 2966 666 2997 ,
690 2922 791 3004 φασί,
823 2917 878 2984 καὶ
899 2921 1079 3002 κτίσματος
1100 2916 1196 2998 όντος
1216 2921 1275 2984 τοῦ
1298 2921 1447 3007 σωτῦρος

218 3023 321 3110 μόνον
343 3022 451 3092 εἰπεῖν
475 3016 493 3089 5
515 3020 599 3100 θεὸς
619 3021 673 3088 καί
696 3020 796 3087 λῦσαι
816 3016 874 3105 τὴν
896 3018 1050 3104 κατάραν.
1088 3019 1127 3086 τὸ
1143 3015 1224 3088 αύτὸ
1239 3012 1273 3084 δ’
1291 3011 1332 3086 άν
1347 3015 1446 3088 άκού-

134 3147 313 3194 ε.εοι.σαιεν
338 3127 393 3192 καί
421 3119 518 3191 αὐτοὶ
543 3116 623 3208 παρ’
654 3120 767 3209 ἑτέρου
795 3119 962 3205 λέγοντος·
995 3115 1137 3206 ἠδύνατο
1170 3118 1226 3188 καί
1255 3115 1336 3208 μηδ’
1360 3117 1447 3201 ὅλως

221 3222 487 3316 ἐπιδημήσαντος
509 3219 611 3290 αὐτοῦ
632 3221 735 3308 μόνον
758 3221 866 3290 εἰπεῖν
890 3215 908 3286 5
930 3220 1013 3300 θεὸς
1034 3222 1089 3288 καί
1105 3221 1276 3310 λῦσαιτην
1290 3221 1444 3310 κατάραν.
1468 3219 1473 3226 ’

220 3319 305 3391 άλλά
327 3333 465 3390 σκοπεῖν
487 3321 540 3390 Ιδεῖ
560 3321 600 3389 τό
620 3333 694 3400 τοῖς
716 3317 915 3406 ἀνθρώποις
936 3322 1137 3404 λυσιτελοῦν,
1160 3325 1214 3390 καί
1236 3321 1281 3411 μη
1304 3322 1338 3390 έν
1359 3327 1448 3392 πᾶσι

218 3422 258 3491 τὸ
281 3422 420 3489 δυνατὸν
439 3425 499 3489 τοῦ
522 3424 607 3488 θεοῦ
630 3421 834 3506 λογίζεσθαι.
867 3419 958 3487 Ι’ἐπεὶ
978 3414 1120 3505 ἠδύνατο
1142 3421 1198 3489 καὶ
1213 3423 1282 3510 πρὸ
1296 3427 1353 3511 τῆς
1366 3425 1446 3491 Νιῦε

219 3525 362 3610 κιβωτοῦ
389 3521 468 3601 τοῦς
494 3519 570 3586 τότε
591 3519 808 3605 παραβάντας
829 3513 1033 3606 άνθρώπους
1055 3513 1235 3604 άπολέσαι,
1260 3519 1449 3612 άλλάμειὰ

219 3624 278 3694 σύν
311 3619 452 3712 κιβωτὸν
485 3623 676 3704 πεποίηκεν.
721 3613 863 3704 ἠδύνατο
890 3621 945 3685 καί
971 3619 1073 3707 χωρίς
1093 3627 1249 3704 Μωσέως
1270 3626 1327 3695 καὶ
1346 3627 1447 3713 μόνον

220 3727 328 3798 εἰπεῖν
357 3721 414 3792 καὶ
443 3722 611 3808 ἐξαγαγεῖν
640 3718 698 3787 τὸν
720 3717 801 3786 λαὸν
823 3718 861 3800 ἐξ
880 3720 1059 3808 Αἰγύπτου
1065 3773 1075 3804 ,
1103 3718 1188 3792 άλλά
1210 3733 1369 3818 συνέφερε
1392 3725 1449 3796 διά

219 3833 384 3907 Μωσέως.
420 3819 562 3914 ἠδύνατο
584 3823 639 3890 καί
658 3824 761 3911 χωρὶς
781 3824 848 3890 τῶν
869 3827 989 3911 κριτῶν
1012 3822 1130 3907 σώζειν
1150 3823 1208 3895 τὸν
1224 3829 1304 3896 λαὸν
1320 3825 1339 3896 5
1353 3829 1445 3910 θεάς,

221 3925 306 3998 άλλά
327 3933 486 4017 συνέφερε
506 3935 580 4006 τοῖς
600 3926 720 4005 Ιιλαοῖς
738 3924 826 4016 κατὰ
846 3925 962 4015 καιρόν
985 3927 1175 4016 έγείρεσθαι
1194 3929 1308 4018 κριτὴν
1322 3926 1447 4010 αύτοῖς.

220 4027 363 4128 ἠδύνατο
383 4027 441 4098 καί
463 4028 498 4110 έξ
519 4025 618 4116 ἀρχῆς
642 4023 661 4095 5
683 4027 792 4117 σωτὴρ
816 4028 1030 4118 ἐπιδημῆσαι,
1053 4027 1074 4121 ἢ
1097 4031 1206 4101 έλθών
1227 4031 1273 4121 μὴ
1296 4033 1450 4121 παραδο-

289 4203 314 4265 1)
331 4203 402 4254 nich.
420 4201 444 4262 7,
464 4199 504 4252 1⁸.
573 4200 599 4262 2)
618 4201 705 4252 ὓεοοε.
723 4201 748 4262 θ,
769 4201 807 4251 19.
878 4203 904 4264 θ)
921 4204 1004 4256 locun.
1024 4203 1048 4264 8,
1068 4204 1109 4255 ³6.

253 4337 275 4372 ε.
293 4324 393 4385 διςσεε.
417 4320 474 4382 fleg.
498 4318 571 4368 Βιιλλ.
588 4317 680 4379 Angue.
703 4317 809 4371 Felekm.
894 4335 915 4369 ι.
929 4319 1033 4381 ¹Suanor.
1051 4318 1149 4369 Goblor.
1167 4317 1273 4370 solcum.
1285 4322 1306 4370 λ.
1325 4329 1350 4372 ει
1366 4321 1391 4372 ί
1409 4319 1450 4385 tq}

219 4389 244 4442 2.
262 4389 287 4439 4.
305 4397 329 4438 ει
346 4390 369 4440 ῦ.
387 4378 509 4453 γεγονός.
544 4384 642 4437 Gobler.
662 4394 685 4436 ει
703 4385 807 4438 Ρείαλω.
859 4380 962 4450 κνίσση.
997 4385 1087 4447 anglic„
1112 4381 1152 4448 τῷ
1173 4378 1303 4450 κτίσματι
1321 4389 1447 4438 mendoso.

222 4459 245 4510 1.
262 4451 391 4522 γεγονός.
428 4455 490 4504 Εσλί
506 4448 609 4518 γέγονε.
859 4453 905 4503 Alii
927 4461 952 4500 ει
974 4452 1031 4501 editi
1055 4449 1095 4516 τρλ
1117 4441 1248 4498 κτίσαντι.
1292 4453 1367 4501 Paulo
1391 4461 1450 4516 post

860 4519 1000 4597 θιςοεείιο.
1025 4518 1122 4570 Gobler.
1146 4517 1237 4578 anglic.
1256 4527 1280 4568 ει
1297 4518 1404 4570 Felckm.
1425 4521 1449 4572 1.

860 4580 977 4652 δεομενα
999 4579 1045 4634 καὶ
1064 4575 1134 4634 αύεὰ
1151 4582 1199 4644 τῆς
1216 4575 1307 4646 αύτῆς.
1343 4587 1406 4638 editi
1425 4595 1451 4640 ολ

860 4653 902 4706 alii
920 4647 1058 4722 δεομένων
1074 4647 1120 4706 καλ
1137 4644 1228 4705 αύτιῦν
1246 4653 1293 4718 τῆς
1310 4646 1400 4718 αύιῦε.

253 4557 279 4606 λι.
297 4559 397 4621 δοςαεε.
414 4549 508 4623 ἔμενεν
524 4545 560 4603 άν
577 4545 657 4604 οῦδὲν
668 4537 808 4615 εἶπενᾶν-

219 4623 334 4694 θρωπος
351 4633 376 4680 ει
393 4639 448 4678 mox
465 4617 619 4692 συναφθεὶς
635 4620 701 4690 θεῷ.
