3226 5308
272 360 336 424 022
586 435 590 442 ι
657 371 1105 421 .s.mffls¹1sscnlm³¹sc⁰1³1

240 461 256 488 0

188 517 327 590 2666
353 523 408 586 καὶ
430 514 586 598 ιὺςαύτως
614 521 668 586 καί
696 519 780 586 κατὰ
808 517 851 586 τὰ
871 514 958 586 αὑτὰ
979 519 1077 602 έχων·
1108 515 1184 586 ἐπεὶ
1206 511 1323 603 ἀτελής
1344 515 1406 584 καί
1438 545 1543 604 τρε-

271 618 357 698 πτὸς
379 618 571 705 φανήσεται.
611 620 641 686 εί
661 618 722 706 γὰρ
746 617 829 705 ὅπερ
852 610 901 706 ἦν,
924 614 1011 685 τοῦτ’
1036 619 1131 685 ἔσται
1152 616 1237 702 μετὰ
1257 620 1364 684 ταῦτα
1380 613 1438 698 ίὺς
1461 623 1539 686 νῦν

273 715 331 788 οὑκ
353 717 409 798 ιύν,
433 721 551 805 “δῆλον
574 716 630 786 ὅτι
649 715 708 787 οὑκ
730 720 801 787 ἔστι
823 723 879 787 νῦν
902 715 987 805 ὅπερ
1009 708 1048 804 ήν
1070 720 1125 785 καλ
1147 718 1252 787 ἔσται.
1290 720 1377 804 λέγω
1402 721 1464 799 δέ,
1498 721 1539 787 εί

273 819 307 888 έν
328 823 401 906 θεῷ
423 810 462 908 ῆν
485 820 648 906 πρότερον
669 823 724 886 καὶ
746 819 830 904 μετὰ
850 811 955 886 ταῦτα
976 819 1080 886 πάλιν
1103 819 1215 898 ἔσται,
1240 819 1339 905 δῆλον
1363 815 1422 886 ὅτι
1456 815 1534 887 οάκ

274 921 345 990 ἐ’στι
373 925 429 990 νύν
459 921 492 989 έν
520 925 567 1007 τῷ
589 923 661 1006 θεῷ
686 916 704 986 6
726 919 833 1006 λόγος.
871 915 941 986 ἀλλ’
966 918 1087 1004 ἐλέγχει
1108 918 1247 998 τούτους
1269 915 1287 984 6
1310 919 1430 1007 κύριος
1461 923 1531 988 λέ-

272 1043 354 1107 γων·
378 1021 441 1106 ἐγὼ
464 1022 498 1090 έν
519 1025 566 1106 τῷ
588 1024 700 1105 πατρὶ.
713 1020 770 1088 καὶ
793 1017 811 1086 6
833 1020 943 1107 πατήρ
966 1019 1000 1088 έν
1023 1019 1098 1104 ἐμοί
1106 1025 1135 1100 ¹),
1160 1016 1247 1086 οὑτω
1268 1018 1332 1106 γάρ
1354 1020 1433 1088 ἔστι
1455 1025 1527 1088 νῦν

273 1117 384 1207 δι’ςπερ
405 1112 445 1207 ἦν
467 1117 528 1189 ἀεί.
566 1121 596 1188 εἰ
618 1121 654 1188 δέ
676 1118 782 1201 οὑτως
803 1125 860 1190 νῦν
883 1121 973 1188 ἔστιν
996 1116 1105 1207 ιὺςπερ
1127 1111 1167 1208 ήν
1188 1117 1250 1202 ἀεί,
1274 1121 1374 1207 δῆλον
1382 1117 1456 1188 ,ὅτι
1476 1120 1524 1188 οὑ

273 1225 357 1290 ποτὲ
378 1224 438 1305 μέν
461 1223 620 1306 ἐγεννᾶτο,
642 1223 728 1289 ποτέ
749 1223 787 1290 δέ
809 1220 858 1343 σή,
882 1217 959 1290 οὑδὲ
981 1223 1066 1288 ποτέ
1083 1223 1160 1348 μέν
1169 1222 1203 1290 έν
1223 1223 1296 1307 θεῷ
1315 1216 1440 1306 ἡσυχία
1460 1212 1518 1307 ῆν,

273 1325 358 1390 ποτέ
387 1324 423 1389 δέ
456 1321 581 1402 ἐλάλει,
611 1316 724 1389 ἀλλ”
705 1345 795 1390 εστιν
823 1318 877 1392 ἀεὶ
898 1323 1008 1408 πατὴρ
1035 1321 1092 1390 καὶ
1112 1321 1184 1401 υίὸς
1206 1317 1224 1388 6
1246 1320 1366 1388 τούτου
1390 1321 1512 1410 λόγος,

274 1418 333 1490 οὑκ
362 1417 500 1545 ὀνόματι
521 1423 624 1544 μήνον
646 1423 743 1544 λόγος
765 1421 842 1492 0666
863 1449 924 1490 κατ
921 1418 1109 1491 ’ἐπίνοιαν
1130 1422 1203 1502 υίὸς
1224 1417 1265 1489 ¹’6
1287 1421 1405 1544 λόγος,
1431 1419 1511 1490 ἀλλ’

273 1518 430 1610 ὑπάρχων
453 1521 632 1646 ὑμοούσιος
653 1528 700 1611 τῷ
723 1531 838 1610 πατρί,
862 1519 900 1591 ού
923 1519 1008 1590 δι“
989 1527 1075 1611 ημᾶς
1096 1519 1330 1611 γεννηθείς,“
1312 1534 1413 1610 ημεῒς
1440 1525 1511 1610 γὰρ

275 1618 315 1691 δι’
341 1623 465 1692 ἐκεῖνον
486 1626 673 1748 γεγόναμεν.
712 1625 787 1692 ἐπει
778 1623 839 1692 εἰ
860 1619 945 1691 δι”
925 1628 1013 1744 ημᾶς
1034 1624 1202 1745 ἐγεννήθη,
1225 1628 1279 1692 καλ
1301 1623 1336 1692 έν
1358 1629 1409 1711 τῷ
1434 1635 1511 1712 γε·

274 1729 456 1815 γεννῆσθαι
478 1722 578 1794 αὑτὸν
601 1727 808 1813 ἐκτίσθημεν,
831 1725 887 1792 καί
907 1729 947 1812 τῆ
968 1726 1117 1812 γεννήσει
1138 1721 1239 1793 αὑτοῦ
1261 1722 1507 1814 συνέστηκενί
1486 1754 1504 1814 η

273 1836 395 1909 κτίσις,
420 1825 590 1915 ἀνατρέχει
611 1827 686 1893 δὲ“
671 1852 726 1894 ινα
746 1829 766 1913 ή
790 1821 874 1912 ὅπερ
896 1827 1059 1915 πρότερον
1080 1829 1134 1911 ήν,
1166 1828 1299 1912 πρῶτον
1321 1828 1384 1910 μὲν
1406 1827 1505 1894 ἔσται

274 1928 378 1997 πόλιν
405 1928 450 2016 μή
478 1927 678 2012 γεννώμενος
700 1923 719 1992 6
740 1933 920 2022 γεννηθείς.
958 1928 988 1995 εί
1008 1927 1070 2046 γὰρ
1092 1953 1112 2013 η
1101 1923 1281 2047 “πρήοδος
1302 1921 1408 1994 αὑτοῦ
1431 1935 1504 2013 γέν-

274 2036 367 2146 νησίς
396 2023 550 2107 ἐστιν,
531 2054 551 2114 η
575 2023 743 2114 ἀναδρομή
765 2025 869 2094 πόλιν
891 2019 1065 2094 πάῦλα”
1026 2053 1084 2148 της
1104 2026 1298 2113 γεννήσεως,
1321 2031 1502 2113 γενομένου

272 2126 334 2209 γὰρ
363 2121 465 2191 αύτοῦ
494 2126 528 2194 έν
555 2129 602 2210 τῷ
629 2131 703 2214 θεῷ
726 2127 893 2214 σιωπήσει
913 2123 1057 2194 πάλιν(
1040 2152 1058 2193 ο
1079 2129 1171 2207 θεός.
1209 2128 1239 2196 εἰ
1261 2129 1298 2196 δέ
1320 2129 1499 2246 σιωπήσει,

274 2226 369 2292 ἔσται
391 2221 475 2310 ὅπερ
497 2216 536 2312 ήν
558 2231 756 2350 σιωπῶντρς
777 2223 890 2308 αὑτοῦ,
913 2223 1031 2315 ἡσυχία
1052 2232 1105 2295 καλ
1130 2224 1168 2296 ού
1191 2235 1306 2308 κτίσις,
1330 2229 1499 2298 παύσεται

274 2326 339 2414 ἀρα
361 2321 381 2414 ή
402 2334 517 2406 κτίσις
556 2322 666 2414 ιὺςπερ
694 2328 756 2415 γὰρ
784 2328 1014 2415 προελθόντος
1034 2333 1094 2396 τού
1116 2328 1215 2415 λόγου
1237 2327 1407 2416 γέγονενὺ
1386 2337 1496 2416 ηκτί-

273 2451 327 2506 σις
347 2430 402 2496 καί
424 2423 633 2517 ὑπῆρξεν,ἴ
601 2427 706 2507 ούτως
727 2430 1035 2515 παλινδρομοῦντος
1056 2433 1114 2495 τού
1137 2428 1235 2514 λόγου
1258 2427 1318 2513 οὑχ
1337 2426 1492 2514 ὖὺπάρξει

272 2523 292 2613 6
313 2535 430 2608 κτίσις.
466 2536 518 2608 τίς
539 2531 597 2598 οὖν
618 2534 711 2650 χρεία
732 2533 793 2594 τοῦ
815 2535 983 2616 γενέσθαι,
1009 2529 1038 2598 εἰ
1052 2529 1236 2614 παύσεταις
1268 2524 1339 2618 ῆτί
1351 2554 1405 2596 και
1392 2527 1495 2596 666-

273 2625 363 2698 666‘
346 2653 364 2696 ο
386 2629 518 2710 θεός(
503 2656 558 2697 ινα
578 2629 662 2716 μετὰ
683 2631 788 2696 ταῦτα
811 2628 1051 2716 σιωπήσηςτί
1073 2629 1382 2718 δᾚπροεβάλλετο
1365 2655 1402 2698 ον
1418 2625 1497 2698 ἀνα-

271 2732 438 2814 καλεῖται,·
471 2738 506 2800 τί
528 2733 564 2801 δέ
586 2730 641 2798 καί
663 2729 775 2818 ε’γέννα
797 2719 836 2798 οὑ
858 2729 917 2814 τήν
938 2736 1087 2818 γέννησιν
1102 2731 1244 2800 παύσειν
1259 2731 1381 2822 ἤθελες
1413 2739 1448 2798 τί
1462 2733 1496 2798 δὲ

187 2833 377 2900 ε.ειι.πάλιν
400 2833 495 2900 ἔσται
516 2830 648 2921 ἀδηλον.
693 2825 714 2918 ή
735 2829 796 2917 γὰρ
820 2829 987 2917 σιωπήσει
1008 2828 1076 2913 ἀεί,
1104 2828 1125 2920 6
1146 2833 1250 2914 πάλιν
1271 2832 1421 2922 γεννήσει
1440 2837 1512 2899 καλ·

273 2932 386 3020 ἑτέραν
414 2941 521 3002 κτίσιν
549 2933 736 3021 ίπινοήσει·
771 2927 809 3000 οὑ
838 2929 899 3018 γὰρ
921 2929 980 3020 τήν
1003 2929 1103 3021 αὐτὴν
1125 2933 1277 3020 ποιήσει,
1312 2927 1349 3021 ⁶6
1371 2933 1434 3022 γὰρ
1456 2928 1495 2999 ἀν

271 3035 432 3119 διέμεινεν
453 3031 473 3122 ή
495 3041 661 3122 γενομένη,
686 3029 755 3102 ἀλλ’
780 3035 907 3121 ἑτέραν·
931 3027 1128 3112 ἀκολούθως
1148 3035 1184 3101 δέ
1205 3038 1259 3102 καλ
1274 3033 1396 3121 ταύτην
1410 3033 1495 3102 παύ-

272 3157 324 3201 σει
345 3135 401 3202 καὶ
423 3136 536 3222 ἑτέραν
559 3135 741 3224 ίπινοήσει,
764 3135 939 3204 καὶτοῦτο
964 3134 1010 3213 είς
1032 3131 1181 3220 ἀπειρόν.

276 3395 278 3400 ,
359 3339 406 3400 13.
451 3335 578 3400 ’Τούτο
601 3337 637 3402 δὲ
660 3338 744 3416 ἴσως
764 3331 835 3403 ἀπὸ
857 3340 923 3404 τῶν
944 3339 1100 3406 Στωϊκῶν
1115 3331 1262 3422 ὑπέλαβε
1284 3336 1490 3422 διαβεβαιου-

269 3435 377 3514 μένων
408 3435 653 3498 συστέλλεσθαι
683 3438 738 3500 καλ
771 3433 875 3512 πάλιν
905 3434 1112 3502 έκτείνεσθαι
1141 3437 1199 3504 τὸν
1226 3435 1310 3504 θεὸν
1331 3437 1416 3521 μετὰ
1435 3441 1489 3524 τῆς

270 3535 407 3608 κτίσεως
427 3533 481 3594 καὶ
504 3525 651 3615 ἀπείρως
672 3531 856 3600 παύεσθαι.
893 3531 932 3598 τὸ
953 3533 1014 3620 γὰρ
1033 3536 1281 3621 πλατυνόμενον
1297 3533 1367 3604 ἀπὸ
1382 3541 1496 3610 στενὸ-.

270 3655 368 3719 τητος
395 3627 612 3710 πλατύνεται,
642 3629 758 3697 καὶτὸ
780 3630 1003 3716 ἐκτεινόμενον
1026 3639 1285 3722 συνεσταλμένον
1302 3638 1484 3718 ἐκτείνεται,

270 3735 324 3802 καλ
343 3727 428 3806 ,αὑτὸ
449 3735 509 3816 μέν
532 3729 618 3811 έστι,
642 3732 746 3816 πλέον
769 3733 816 3800 δὲ’
829 3727 924 3800 οὐδὲν
945 3728 966 3822 6
988 3737 1104 3816 πάθος
1126 3733 1295 3822 ὑπομένει.
1335 3739 1364 3807 εἰ
1384 3747 1485 3807 τοίνυν

340 3901 364 3964 1)
384 3907 448 3955 loun.
471 3905 510 3966 11,
532 3905 570 3956 10,

303 4023 481 4074 ε..ῦουΙειίιυ
502 4025 639 4076 etfelckm.
653 4025 675 4076 1,
694 4025 733 4076 hic
750 4035 774 4076 ει
792 4026 854 4075 infra
907 4023 966 4074 Ιιεω
986 4025 1074 4076 ibidem
1088 4027 1185 4078 Gobler
1204 4027 1378 4080 ειῈεΙεΙιωΗΙ
1396 4022 1481 4076 τούτου

269 4037 402 4149 δηλόνδτι.
906 4088 1044 4156 γενέσθαι.

302 4169 855 4242 1).Βεςειδεςυειτδδυιιίδλύγοε,ςσοδ
943 4176 963 4208 ¹¹·
982 4162 1023 4211 3¹⁰
1041 4161 1096 4222 ⁸²3·
1115 4161 1305 4239 3⁰8¹¹⁰¹1¹¹¹9¹¹=
1333 4168 1356 4212 ¹¹¹
1373 4161 1481 4224 ¹³⁸¹¹⁰¹¹¹·

268 4255 292 4290 m
310 4241 364 4290 21¹„
383 4250 406 4290 ,η
424 4243 494 4292 edm
512 4243 588 4293 ηχος,
905 4223 936 4276 λι
954 4229 1027 4277 ceteri
1052 4235 1075 4276 ει
1098 4229 1154 4277 editi
1172 4223 1218 4276 καὶ
1233 4222 1288 4294 γάρ
1308 4237 1352 4280 etc„
1395 4227 1441 4278 Ηοτ
1456 4229 1482 4278 ιδ

910 4297 1042 4354 marginem
1067 4295 1123 4356 Res.
1142 4295 1241 4358 Seguer.
1259 4297 1332 4354 Basil.
1352 4297 1441 4348 Gobler
1462 4303 1483 4346 et

909 4359 1014 4408 Felckm.
1026 4359 1048 4438 1.
1063 4361 1122 4410 haec
1137 4361 1262 4424 leguntur:
1280 4356 1482 4476 tamqnam-

303 4425 326 4474 δ.
346 4425 442 4476 Gobler.
462 4427 601 4478 ειῈεΙεΙιιυ.
621 4429 714 4507 primus
731 4418 854 4504 ὑπῆρξεν.
909 4439 966 4473 των
988 4421 1034 4474 καὶ
1057 4429 1208 4496 περιτομῆς
1225 4431 1307 4494 (ΒιεὶΙ.
1326 4429 1417 4496 τομῆς)
1437 4416 1482 4478 ωδε

269 4491 331 4542 lbid.
349 4492 405 4554 Βες.
420 4493 492 4544 ΒιτλΙ.
503 4495 592 4558 Angue.
611 4481 701 4546 τίε’
671 4507 720 4544 ουν
737 4485 752 4551 6
767 4497 855 4558 χρεία.
909 4485 1070 4544 {nemost
1060 4493 1087 4546 ld
1112 4505 1149 4546 εει
1168 4497 1286 4550 mamus
1305 4501 1333 4548 de
1351 4500 1449 4550 sabbam
1463 4503 1482 4546 ει

269 4559 314 4608 Alii
344 4568 368 4610 ει
391 4561 463 4612 editio
489 4562 607 4613 Commel.
631 4555 672 4613 τίς
696 4545 744 4608 οὑν
763 4563 854 4628 χρεία.
911 4561 1260 4616 δι’τιιιοιιίείουείιίιετειοίιω.
1296 4565 1331 4615 De
1350 4579 1379 4616 εο
1397 4577 1482 4626 agemus

303 4349 323 4382 ο.
349 4333 389 4382 Sic
406 4347 464 4382 mss.
483 4341 506 4383 εῑ
524 4335 595 4384 editio
614 4336 733 4385 Comme!
