3054 5236
473 301 590 344 coum
604 301 821 346 murmuratori
837 302 925 348 umen
939 304 960 345 ι.
1257 287 1339 358 88Ἰ“

20 475 108 516 vos
146 453 281 518 teinere
303 452 433 526 tentatis,
455 450 597 515 hominos
617 469 690 512 sane
712 451 879 531 arrogantia
899 451 1079 532 plenissimi.
1123 455 1225 538 Neque
1240 460 1404 524 enimnua.

26 557 240 636 Propheta
263 573 359 634 neque
373 551 535 632 Apostolus
558 570 657 631 neque
677 551 932 632 Evangelistarum
955 553 1100 634 quispiam
1122 555 1170 618 illa
1186 560 1319 638 protulit,

27 675 146 735 quae
185 675 249 718 vos
278 654 443 734 impudenti
470 653 559 736 plane
585 653 685 716 animo
713 653 795 732 loqui
824 652 948 716 audetis.
993 654 1025 716 Si
1057 656 1136 718 enim
1168 657 1243 720 alter
1274 671 1321 726 cst

34 758 226 834 Christus
257 776 275 820 a
303 755 424 820 caelesti
452 763 553 818 mente
575 754 607 816 in
630 773 666 816 eo
689 753 757 828 sita,
779 755 973 834 perfectaque
996 765 1044 818 cst
1064 775 1151 820 meus
1171 760 1236 836 illa,
1259 763 1319 828 duo

33 877 141 938 ergo
182 858 355 922 secundum
383 875 442 918 ros¹
461 863 565 927 erunt,
594 863 625 916 et
646 855 690 918 sic
711 855 743 916 in
765 873 830 916 cam
851 855 984 918 reciditis
1008 859 1202 936 senentiam
1232 881 1320 942 quam

38 959 229 1022 videmini
263 957 426 1022 maledictis
458 956 616 1020 insectare.
674 953 840 1020 Caelestem
878 975 949 1020 vero
990 969 1120 1022 mentem
1153 961 1319 1043 Prophetae

39 1079 206 1140 (quoque
229 1059 373 1134 habuere,
397 1057 448 1138 qui
471 1057 611 1120 caelestia
633 1064 663 1121 ct
684 1058 783 1120 lutura
805 1056 890 1139 quasi
910 1060 1080 1137 praesentia
1101 1061 1231 1124 luissent
1252 1064 1317 1128 clo·

45 1161 267 1241 quebantur.
318 1159 396 1234 Quid
425 1159 515 1240 igitur
543 1159 618 1221 haec
648 1159 769 1222 omnino
798 1159 899 1222 dicere
927 1159 959 1222 in
986 1161 1117 1224 animum
1149 1163 1318 1244 induxistis,

49 1261 169 1340 quasi
207 1279 282 1344 vcro
314 1261 346 1322 in
374 1261 512 1324 confesso
539 1277 602 1324 nou
631 1268 713 1322 esset
741 1260 917 1324 interiorem
947 1271 1084 1326 nostrum
1111 1263 1319 1332 homiuemiu

55 1362 206 1426 Christo
238 1360 329 1426 esse?
373 1361 432 1426 Cur
459 1363 518 1424 hoc
547 1362 583 1424 dc
612 1360 710 1424 anima
739 1379 857 1442 quoque
879 1363 1051 1443 loquimini,
1080 1383 1188 1446 nempe
1210 1385 1320 1450 corpus

56 1474 96 1526 et
132 1464 275 1526 animam
303 1467 371 1526 es'se
400 1464 580 1526 exteriorem
607 1463 777 1537 homiuem,
806 1473 840 1526 ut
866 1465 903 1528 dc
926 1465 1069 1545 sanguine
1092 1475 1121 1528 et
1143 1485 1232 1530 carne
1253 1467 1319 1548 quis

59 1563 219 1644 dixerit?
266 1565 326 1628 Scd
348 1565 425 1626 sicut
446 1584 557 1646 corpus
579 1573 608 1626 et
631 1565 754 1646 sanquis
777 1574 944 1628 contactum
967 1575 996 1628 et
1019 1566 1140 1630 vulnera
1161 1586 1223 1632 uon
1241 1570 1318 1632 eliu-

62 1668 177 1750 giunt,
203 1685 273 1728 cum
296 1667 356 1728 siut
376 1666 520 1744 visibilia;
543 1666 691 1730 ostendite
713 1665 801 1728 nobis
823 1668 950 1729 animam
966 1687 1084 1750 quoque
1100 1668 1148 1732 illa
1162 1687 1224 1734 nou
1240 1669 1319 1736 ellu-

19 1775 21 1804 ῑ
64 1755 153 1848 'gere
190 1753 224 1830 et
252 1768 395 1832 visibilem
423 1787 502 1832 csse.
546 1769 602 1832 tm
631 1769 657 1832 si
686 1768 844 1832 ostendere
866 1787 927 1830 non
950 1771 1095 1850 potestis,
1128 1772 1318 1836 manifestum

19 1883 20 1894 ¹
71 1877 131 1932 est
154 1877 259 1950 neque
281 1870 373 1932 videri
395 1869 524 1932 animam
545 1889 643 1951 neque
665 1869 702 1934 ab
724 1870 847 1932 homine
868 1871 947 1932 siout
968 1881 1076 1952 corpus
1100 1872 1194 1934 occidi
1214 1891 1319 1955 posse,
1415 1913 1419 1922 ·

19 1983 22 2002 ¹
71 1979 113 2034 ut
144 1970 223 2044 dixit
249 1971 406 2036 Dominus.
451 1972 569 2036 Credite
597 1972 687 2052 igitur
716 1971 890 2034 interiorem
918 1980 1053 2036 nostrum
1074 1971 1227 2034 homiuem
1250 1991 1319 2036 esse

19 2085 21 2110 ¹
74 2071 229 2147 animam,
253 2073 333 2152 quod
356 2092 428 2136 sane
451 2083 482 2135 et
500 2073 597 2154 prima
618 2073 758 2136 formatio
782 2072 958 2155 comprobat
980 2081 1012 2136 ct
1032 2092 1165 2154 sequens
1187 2072 1318 2136 dissolu·

19 2187 24 2224 t
79 2174 126 2236 tio
150 2175 307 2254 propalam
330 2175 416 2248 lacit,
439 2184 528 2254 atquc
549 2192 611 2236 nou
634 2173 732 2236 solum
755 2173 913 2250 innubis,
942 2173 995 2236 sed
1018 2183 1048 2237 et
1068 2176 1100 2236 iu
1121 2175 1188 2256 ipsa
1209 2173 1320 2238 Christi

19 2291 23 2322 ι
77 2284 184 2338 morte
213 2277 344 2356 idipsum
373 2285 641 2370 cpmmonstratur‚
670 2277 787 2356 quaudo
819 2293 928 2356 corpus
949 2276 1069 2356 quidem
1091 2295 1185 2356 usquc
1207 2275 1244 2340 ad
1265 2293 1317 2338 se-

19 2397 24 2432 ι
81 2377 225 2456 pulcrum
248 2387 361 2441 tantum
383 2378 528 2458 pervenit,
551 2377 649 2440 anima
672 2395 742 2438 vero
766 2376 801 2439 ad
823 2377 973 2440 internum
994 2395 1091 2456 usque
1115 2376 1318 2454 transmearit,

19 2503 21 2536 ι
84 2479 224 2558 locisque
250 2481 345 2542 multo
374 2479 470 2559 spatio
500 2478 678 2542 distantibus
707 2479 876 2559 sepulcrum
905 2478 1024 2559 quidem
1054 2477 1240 2558 corporalem
1262 2477 1316 2540 ad-

19 2579 20 2588 ’
87 2589 212 2640 ventum
249 2580 383 2660 excepit.
420 2599 455 2642 uc
490 2580 532 2642 ibi
564 2599 673 2661 corpus
702 2580 811 2655 adluit,
843 2581 978 2642 internus
1008 2597 1080 2642 vero
1108 2579 1318 2660 incorporeum

19 2727 20 2734 ,
89 2679 220 2742 admisit.

178 2785 226 2846 tt.
272 2781 337 2856 Qua
365 2781 481 2844 ratione
503 2781 614 2860 igitur,
643 2801 710 2846 cum
730 2783 877 2844 Dominus
900 2780 960 2844 illic
981 2780 1208 2860 incorporaliter
1229 2781 1316 2845 ades-

19 2905 23 2944 ι
94 2889 156 2953 set,
189 2881 278 2944 homo
311 2892 409 2944 tamen
439 2901 455 2944 a
484 2892 581 2944 morte
603 2884 790 2947 existimatus
814 2891 877 2956 est,
909 2889 943 2944 ut
963 2880 1118 2944 animabus
1140 2881 1171 2944 iu
1194 2882 1317 2946 uinculis

19 3013 20 3046 1
98 2981 220 3043 detentis
247 2984 387 3061 propriae
417 2983 532 3045 animae
554 2986 679 3045 formam
703 2983 874 3063 incapacem
895 2982 1081 3046 vinculorum
1104 2985 1209 3048 mortis
1231 2984 1317 3064 quasi

19 3111 23 3146 ι
99 3101 229 3163 capacem
253 3083 406 3160 exhibens,
428 3085 639 3164 praesentibus
659 3093 868 3163 praesentem,
892 3084 1006 3148 uincula
1028 3083 1192 3146 animarum
1214 3084 1245 3146 in
1267 3085 1315 3146 in·

98 3187 179 3246 t'eruo
201 3185 385 3248 detentarum
408 3187 620 3264 disrumperet,
641 3185 930 3264 resurrectionisque
955 3187 1113 3248 terminum
1136 3184 1316 3264 designaret,

19 3331 20 3346 r
97 3293 132 3348 ut
150 3285 283 3348 conditor
305 3295 336 3348 et
356 3289 450 3350 lactor
472 3287 612 3361 hominis,
635 3296 664 3350 et
685 3287 736 3367 qui
759 3286 909 3350 hominem
933 3285 1116 3348 damnationi
1139 3285 1316 3364 subiecerat,

96 3387 160 3465 ipse
183 3405 322 3466 praesens
349 3408 405 3468 per
435 3387 566 3468 scipsum
588 3388 742 3450 homiuem
762 3387 851 3467 plane
874 3387 905 3450 iu
929 3405 984 3450 sua
1005 3386 1102 3467 ipsius
1124 3388 1218 3450 torma
1238 3385 1316 3448 libe·

97 3485 193 3558 rarcti
233 3487 423 3569 Nequaquam
446 3490 525 3552 enim
549 3499 627 3550 tanta
649 3489 757 3552 mortis
780 3489 825 3550 ris
848 3488 911 3561 tuit,
935 3496 969 3552 ut
990 3487 1154 3550 subiicerct
1176 3487 1234 3550 sibi
1255 3487 1314 3552 lru·

101 3607 207 3652 marram
229 3589 315 3652 Verbi
345 3593 473 3654 annnam
502 3609 537 3654 ac
566 3609 631 3652 cam
658 3591 690 3654 in
719 3589 845 3652 vinculis
867 3589 1032 3664 detineret,
1066 3607 1164 3668 neque
1196 3605 1316 3652 rursum

102 3689 240 3770 corruptio
264 3693 444 3767 tyrannicam
467 3693 497 3754 in
520 3709 629 3770 corpus
653 3693 718 3756 eius
739 3692 799 3754 vim
821 3691 880 3752 sibi
903 3691 1069 3769 arrogavit,
1092 3699 1125 3752 ut
1145 3688 1313 3768 putreface-

105 3799 148 3851 ιιι
166 3789 267 3868 ipsum,
290 3791 375 3866 quasi
398 3809 447 3854 res
469 3791 546 3854 noua
568 3790 755 3868 providentia
776 3797 962 3870 gererentur.
1007 3789 1051 3852 ltu
1074 3789 1153 3852 enim
1175 3807 1211 3852 ea
1230 3789 1268 3852 de
1281 3807 1315 3852 re

109 4044 193 4104 Sequor.
210 4041 277 4091 dubl.
296 4049 319 4090 et
332 4041 436 4092 l'elclm.
450 4041 469 4090 l.
490 4033 504 4087 d
521 4031 576 4088 ἔσω
595 4035 675 4106 ἡμῶν
725 4047 782 4105 post
798 4035 926 4104 παροῦσα
943 4035 1093 4103 παρουσῶν
1108 4039 1179 4090 iidem
1190 4056 1247 4092 mss.
1259 4057 1316 4106 per·

111 4101 245 4174 iriquum.
726 4121 819 4173 parurn.
855 4108 906 4156 tlon
924 4107 1022 4168 Semo.
1041 4096 1118 4169 titan

139 4180 153 4228 t.
169 4176 296 4239 seu-run.
316 4175 412 4228 coutet.
431 4183 455 4226 et
473 4175 577 4226 rotun.
591 4175 611 4226 l.
630 4165 675 4224 ἵνα
759 4190 782 4236 3.
802 4172 852 4224 rori
875 4167 959 4238 lirun
982 4176 1051 4227 duest
1076 4175 1189 4226 ineditis
1208 4175 1315 4240 &utriq

112 4246 202 4309 (Sequar.
219 4233 299 4300 inuri
315 4240 390 4308 ψυχῇ
409 4243 441 4325 tq
459 4234 489 4292 tv
506 4235 677 4309 tropeum
727 4245 770 4294 sad
795 4243 935 4308 exprimitur
960 4245 984 4294 in
1008 4243 1098 4294 tutus
1122 4251 1147 4296 et
1170 4244 1194 4294 in
1214 4245 1315 4308 Serum.

112 4307 221 4382 rupopirp
245 4305 333 4376 τούτῳ
358 4309 408 4360 τοῦ
435 4305 517 4378 stup
547 4303 674 4378 μορφήν,
728 4311 836 4360 habetur.
876 4311 928 4360 ‚lior
953 4311 1015 4360 idam
1041 4325 1094 4362 cum
1120 4311 1267 4368 Gohlerrauo
1292 4320 1316 4362 et
1340 4315 1345 4335 ¹

114 4381 275 4443 uiuendum,
294 4389 319 4431 ut
337 4380 436 4432 ridetur.
472 4381 523 4432 lior
542 4372 677 4433 detexu-
727 4379 873 4458 Felelm.,t.
894 4369 910 4438 ἢ
928 4371 1011 4428 πάλιν
1027 4370 1043 4438 ἦ
1062 4371 1170 4444 φθορά.
1207 4380 1313 4431 lluaSe·

115 4447 268 4510 mulcedine
286 4450 383 4510 deerat,
407 4463 435 4498 ux
453 4449 538 4500 iisdem
557 4463 617 4502 mue.
634 4463 675 4499 re·
727 4463 794 4512 quer⁸
817 4445 902 4498 evron
928 4439 958 4496 ri
982 4445 1072 4513 cuipam
1110 4447 1208 4496 rotten-
1226 4459 1314 4496 omues

117 4522 227 4580 struimus,
244 4527 267 4569 et
284 4519 320 4568 sic
339 4518 430 4579 legerat
446 4519 563 4570 Nunnius.
601 4517 676 4566 Paulo
727 4531 785 4568 mss.
803 4509 975 4583 διαφθοράν.
1003 4505 1314 4578 Εᾱιιιδιαφιρᾶνιῠιιῑθ·
