3236 5286
225 375 289 440 22⁰
621 385 1058 434 αιτειτιειιιεοειενιεοοει

137 539 321 616 ε.ιιο.νας“).
365 531 422 602 καί
450 529 549 619 ὁμὲν
571 535 683 619 Δαβίδ
703 533 860 618 ·ψάλλων
882 535 961 620 περὶ
983 530 1086 602 τοῦτοῦ
1109 554 1208 621 φησι·
1237 536 1292 602 καί
1315 533 1354 602 οῦ
1377 530 1449 604 κατ’

225 631 334 722 ἀρχάς,
356 635 455 722 κύριε,
477 633 546 720 τήν
557 636 616 720 γήν
638 630 874 717 ἐθεμελίωσας,
896 637 951 702 καί
974 633 1052 720 ἔργα
1072 638 1139 702 τῶν
1154 637 1272 720 χειρῶν
1287 634 1349 702 σου
1364 635 1450 704 είσίν

223 739 270 818 εί,
284 733 435 824 οῦρυνοί·
468 729 564 802 αύτοί
593 729 814 814 ἀπολοῦνται,
849 734 890 802 οῦ
919 736 956 802 δὲ
978 737 1236 819 διαμένεις,’καὶ
1259 735 1382 816 πάντες
1404 733 1451 818 ιῦς

217 839 356 924 ιίμάτιον
383 834 702 921 παλαιωθήσονται,
731 837 807 904 ι’κοιλ
836 831 912 915 ιύςεί
939 834 1157 929 περιβόλαιον
1180 837 1298 918 ἑλίξεις
1319 833 1449 920 αύτούς,

223 943 277 1008 καί
301 933 557 1024 ἀλλαγήσονται·
591 935 631 1004 σύ
659 937 696 1003 δὲ
725 931 866 1016 ύαάτὸς
887 932 932 1017 εί,
966 936 1023 1006 καί
1042 935 1085 1005 τὰ
1107 937 1162 1025 {tq
1185 961 1247 1006 σου
1269 935 1453 1008 vim-Md·

224 1043 389 1128 ψαύειν’).
423 1033 441 1104 ὃ
464 1038 500 1105 δὲ
520 1035 632 1122 κύριος
653 1032 753 1116 αι’·τός
774 1042 851 1125 περὶ
875 1038 993 1106 ἑαυτοῦ
1009 1038 1067 1106 διὰ
1080 1043 1140 1106 τοῦ
1155 1040 1333 1129 προφήτου
1348 1043 1451 1129 λέγει’

223 1143 312 1212 ἰ’δετί
338 1165 395 1225 με,
427 1138 516 1204 ’ίδετε
538 1132 592 1204 ὅτι
613 1135 677 1224 ἐγώ
699 1138 798 1222 εἰμι’)
820 1143 874 1208 καί
897 1134 956 1206 οῦκ
976 1135 1203 1228 ήλλοίωμαιἺ.
1249 1142 1279 1210 εί
1308 1142 1370 1231 γάρ
1398 1146 1453 1212 καί
1529 1229 1540 1238 .

162 1278 165 1286 ·
222 1246 301 1330 περί
324 1243 382 1308 τοῦ
404 1237 533 1324 πατρὸς
555 1235 693 1306 δύναται
714 1240 818 1326 λέγειν
839 1266 892 1320 τις
907 1235 993 1308 είναι
1007 1243 1105 1308 τοῦτο
1128 1240 1184 1308 οτὸ
1200 1243 1453 1328 σημαινόμενον,

225 1339 310 1414 ἀλλά
336 1343 390 1410 καὶ
417 1337 476 1405 τὸν
503 1337 574 1406 οίὸν
602 1334 865 1425 ἀρμόζειντοῦτο
887 1343 993 1428 λέγειν
999 1393 1008 1423 ,
1038 1338 1093 1410 ὅτι
1112 1341 1259 1427 μάλιστα
1279 1345 1453 1430 γενόμενος

224 1445 407 1530 ἅνθρωπος
436 1441 581 1510 δείκνυσι
607 1439 667 1526 τήν
692 1441 877 1530 ταυτύτητα
904 1442 960 1511 καί
986 1443 1025 1510 τὸ
1055 1441 1218 1530 ἄτρεπτον
1240 1445 1358 1512 ἑαυτοῦ
1379 1455 1453 1525 τεῆς

224 1545 397 1630 νομίζουσι
425 1540 482 1610 διὰ
508 1539 567 1628 τήν
596 1540 702 1628 σάρκα
723 1538 956 1630 ίήλλοιιῦσθαι
977 1539 1077 1612 αάτὸν
1099 1548 1153 1614 καί
1176 1544 1285 1632 ἕτερόν
1307 1571 1341 1613 τι
1361 1569 1454 1631 γεγε·

224 1649 360 1733 νῆσθαι.
391 1638 664 1729 ἀξιοπιστότεροι
685 1644 721 1711 δὲ
743 1643 777 1710 οί
799 1639 892 1731 ἀγωι
912 1647 966 1712 καί
987 1647 1113 1730 μάλλον
1136 1641 1155 1712 δ
1175 1644 1286 1733 κύρως
1305 1648 1364 1734 τῆς
1384 1650 1452 1716 τιῦν

224 1742 353 1834 ἀσεβιῦν
380 1751 563 1824 κακονοίας.
608 1742 664 1810 καί
690 1741 752 1830 γάρ
780 1744 864 1812 κατὰ
891 1745 931 1812 τὸ
959 1745 1130 1834 εἰρημένον
1150 1743 1366 1834 ’ἀνάγνωσμα
1393 1751 1453 1838 τῆς

224 1845 400 1936 ύμνφδίας,
434 1845 570 1914 πάντων
602 1848 669 1912 τῶν
696 1849 840 1932 γενητῶν
868 1849 923 1916 καί
945 1847 1059 1936 πάσης
1079 1851 1138 1934 τῆς
1159 1855 1295 1929 κτίσεως
1317 1848 1375 1918 διά
1395 1853 1454 1938 τῆς

224 1945 365 2039 οάρανοῦ
396 1946 452 2016 καί
478 1950 537 2036 γῆς
565 1951 731 2034 σημασίας
757 1947 902 2035 τρεπτὴν
923 1951 977 2017 καὶ
1000 1944 1184 2037 ἀλλοιωτὴν
1206 1947 1243 2037 ίὴ
1265 1950 1374 2039 γραφὴ
1395 1949 1454 2039 τήν

224 2051 325 2140 φύσιν
347 2052 496 2135 λέγουσα,
520 2051 574 2115 καί
595 2045 653 2114 τὸν
675 2042 748 2114 υίὸν
770 2043 996 2134 ὖπεξαίρουοα
1016 2050 1162 2132 τούτων,
1186 2053 1332 2120 δείκνυσι
1351 2051 1455 2140 μηδό-

223 2154 290 2231 λως
322 2148 455 2237 γενητὸν
487 2144 588 2218 αάτὸν
610 2143 710 2230 εἶναι,
741 2143 825 2216 ἀλλά
845 2149 1048 2234 καὶμᾶλλον
1071 2146 1172 2218 αὐτὸν
1194 2147 1392 2222 ἀλλοιοῦντα
1412 2157 1455 2222 τὰ

225 2250 310 2320 ἀλλα
331 2249 451 2337 καὶμὴ
474 2247 709 2335 ἀλλοιούμενον
731 2245 832 2317 αὐτὸν
855 2248 1019 2331 διδάσκει,
1044 2246 1092 2318 δι’
1117 2241 1164 2319 ὧν
1186 2274 1287 2340 φησι·
1312 2253 1352 2321 σύ
1376 2248 1453 2324 δὲδ

225 2347 325 2432 αὐτὸς
347 2346 385 2432 εί,
408 2353 462 2420 καί
483 2351 527 2420 τὰ
548 2351 603 2439 ἔτη
627 2375 687 2418 σου
711 2346 769 2418 οῦκ
791 2349 991 2436 ίκλείψσυσι.
1026 2353 1081 2418 καί
1104 2351 1240 2432 είκάτως
1260 2379 1306 2440 γε,
1329 2354 1372 2424 τά
1394 2357 1455 2439 μὲν

225 2454 287 2542 γάρ
308 2453 454 2541 1γενητά,
478 2453 514 2536 ἐξ
535 2448 593 2520 οάκ
615 2450 720 2520 ὄντων
742 2450 823 2520 ὄντα
842 2451 899 2520 καί
920 2446 978 2520 ούκ
1000 2451 1079 2520 ὄντα
1100 2455 1181 2538 πρίν
1201 2458 1344 2540 γίνηται,
1369 2452 1455 2534 ὅλως

227 2551 281 2624 ὅτι
303 2550 361 2623 οῦκ
383 2551 465 2624 ὄντα
485 2561 621 2640 γίνεται,
645 2547 881 2640 ἀλλοιουμένην
904 2552 970 2637 ἔχει
991 2553 1048 2642 τήν
1071 2551 1185 2642 φύσιν,
1210 2549 1228 2620 ὁ
1252 2555 1288 2622 δὲ
1310 2555 1395 2634 υίός,
1420 2553 1455 2622 ίκ

140 2660 285 2725 εαυτοῦ
308 2654 436 2743 πατρὸς
459 2649 505 2722 ὢν
526 2659 581 2722 καί
603 2657 662 2742 τῆς
684 2647 800 2732 οὐσίας
815 2648 917 2720 αάτοῦ
934 2655 1030 2736 λ’διος,
1054 2649 1276 2734 ἀναλλοίωτος
1288 2657 1345 2722 καί
1359 2652 1455 2741 άτρε·

226 2759 312 2839 πτός
334 2758 440 2838 ἐστιν,
471 2752 516 2836 ὡς
538 2750 638 2834 αύτὸς
661 2750 679 2820 δ
700 2753 821 2840 πατήρ.
867 2750 905 2820 οὐ
927 2754 989 2842 γάρ
1011 2762 1112 2841 θέμις
1135 2755 1242 2824 εἰπεῖν
1265 2756 1300 2824 ἐκ
1320 2759 1378 2846 τῆς
1399 2750 1457 2824 ού-

227 2866 303 2940 σίας
330 2862 423 2945 ΙΙτῆς·
438 2852 603 2942 ἀτρέπτου
630 2853 773 2942 πρεπτὸν
801 2857 986 2940 γεννᾶσθαι
1012 2856 1110 2942 λόγον
1137 2861 1191 2925 καί
1220 2853 1456 2946 ἀλλοιουμένην

225 2971 359 3049 σοφίαν.
404 2961 480 3038 πῶς
499 2956 561 3044 γὰρ
584 2956 634 3024 ἔτι
655 2955 767 3042 λόγος,
786 2956 815 3023 εί
836 2956 978 3042 τρεπτάς
999 2955 1109 3041 ίστιν;
1141 2953 1163 3047 ἢ
1184 2962 1259 3038 πῶς
1280 2957 1331 3026 ἔτι
1353 2964 1458 3046 σοφία

225 3060 266 3127 τὸ
288 3056 543 3145 ἀλλοιούμενονς
567 3059 596 3128 εί
617 3057 663 3146 μή
687 3055 752 3143 ἀρα
772 3053 834 3138 ῑώς
849 3057 883 3124 ἐν
899 3052 997 3147 οῦσίρ
1013 3058 1226 3146 συμβεβηκός,
1250 3055 1356 3138 οῦτως
1371 3054 1457 3128 είναι

227 3163 396 3241 θέλουσιν,
420 3157 466 3240 ιῦς
488 3160 521 3228 ίν
545 3159 717 3248 ίδιαζούοη
738 3157 807 3228 τινί
829 3153 926 3246 ούσίᾳ
949 3166 1189 3249 συμβεβηκέναι
1203 3159 1278 3228 τινὰ
1289 3159 1386 3246 χάριν
1401 3157 1456 3228 καί

228 3257 296 3336 ἕξιν
318 3253 449 3347 ἀρετῆς,
480 3264 534 3328 καί
557 3263 741 3347 κεκλῆσθαι
761 3259 883 3346 ταύτην
905 3255 1010 3338 οῦτως
1032 3260 1129 3349 λόγον
1150 3259 1206 3328 καί
1227 3260 1300 3330 υίὸν
1321 3260 1378 3328 καί
1399 3283 1456 3328 σο·

227 3363 324 3446 φίαν,
358 3355 440 3438 ὥςτε
467 3359 524 3426 καί
553 3356 779 3449 ἀφαιρεῖσθαι
805 3362 860 3424 καί
889 3365 1142 3442 προςτίθεσθαι
1169 3356 1250 3450 αὐτῇ
1279 3361 1453 3430 δύνασθαι.

227 3461 365 3526 τοιαῦτα
392 3457 454 3544 γάρ
478 3463 677 3544 φρονοῦντες
699 3456 861 3536 πολλάκις
883 3456 1058 3544 είρήκασιν.
1104 3457 1173 3529 ἀλλ’
1198 3459 1257 3530 οῦκ
1280 3462 1351 3532 ἔστι
1370 3467 1457 3548 Χρι-

228 3563 371 3628 στιανῶν
400 3553 419 3646 ή
448 3562 565 3636 πίστις
593 3557 693 3644 αῦτη.
729 3552 829 3627 Ιιοάδί
845 3549 917 3646 γάρ
946 3564 1045 3628 τοῦτο
1069 3561 1232 3631 δείνωσιν
1254 3554 1340 3632 είναι
1361 3562 1458 3649 λόγον

227 3659 282 3726 καί
310 3657 381 3726 υίὸν
410 3653 548 3746 ἀληθοῦς
575 3661 659 3725 θεοῦ
688 3654 765 3725 οῦτε
792 3658 851 3747 τήν
873 3666 997 3748 σοφίαν
1019 3658 1129 3748 ἀληθῆ
1152 3671 1286 3752 σοφίαν.
1330 3663 1458 3750 τάνγάρ

147 3783 151 3798 ’
226 3760 429 3848 τρεπόμενον
450 3761 505 3828 καί
528 3754 762 3843 ἀλλοιούμενον
785 3755 843 3843 οάχ
864 3760 1055 3844 ιἱστάμενον
1078 3761 1114 3828 δὲ
1136 3762 1170 3829 ίν
1193 3764 1243 3832 ἑνί
1263 3763 1320 3832 καί
1333 3767 1380 3850 τῷ
1397 3759 1457 3830 αύ-

229 4001 258 4062 4)
276 3934 322 4052 uli
341 3933 475 4052 'stabam'
494 3933 518 3984 8.
603 3931 628 3991 2)
647 3933 709 3984 ΡεεΙ.
731 3931 778 3984 102
797 3929 870 3997 [101.
888 3929 976 4000 Lxx.]‚
995 3933 1106 3985 26-28.
1195 3935 1220 3994 3)
1240 3937 1337 3987 Denter.
1356 3935 1397 3997 ³²,
1417 3935 1460 3985 39.

299 4016 359 4051 εει.
397 4037 403 4062 ,
440 4038 446 4050 .

261 4133 284 4169 ο.
313 4109 426 4182 ψάλλων
452 4125 476 4167 ει
500 4127 555 4168 mox
583 4112 629 4166 καί
654 4111 687 4167 σύ
709 4119 778 4169 abest
804 4134 816 4169 ν
868 4112 915 4236 fc&
942 4118 989 4198 τοῦ
1013 4111 1168 4234 πρφφήτονγ.
1212 4098 1459 4204 Εδίιίοιῦοιοιαείίο.
1527 4103 1536 4112 ’

228 4185 541 4304 ῦοῦίθὲλτθιωΐελλιλλίίοάά.
576 4251 623 4302 Sed
644 4251 667 4300 in
685 4253 756 4302 editis
774 4252 818 4302 δε·
869 4195 1238 4305 6ῦλίῦάελοῦείείά.τίο.υἴδίύί
1253 4187 1460 4320 μλῗιίῦδεῗεθκῦύλ

229 4328 287 4372 tunt
302 4314 349 4368 καί
359 4313 420 4372 ὡσεί
434 4311 609 4385 περιβόλαιον
619 4311 711 4372 ἑλίξεις
721 4308 819 4372 αὐτούς
869 4319 913 4378 Ani
933 4327 957 4370 ει
975 4321 1031 4370 editi
1051 4313 1121 4371 ἴδετέ
1136 4335 1172 4388 με
1190 4311 1240 4372 ἀνι.

227 4379 274 4436 καὶ
292 4377 499 4452 ἀλλαγήσονται,
536 4386 625 4435 Ibidem
639 4385 776 4436 Goblerinn.
796 4395 819 4437 ει
903 4402 923 4436 τ.
949 4387 989 4436 Sic
1013 4389 1112 4451 δεήσει.
1147 4391 1208 4440 Εδίιῑ
1234 4403 1288 4438 vero
1312 4384 1393 4434 τοῦτο
1412 4398 1460 4446 ση-

112 4513 117 4524 Ι
229 4455 335 4506 Felckm.
357 4455 379 4506 l.
405 4448 583 4518 ἐκλείψουσιν.
607 4445 654 4502 καλ
671 4442 705 4500 δι’
725 4446 818 4525 ἑτέρου
868 4449 1047 4520 μαινόμενον.
1076 4455 1079 4462 ’

228 4515 376 4599 προφήτου
393 4515 475 4571 πάλιν
493 4515 595 4586 φησίν·
615 4511 684 4598 ἴδετε
696 4527 740 4570 etc.
760 4522 818 4572 Ιιεω
907 4523 931 4573 d.
943 4524 1050 4584 ¹Seguer.
1070 4514 1257 4574 ἀλλοιοῦσθαι.

229 4590 287 4640 ιίνιδ.
311 4591 412 4654 Seguer.
440 4591 511 4640 Βιείί.
536 4590 593 4652 Res.
611 4588 704 4652 λοςίιε.
722 4579 820 4638 ἑαυτοῦ
907 4606 927 4640 ε,
947 4579 1117 4657 ἀνάγνωσμα
1146 4591 1215 4644 abest
1241 4587 1419 4642 acobleriano
1438 4596 1463 4642 εί
