3250 5292
559 312 667 356 onsrro
682 283 1007 360 circumsessusne.
1325 299 1386 364 513

248 469 299 530 24.
342 465 405 528 Nos
426 464 533 544 itaque,
556 473 700 544 qnatenus
716 465 800 528 allata
816 465 986 546 Scripturas
1007 467 1095 528 verba
1118 467 1200 530 licuit
1221 467 1384 547 simplicius
1394 483 1470 528 asra
1508 547 1510 560 ,

159 568 359 650 perpendere,
382 567 454 628 haeo
476 568 541 628 inse
564 567 771 630 disseruimus.
815 569 923 630 Beatus
945 577 1042 630 autem
1058 569 1184 630 loannes
1206 569 1335 630 breviter
1357 577 1387 630 et

158 671 249 748 longe
271 669 357 730 nobis
380 649 552 742 accuratius,
576 687 651 748 quae
673 669 713 730 sit
735 669 814 732 iliius
836 670 894 730 loci
920 671 1082 744 sententia,
1111 690 1145 732 er
1168 671 1300 750 Epistola
1330 686 1383 734 sua

157 773 359 836 declaraturus
388 779 449 845 est,
482 774 541 851 qui
562 776 592 832 et
613 788 734 850 pravam
756 771 916 851 impiorum
938 772 1212 852 interpretationem
1235 771 1382 846 refutabit,

158 885 188 938 st
216 875 304 936 simul
333 873 466 946 docebit,
500 872 651 953 quomodo
684 891 741 936 nos
769 873 801 936 in
830 873 892 936 lieo
922 893 991 938 esse
1020 892 1182 953 possumus
1204 883 1234 936 et
1253 873 1332 936 licus
1353 873 1383 936 in

160 977 259 1052 nobis,
282 995 341 1057 quo
363 977 434 1038 item
456 985 541 1056 pacto
563 993 620 1037 nos
643 993 734 1038 unum
758 975 877 1055 inipso
900 975 1055 1068 efficimur,
1079 985 1271 1056 etquantum
1292 975 1384 1036 Filius

156 1059 301 1144 naturas
322 1077 409 1140 nobis
431 1077 563 1151 diiierat,
593 1077 771 1158 tandemque
792 1078 917 1140 Arianos
940 1079 1106 1152 coercebit,
1137 1077 1296 1160 quominus
1319 1095 1383 1138 am-

159 1183 239 1263 plius
261 1169 398 1261 sperent,
428 1198 461 1242 se
484 1187 516 1242 ut
537 1179 645 1242 Filium
667 1181 783 1242 iuturus
805 1179 961 1260 aliquando
985 1197 1068 1254 esse,
1097 1199 1136 1242 ne
1159 1181 1244 1262 ipsos
1266 1197 1384 1259 quoque

160 1287 234 1348 haec
254 1282 344 1344 rerba
366 1282 541 1362 respiciant:
581 1280 623 1344 Tu
646 1293 747 1344 ostem
770 1283 856 1346 bomo
879 1302 911 1344 es
934 1293 962 1344 et
983 1301 1047 1344 oon
1067 1281 1165 1354 Deus,
1196 1290 1240 1344 et:
1273 1281 1317 1344 Ne
1341 1290 1384 1354 tat,

159 1392 212 1468 qni
239 1403 361 1468 pauper
393 1403 439 1456 es,
474 1393 502 1446 te
529 1383 627 1448 Dioiti
658 1389 846 1466 aequaveris.
889 1383 968 1444 Haec
997 1392 1066 1445 sunt
1094 1402 1164 1464 ergo
1187 1402 1262 1464 quac
1284 1383 1387 1445 scribit

158 1489 301 1552 loannes:
325 1487 362 1548 lo
386 1487 440 1549 loe
462 1490 666 1566 copnosceinue
688 1491 830 1567 quoniam
852 1491 884 1548 in
908 1505 940 1548 eo
961 1505 1116 1548 maenius
1138 1490 1252 1566 etipse
1273 1491 1305 1548 in
1327 1489 1384 1548 ito-

160 1593 219 1662 bia,
255 1593 396 1672 quonium
423 1587 458 1650 de
486 1585 607 1666 Spiritu
636 1605 691 1650 sun
723 1588 804 1650 dedit
830 1588 928 1650 nodis.
972 1587 1072 1668 ltaque
1103 1596 1227 1668 propter
1254 1587 1383 1668 Spiritus
1393 1605 1468 1650 reat.

160 1691 294 1771 gratiam,
318 1707 393 1768 quae
416 1687 504 1750 nobis
527 1687 593 1749 data
616 1695 671 1761 est,
695 1697 725 1749 et
747 1687 808 1750 nos'
825 1689 854 1750 in
874 1689 927 1750 illo
949 1707 1054 1752 sumus
1070 1689 1162 1751 stille
1177 1690 1269 1752 estin
1285 1689 1383 1764 nohis,

161 1811 196 1854 ac
216 1789 342 1872 proinde
365 1807 431 1850 oum
453 1787 506 1850 Dei
536 1788 584 1850 ille
613 1788 742 1869 Spiritus
776 1791 831 1864 sit,
865 1787 974 1852 idcirco
1008 1779 1125 1871 quando
1158 1791 1206 1854 iiie
1235 1791 1266 1852 in
1295 1791 1383 1852 nobis

159 1895 260 1966 adest,
288 1910 361 1964 nos,
390 1891 439 1970 qui
463 1891 587 1952 eundem
610 1891 752 1973 Spiritum
774 1891 934 1965 habemus,
963 1893 1027 1954 iure
1049 1893 1156 1954 merito
1178 1894 1208 1954 in
1231 1893 1292 1954 lieo
1315 1911 1385 1956 csse

160 1993 379 2066 existimamur,
413 2011 505 2074 eaque
526 1993 641 2056 ratione
670 1993 749 2056 Deus
777 2001 823 2056 est
852 1993 882 2055 in
900 1987 1022 2056 'nobis-
1053 1995 1119 2056 Non
1152 1995 1242 2076 igitur
1273 2003 1305 2056 ut
1338 2003 1385 2058 est
1464 2039 1466 2042 -

157 2097 250 2160 Filios
279 2095 309 2158 in
336 2095 439 2168 Patre,
471 2095 510 2158 ita
539 2103 569 2158 et
595 2115 652 2158 nos
680 2095 711 2157 in
733 2096 821 2158 Putre
843 2115 958 2158 sumus.
1003 2097 1133 2177 Namque
1154 2097 1246 2160 Filius
1269 2116 1330 2158 non
1351 2097 1386 2159 nt

45 2264 54 2282 ,
101 2268 104 2278 ,
160 2197 292 2280 Spiritus
314 2197 463 2278 particeps
485 2205 519 2260 ut
539 2197 579 2260 sit
599 2198 630 2260 in
659 2197 760 2292 Patre,
794 2217 891 2278 neque
919 2199 985 2278 ipse
1006 2199 1148 2280 Spiritum
1175 2199 1297 2282 accipit,
1331 2199 1384 2260 sed

159 2299 348 2383 eum-potius
372 2299 511 2388 omnibus¹
532 2300 674 2381 impertit.
717 2300 778 2362 Nec
806 2300 876 2362 item
903 2300 1035 2386 ,Spiritus
1057 2301 1184 2363 Verbum
1208 2320 1273 2363 cum
1296 2301 1383 2362 Patre

158 2403 320 2482 coniungit,
344 2402 397 2464 sod
418 2403 520 2482 potius
543 2403 672 2482 Spiritus
694 2401 790 2464 hoc'a
813 2401 908 2464 Verbo
931 2403 1047 2484 accipit.
1090 2403 1223 2484 lienique
1238 2401 1330 2462 Vilius
1351 2401 1383 2462 in

157 2505 245 2564 Patre
267 2511 315 2564 est
336 2511 475 2582 tanquam
496 2505 651 2583 proprium
675 2505 738 2566 eius
761 2503 890 2567 Verbum
913 2513 942 2567 et
964 2504 1124 2585 splendor,
1146 2522 1202 2566 nos
1225 2512 1333 2576 autem,
1357 2503 1383 2564 si

161 2602 279 2680 quidem
302 2603 379 2664 absit
400 2603 537 2682 Spiritus,
561 2605 646 2668 alieni
669 2615 699 2668 et
719 2606 822 2689 procul
838 2597 853 2668 a
869 2605 930 2668 Deo
953 2625 1067 2677 sumus,
1092 2606 1145 2667 sed
1162 2603 1289 2684 Spiritus
1312 2621 1383 2683 par-

163 2703 268 2783 ticipes
291 2704 387 2764 silenti
410 2703 557 2785 cumipse
572 2707 777 2788 coniungimur
791 2709 952 2781 divinitate,
976 2728 1010 2770 ac
1030 2707 1157 2786 proinde
1171 2723 1231 2767 non
1247 2691 1384 2766 nostrum

161 2812 209 2867 est
236 2823 294 2866 nos
323 2823 392 2868 esse
419 2807 450 2868 in
476 2807 580 2882 Patre,
612 2811 664 2872 sed
698 2811 841 2890 Spiritus,
874 2811 925 2890 qui
954 2810 984 2871 in
1013 2809 1102 2870 nobis
1126 2815 1222 2869 estet
1244 2806 1274 2868 in
1297 2803 1383 2867 nobis

108 2936 114 2945 ·
159 2914 269 2980 manet,
292 2907 432 2987 quamdiu
455 2908 566 2972 scilieet
587 2929 652 2972 eum
668 2911 697 2974 in
714 2913 801 2973 nobis
825 2911 1014 2972 confossione
1036 2907 1229 2982 servabimus,
1252 2915 1285 2970 ut
1306 2907 1385 2970 idern

160 3007 287 3098 loapnes
310 3009 359 3070 his
381 3009 480 3072 verbis
503 3010 604 3072 docet:
629 3013 774 3094 Quisquis
789 3013 947 3090 consessus
968 3011 1066 3089 suerit
1080 3009 1180 3072 lesum
1196 3029 1260 3072 ease
1275 3009 1386 3072 Filium

156 3109 230 3182 liei,
259 3110 340 3173 Deus
370 3115 400 3172 in
428 3129 462 3174 eo
484 3123 635 3175 monetet
656 3117 720 3194 ipse
741 3117 773 3174 in
794 3111 867 3174 Deo.
914 3097 996 3185 Quae
1018 3129 1088 3192 ergo
1111 3111 1198 3174 nobis
1220 3110 1383 3174 similitudo

158 3210 205 3272 rel
227 3211 386 3290 aequalitas
408 3220 455 3274 est
475 3231 542 3276 oum
557 3213 658 3276 ribot
681 3213 731 3276 Vei
751 3213 851 3292 potius
874 3233 910 3274 an
934 3232 993 3275 non
1010 3214 1139 3294 undique
1160 3212 1343 3302 maximeque
1364 3233 1382 3274 a

158 3310 271 3374 Ioanne
293 3313 509 3377 convincuntur
529 3315 639 3392 Ariani,
662 3315 747 3378 aliter
768 3314 874 3376 Filium
897 3316 927 3377 in
949 3315 1035 3377 Patre
1058 3335 1146 3390 esse,
1169 3325 1198 3378 et
1220 3315 1303 3377 aliter
1323 3333 1380 3376 nos

159 3412 190 3473 in
213 3413 318 3476 eodem
341 3434 419 3489 esse,
442 3423 538 3497 neque
559 3435 615 3480 nos
637 3435 767 3497 unquam
789 3404 864 3479 sibun
884 3416 967 3479 ilium
989 3419 1116 3490 futuros,
1141 3435 1237 3498 neque
1252 3417 1380 3478 Verbum

160 3513 237 3578 sicut
258 3533 314 3578 nos
338 3536 421 3589 esse,
450 3519 508 3580 nisi
530 3519 623 3594 sorte,
647 3526 679 3582 ut
700 3537 766 3582 mos
788 3519 846 3582 illis
869 3528 931 3593 est,
960 3519 1008 3582 hic
1029 3537 1149 3602 quoqne
1172 3527 1284 3580 temere
1306 3535 1379 3580 con-

194 3751 215 3783 t.
234 3737 290 3814 ling.
304 3737 325 3786 1.
344 3737 444 3800 Sequor.
463 3739 561 3790 Gobler.
571 3747 594 3788 et
604 3741 709 3792 retetm.
721 3741 743 3792 1.
792 3741 894 3818 ibidem,
903 3741 959 3802 ling.
969 3739 992 3788 2.
1001 3739 1116 3817 saleim.
1128 3739 1156 3814 ⁵¹,
1171 3745 1195 3786 et
1206 3737 1296 3800 teptis.
1305 3731 1382 3816 trapis

155 3803 352 3933 ycb‘ygiissbib'g.
373 3871 395 3920 i.
419 3871 517 3931 Sequor.
536 3873 625 3934 tngtto.
645 3875 743 3924 Gobler.
793 3804 952 3923 bdibisabbbit
964 3801 1203 3920 trbbbb.²wssoem⁸
1239 3805 1265 3854 In
1286 3805 1339 3856 nm
1357 3813 1382 3858 ει

157 3947 181 3988 et
199 3939 303 4016 Felcim.
317 3939 337 3987 1.
353 3947 427 4016 Ι11111
446 3939 476 3987 ita
496 3939 551 3999 legit
569 3940 684 3988 Ninnios.
715 3942 744 3990 At
827 3957 850 4005 h.
871 3957 925 4018 lieg.
947 3957 968 4005 1.
987 3963 1010 4006 et
1027 3955 1126 4016 Sequer.
1144 3951 1173 4004 λέ
1192 3970 1271 4010 onoc
1287 3949 1377 4006 alto.

157 4009 181 4056 in
207 4007 303 4083 alrisnet
322 4005 425 4084 edrtrqoq
444 4005 565 4084 Somniab
581 4007 640 4055 boec
658 4007 744 4086 desunt
793 4019 873 4074 Ceteri
892 4033 916 4074 et
934 4024 991 4074 editi
1008 4018 1135 4088 λέγοντος
1153 3971 1191 4074 db
1199 4017 1289 4074 πάλιν.

156 4075 228 4124 101113
248 4087 333 4126 ουτως
349 4086 394 4121 ’m‘
412 4085 488 4138 'lim‘
503 4073 639 4138 mim
656 4067 686 4122 ἐν
703 4087 742 4140 τῳ
826 4117 842 4166 i.
861 4117 900 4166 Sic
910 4117 964 4178 lies.
977 4115 998 4166 l.
1010 4125 1034 4166 et
1050 4117 1149 4179 Segner.
1167 4118 1193 4168 ln
1204 4119 1257 4169 aliis
1271 4117 1379 4183 aeolide

156 4136 249 4210 πατρί.
793 4183 807 4234 d
915 4179 923 4197 Ι
1330 4187 1334 4196 Ι

190 4211 271 4272 Μία
289 4208 379 4272 licui.
399 4207 496 4271 Segoer.
516 4207 741 4260 anlenerfeth.
778 4193 861 4240 ,aest
879 4197 977 4233 norror.
1017 4185 1066 4235 lior
1086 4187 1176 4237 lio.i.
1196 4187 1376 4249 etSequcnao.

155 4280 237 4327 manni
250 4278 272 4327 1.
306 4279 333 4327 tc
346 4277 386 4346 aiii
397 4285 420 4326 et
431 4277 487 4325 editi
501 4267 533 4323 τό
542 4277 661 4327 omittunt.
681 4277 740 4329 ibid.
791 4244 948 4319 mmmm
965 4246 1105 4304 ''mm''
1120 4201 1188 4322 imi·

154 4348 217 4396 boec
236 4361 249 4410 q
269 4361 296 4395 ae
315 4345 536 4410 sequnntnrrerbn
555 4335 620 4396 ἀλλὰ
637 4341 741 4411 μᾶλλον
826 4347 847 4396 i.
867 4347 907 4396 Sic
920 4348 974 4410 ling.
989 4347 1010 4397 1.
1029 4355 1052 4398 ei
1064 4349 1168 4412 Sequar.
1203 4346 1375 4398 arnobioeet

155 4404 239 4466 odric
273 4412 313 4467 oie
329 4411 398 4461 πᾶσι
415 4411 496 4462 τοῦτο
510 4412 635 4479 χορηγεῖ,
653 4405 740 4462 καὶού
791 4413 896 4464 Fulcitur.
917 4416 938 4465 i.
963 4411 1101 4482 roqodw
1122 4408 1153 4466 ἒν
1175 4413 1244 4464 πᾶσι
1260 4405 1306 4462 aei
1322 4405 1373 4454 riv

156 4475 189 4528 τὸ
207 4479 313 4546 πνεῦμα
331 4473 460 4530 συνάπτει
476 4474 527 4530 τὸν
543 4475 625 4546 λόγον
642 4481 682 4547 τῷ
690 4495 741 4530 nn·
775 4473 883 4532 ‘cineta
902 4483 980 4533 Ceteri
992 4493 1014 4533 et
1025 4485 1097 4534 editio
1108 4483 1224 4533 Geminei.
1235 4473 1372 4548 sandow

155 4542 204 4612 eni
227 4549 313 4600 desunt
338 4551 362 4600 in
381 4551 527 4602 Goblerisno
551 4557 575 4600 et
592 4551 697 4601 Soteira.
717 4550 740 4601 1.
792 4542 822 4600 ir
837 4549 908 4600 πᾶσι
925 4545 971 4600 καὶ
988 4549 1038 4600 νῦν
1056 4543 1093 4604 sic
1107 4544 1141 4598 ri
1161 4541 1252 4598 εἰπεῖν.
1347 4577 1348 4580 =

188 4633 313 4680 lemnisci
324 4646 375 4680 oro.
385 4647 455 4680 noce.
468 4647 516 4682 sne.
1134 4631 1167 4684 ³³
