3226 5280
514 411 658 456 snrsrout
673 410 1046 456 nssmrsnrranronrsn.
1335 397 1396 458 117

256 565 304 625 14.
349 561 386 623 Et
407 579 480 624 sane
502 561 575 624 satis
598 571 680 624 esset
700 562 738 624 ad
758 561 903 642 integram
917 561 1093 625 Arianorum
1115 563 1348 626 confutationem
1364 571 1481 626 staua

163 663 203 726 ad
226 663 489 726 demonstrandam
518 681 620 725 eorum
649 661 840 738 calumniam,
873 663 953 744 quod
975 664 1133 744 Dionysius
1165 661 1201 725 de
1228 665 1264 728 iis
1294 665 1393 740 etiam,
1494 707 1510 724 .

165 783 243 847 quae
265 764 316 826 isti
338 764 478 839 iactitant,
501 783 569 827 sese
590 767 774 845 prurgaverit3
796 765 954 827 nonenim
976 763 1177 826 contendendi
1197 764 1295 826 animo
1317 767 1394 828 scri-

165 865 245 946 psit,
273 865 328 927 sed
355 865 402 926 sui
430 865 605 928 defendendi
634 865 875 946 suspicionisque
897 865 1079 926 amovendae
1101 882 1206 937 mussa
1239 883 1304 926 cum
1325 883 1395 928 raro

167 985 221 1029 eas
243 965 364 1046 depellit
385 965 618 1041 criminationes,
641 967 712 1046 quid
733 965 811 1028 aliod
834 966 904 1046 agit,
928 985 1015 1046 quam
1034 966 1114 1047 quod
1130 983 1249 1028 omnem
1265 963 1396 1028 criminis

164 1065 372 1148 suspicionem
401 1067 479 1129 lerat
506 1077 537 1129 et
564 1067 595 1128 in
623 1067 681 1128 boc
706 1066 834 1129 Arianos
857 1067 1053 1148 sycophantas
1082 1087 1151 1130 esse
1174 1064 1295 1147 arguit?
1338 1065 1398 1128 Sed

168 1179 203 1231 ut
224 1189 259 1231 ex
280 1169 329 1243 iis,
351 1188 427 1250 quae
449 1170 496 1231 sui
520 1169 698 1231 defendendi
719 1187 807 1232 causa
829 1169 961 1249 scripsit,
982 1170 1076 1250 magis
1091 1168 1321 1241 confundentur,
1344 1185 1398 1247 age

166 1273 234 1334 eius
257 1269 310 1333 tibi
331 1271 420 1333 rerba
440 1289 618 1351 proponam,
641 1277 674 1332 nt
694 1270 764 1332 hinc
783 1269 916 1346 noveris,
937 1270 1063 1333 Arianos
1085 1289 1192 1351 pravae
1211 1269 1322 1332 montis
1337 1269 1482 1330 bo-rasa.

167 1373 265 1436 mines
294 1391 379 1445 osso,
413 1371 647 1453 Dionysiamque
673 1373 710 1434 ab
739 1391 841 1434 eorum
870 1373 1023 1436 erroribus
1052 1373 1189 1436 alienum.
1233 1371 1271 1434 lit
1296 1372 1396 1453 primo

167 1474 288 1555 quidem
310 1473 468 1555 epistolam
500 1493 583 1536 suam
606 1473 757 1554 inscripsit
777 1474 951 1555 Apologiam
974 1484 1004 1537 ot
1024 1473 1196 1537 Elencbum.
1239 1475 1317 1548 Quid
1339 1472 1397 1536 sibl

166 1575 229 1637 rult
250 1575 336 1650 illud,
366 1574 426 1638 nisi
454 1577 532 1656 quod
560 1585 591 1638 et
612 1576 828 1638 obtrectatores
851 1595 924 1639 suos
946 1579 1042 1656 arguit
1064 1587 1094 1639 et
1115 1577 1225 1656 scripta
1246 1595 1300 1638 sua
1320 1594 1396 1656 pro-

166 1685 293 1756 pugnat,
323 1677 486 1740 ostendeus
509 1697 543 1739 se
565 1696 626 1740 non
649 1697 684 1740 ea
706 1686 821 1750 mente,
844 1697 902 1758 qua
924 1679 1092 1760 suspicatus
1116 1678 1287 1750 ostrinos,
1317 1679 1395 1740 scri·

165 1777 277 1858 psisse,
301 1779 354 1840 sed
375 1778 445 1840 licet
466 1797 570 1840 eorum
591 1779 779 1852 meminerit,
801 1797 874 1859 quae
897 1780 933 1842 de
955 1779 1082 1842 llomino
1105 1777 1268 1842 secundum
1290 1777 1397 1839 buma-

167 1878 293 1940 nitatem
316 1878 392 1940 dicta
414 1887 499 1953 aunt,
532 1897 594 1942 non
616 1880 771 1959 ignorasse
791 1889 906 1954 mmen,
928 1881 1026 1961 ipsum
1048 1899 1116 1944 esse
1139 1878 1267 1942 Verbum
1290 1887 1321 1941 et
1340 1880 1397 1940 Sa·

166 1977 312 2059 pientiam
340 1997 355 2039 a
388 1980 475 2042 Patre
502 1980 735 2044 indivisibilem?
765 1983 921 2070 ¹(lutaritur
949 1981 1071 2057 deinde,
1103 1982 1182 2062 qood
1209 1989 1397 2044 accusatores

168 2080 333 2142 sententias
354 2099 425 2143 suas
447 2099 509 2144 nou
530 2081 660 2162 integras
682 2085 813 2146 reserant
835 2083 889 2145 sed
911 2091 1070 2157 bonosus,
1093 2091 1123 2145 et
1144 2083 1221 2163 quod
1242 2101 1303 2144 non
1318 2081 1398 2144 bona

167 2182 346 2244 conscicntia
374 2183 428 2244 sed
456 2183 531 2246 mala
558 2201 614 2264 pro
645 2183 767 2248 libidine
796 2184 971 2264 loquantum
1003 2203 1081 2264 quos
1107 2184 1220 2246 similes
1247 2185 1287 2246 ait
1318 2182 1397 2246 beati

167 2283 301 2364 Apostoli
324 2285 513 2366 epistolarum
537 2285 812 2350 calumniatoribus.
858 2286 937 2348 llaec
957 2305 1050 2366 porro
1065 2285 1120 2348 riri
1138 2285 1335 2365 expostulatio
1351 2285 1396 2353 si.-

166 2385 290 2447 nistram
312 2405 429 2449 omnanr
452 2397 571 2450 amovet
592 2389 804 2468 suspicionem.
836 2388 869 2451 si
892 2387 970 2450 enim
984 2387 1068 2450 Pauli
1091 2387 1318 2450 calumniatores
1333 2387 1396 2449 suis

167 2487 281 2551 similes
303 2489 482 2561 arbitratur,
504 2489 579 2550 nibil
600 2507 672 2550 sano
694 2487 771 2552 aliud
793 2490 932 2566 declarat,
955 2509 1042 2572 quam
1067 2508 1101 2552 se
1121 2507 1189 2552 cum
1209 2487 1301 2550 Paulo
1324 2505 1397 2548 san-

168 2589 291 2650 tientem
319 2591 360 2650 ita
387 2589 560 2668 scripsisse.
604 2589 690 2650 Certe
719 2591 842 2670 siugulis
870 2601 1076 2654 accusatorum
1104 2590 1204 2652 verbis
1238 2579 1406 2650 occurrens

172 2689 310 2749 omnibus
327 2707 431 2748 eorum
446 2689 626 2766 argumentis
644 2689 822 2752 solutionem
839 2691 973 2765 adhibet3
996 2709 1121 2769 mumque
1136 2687 1297 2750 sabellium
1313 2685 1399 2764 prio-

173 2785 257 2846 ribus
279 2786 337 2846 illis
359 2787 477 2865 scriptis
498 2787 672 2865 planissimo
693 2791 872 2864 confutarit,
895 2792 942 2852 luis
963 2789 1184 2870 posterioribus
1206 2786 1295 2848 fidem
1317 2801 1401 2845 suam

160 2886 297 2948 omnino
324 2886 403 2966 piam
430 2885 568 2948 dederat.
618 2888 838 2952 bllirmantibus
867 2891 956 2969 igitur
981 2892 1040 2955 illis
1068 2891 1146 2950 hanc
1174 2906 1242 2948 esse
1267 2883 1402 2964 Dionysii

169 2987 366 3051 seutentiam:
390 2987 490 3062 „licus
513 3005 573 3050 non
593 2987 650 3050 luit
663 3005 782 3068 semper
795 2989 899 3064 Patcr3
920 2991 1011 3054 Filios
1035 3007 1156 3068 sempor
1178 3005 1238 3048 uon
1261 2985 1327 3059 luit,
1349 2983 1402 3046 sed

169 3089 279 3164 „lleus
302 3089 458 3170 aliquando
480 3088 579 3150 Verbo
607 3089 718 3164 caruit,
750 3089 815 3169 ipse
843 3109 912 3152 voro
941 3091 1033 3153 Filius
1064 3107 1125 3150 non
1152 3095 1216 3150 erat
1246 3094 1399 3166 antequam

167 3191 378 3270 „gigneretun
401 3189 454 3251 sed
476 3190 533 3252 luit
553 3189 712 3270 aliquando
735 3209 802 3252 cum
824 3207 885 3252 non
908 3200 998 3265 esset,
1020 3208 1081 3252 non
1097 3189 1173 3251 enim
1189 3197 1325 3252 aeternus
1341 3195 1397 3263 cst,

168 3292 251 3366 „sed
273 3291 463 3371 postmodum
487 3311 556 3354 essa
577 3291 747 3372 incoepit,“
777 3291 991 3366 animadverte,
1020 3291 1170 3372 quomodo
1198 3292 1234 3354 ad
1255 3291 1398 3354 baucide

170 3393 360 3475 respondeat.
403 3393 497 3456 Verba
520 3401 618 3459 autem
641 3394 706 3456 eius
728 3393 958 3474 quamplurima,
988 3394 1096 3476 quibos
1118 3413 1168 3457 res
1189 3395 1221 3456 in
1242 3393 1396 3474 quaestio·

170 3515 237 3557 uem
260 3495 401 3558 adductas
432 3495 571 3575 expendit
598 3503 648 3558 aut
681 3515 717 3558 en
746 3496 840 3558 allatis
862 3495 1023 3560 ratiociniis
1051 3496 1194 3577 quaedam
1216 3494 1326 3575 colligit
1348 3502 1399 3556 aut

171 3597 367 3676 interrogatos
391 3596 577 3660 adversarios
599 3597 732 3678 coarguit
753 3598 798 3659 rel
820 3597 1130 3661 assectatores-suos
1152 3596 1335 3667 criminatur,
1358 3593 1397 3656 ob

159 3697 314 3760 ‚librorum
335 3697 534 3778 prolixitatem
557 3699 698 3762 omittens
722 3717 755 3761 ea
777 3699 873 3762 solum
896 3717 1073 3780 proponam,
1100 3717 1176 3777 quae
1197 3715 1301 3759 eorurn
1325 3713 1397 3774 ape-

169 3807 250 3860 otant
278 3799 504 3861 accusationem.
549 3801 651 3880 ltaque
680 3801 726 3862 aui
755 3802 897 3880 purgandi
927 3819 1015 3862 causa
1045 3800 1088 3860 in·
1104 3798 1203 3877 primo
1223 3795 1316 3868 libro,
1350 3795 1397 3858 cui

171 3900 273 3962 titulus
299 3899 448 3962 Elencbus
482 3908 514 3961 et
540 3900 698 3980 Apologia,
729 3901 904 3978 quibusdam
932 3898 1109 3979 praemissis
1140 3898 1184 3961 sic
1210 3899 1246 3960 ad
1274 3897 1398 3962 verbum

169 4001 303 4080 scripsit.

260 4205 309 4266 15.
354 4203 531 4283 „Nunquam
560 4201 638 4263 enim
661 4201 716 4264 luit
736 4201 854 4281 quando
876 4201 954 4265 Deus
977 4221 1037 4264 non
1060 4212 1123 4265 erat
1144 4203 1263 4264 Pater.“
1308 4201 1345 4263 llt
1367 4201 1398 4263 in

173 4419 268 4482 legitor.
303 4421 356 4472 llox
380 4423 476 4474 Tauria.
502 4423 549 4476 les.
574 4425 612 4475 l'r.
631 4425 649 4474 l.
672 4413 689 4483 ἢ
714 4413 758 4472 ὅτι
843 4425 860 4473 l.
878 4423 918 4474 Sic
936 4423 1035 4473 laurio.
1054 4422 1123 4477 Colli.
1142 4423 1180 4472 l'r.
1200 4422 1218 4471 l.
1254 4419 1398 4480 1ullag.et

172 4478 293 4542 ΐθῦτῡῠς-
812 4493 836 4541 in
855 4491 927 4540 editis
945 4491 1014 4540 deest
1032 4481 1055 4536 d.
1092 4487 1398 4552 l’aulopoat,lleg.'laur,

208 4567 229 4603 a.
247 4555 346 4608 laurio.
365 4557 434 4608 Colb.
454 4560 498 4608 los.
518 4553 553 4608 τὰ
570 4551 688 4608 Παύλου.
813 4560 859 4608 les.
870 4549 912 4605 risi
929 4549 980 4603 τὸν
992 4549 1113 4621 χριστὸν
1130 4541 1201 4605 εἶναι
1218 4545 1302 4618 λόγον
1319 4546 1396 4600 dno.

813 4625 840 4674 ln
859 4625 934 4674 edilia
950 4611 1023 4672 airas
1040 4623 1116 4672 deest.
