3054 5236
464 359 662 406 srrsromm
677 361 856 406 mrcrsrua.
1222 347 1283 412 829

6 509 121 574 irinis
150 511 349 592 Scripturis
363 529 456 592 pauca
469 527 654 586 memorare,
676 512 805 574 tortasse
827 509 873 572 vel
883 510 943 574 boc
956 511 1046 574 modo
1060 513 1176 594 pudore
1190 513 1287 578 allecti
1295 532 1372 576 neca

1 613 231 694 urpissimas
262 612 427 693 opiniones
452 609 638 692 excogitandi
660 612 749 674 linem
771 612 890 673 facient.
944 621 948 628 “

95 719 136 778 4.
195 714 299 776 Heus
322 733 387 788 ros,
410 718 462 793 qut
484 732 521 774 ec
543 713 676 774 animum
697 712 854 792 appulistis
876 720 910 774 ut
931 731 1041 792 corpus
1060 713 1197 776 diceretis
1220 731 1287 777 esse

18 815 100 877 orbi
138 815 318 878 divinitati
347 811 624 878 consubstantiale?
672 813 749 874 ilinc
778 812 857 874 enim
893 813 985 874 ordiri
1018 831 1127 893 operae
1158 816 1288 894 pretium

2 917 114 992 uerit,
142 925 186 980 ut
213 935 297 980 cum
320 917 385 980 eius
408 915 573 978 sententiae
596 913 721 977 ineditas
743 913 839 992 palam
857 915 955 988 luerit,
978 922 1205 994 sequemetera
1220 935 1285 978 ma·

3 1019 83 1080 oris
111 1037 201 1082 esse
228 1017 331 1099 pretii
353 1017 545 1097 conspicuum
568 1016 616 1077 sit
660 1015 695 1076 ln
717 1014 824 1077 divinis
840 1024 921 1078 certe
935 1015 1098 1096 Scripturis
1112 1016 1186 1078 nihil
1201 1035 1285 1079 com-

5 1129 101 1198 paret
125 1119 344 1194 huiusmodi,
365 1137 433 1182 nam
455 1118 538 1199 ipsae
551 1117 646 1180 Deum
668 1115 700 1178 in
720 1117 850 1180 humano
866 1118 960 1180 luisse
974 1135 1101 1197 corpore
1115 1118 1287 1194 adfirmant3

5 1223 68 1284 aed
95 1223 210 1284 etiam
224 1221 348 1296 Patres,
371 1221 420 1301 qui
443 1219 568 1282 Nicaeae
589 1227 800 1292 convenerunt,
823 1237 885 1281 nou
907 1238 1027 1298 corpus,
1050 1219 1104 1281 sed
1122 1219 1220 1300 ipsum
1235 1219 1286 1281 Fi·

7 1323 91 1386 lium
117 1323 288 1385 dixerunt
309 1341 377 1385 esse
399 1321 479 1384 Patri
502 1319 800 1394 consubstantialem,
834 1328 864 1383 et
891 1321 970 1384 huuc
998 1320 1117 1401 uiridem
1146 1341 1183 1383 ex
1210 1320 1285 1384 tub·

7 1425 139 1487 stantia
164 1423 298 1500 Patris,
329 1441 440 1503 corpus
462 1441 534 1484 vero
557 1441 593 1484 ex
614 1421 705 1484 Maria
727 1440 796 1483 esse
818 1440 852 1484 ex
875 1421 1036 1502 Scripturis
1059 1422 1131 1485 item
1152 1423 1285 1486 declara·

9 1535 105 1588 runt.
150 1523 382 1599 'Quamobrem
402 1532 453 1586 aut
473 1524 631 1586 Nicaeuam
652 1522 807 1603 repudiate
828 1523 995 1604 synodum,
1024 1535 1055 1586 et
1079 1531 1183 1604 utpote
1210 1523 1371 1586 bae-usur.

9 1629 113 1690 retici
139 1628 233 1690 haec
257 1626 352 1688 aliem
374 1625 515 1698 inducite,
538 1632 589 1686 aut
610 1624 637 1687 si
659 1623 746 1686 rrrltis
768 1624 889 1687 Patrurn
910 1623 1029 1687 illorum
1051 1625 1117 1686 Filii
1138 1643 1223 1700 esse,
1245 1645 1285 1688 na
1354 1675 1357 1682 .

12 1729 194 1791 diuersam
220 1727 262 1788 ab
284 1745 388 1788 eorum
412 1725 530 1806 scriptis
555 1725 731 1788 senteutiam
754 1725 977 1802 consectemini.
1021 1725 1084 1788 llac
1100 1744 1218 1808 quoque
1233 1747 1284 1789 ra-

12 1830 117 1890 tione
142 1827 231 1888 illud
253 1835 377 1906 quantae
399 1827 440 1889 sit
460 1825 653 1890 absurditatis
676 1827 834 1902 advertite3
857 1827 884 1888 si
899 1827 1027 1890 Verbum
1052 1828 1182 1908 corpori,
1205 1830 1285 1910 quod

19 1949 64 1991 ex
87 1936 184 1991 terra
210 1934 349 1990 naturam
372 1937 454 1990 tenet
475 1947 577 2003 suam,
600 1935 647 1990 est
667 1928 937 2002 consubstantiale,
966 1936 997 1991 et
1016 1928 1134 1992 aliunde
1156 1927 1284 1993 Verbum

18 2030 141 2092 itidem
168 2029 258 2091 iuxta
272 2029 394 2092 Petrum
416 2029 636 2092 contessionem
659 2037 705 2091 est
725 2029 805 2112 Patri
829 2029 1096 2106 consubstantiale;
1118 2030 1184 2110 ipse
1198 2030 1286 2094 Pater

23 2131 164 2212 corpori
191 2149 233 2191 ex
253 2139 333 2193 terra
354 2132 431 2193 lacto
455 2130 718 2193 consubstantialis
741 2132 807 2193 erit
850 2130 963 2210 Ecquid
989 2131 1066 2193 ultra
1087 2132 1214 2196 Arianos
1234 2133 1285 2194 in-

12 2231 219 2305 sectemini,
242 2231 323 2311 quod
345 2232 444 2294 dicant
464 2231 570 2294 Filium
593 2251 660 2294 esse
682 2240 863 2307 creaturam,
886 2250 952 2294 cum
974 2233 1032 2312 ipsi
1054 2233 1171 2296 Patrem
1193 2234 1284 2296 rebus

28 2334 152 2396 creatis
178 2351 254 2395 esse
275 2332 557 2396 consubstantialem
580 2334 746 2406 affirmetis,
769 2342 799 2396 et
819 2333 850 2394 in
872 2333 957 2396 aliam
979 2333 1161 2412 impietatem
1183 2343 1283 2396 uana-

13 2444 152 2497 :euntes
178 2433 304 2509 dicatis,
334 2436 365 2496 in
388 2453 524 2509 caruem,
548 2453 633 2506 ossa,
663 2433 801 2514 capillos,
824 2453 933 2496 nervos
955 2434 1037 2496 etin
1060 2442 1155 2495 totum
1176 2452 1286 2514 corpus

16 2553 232 2596 ,conuersum
261 2553 330 2598 essa
353 2535 483 2598 Verbum
512 2542 542 2598 et
569 2536 729 2616 aprcpria
750 2544 895 2598 mutatum
918 2553 987 2598 esse
1009 2533 1140 2597 natural
1182 2536 1286 2598 Restat

14 2634 142 2706 ·enim,
169 2643 206 2696 ut
227 2643 329 2716 aperte
351 2636 473 2710 dicatis,
495 2637 594 2716 ipsum
618 2645 756 2699 exterra
778 2639 886 2698 lactum
908 2635 1017 2710 luisse3
1045 2654 1081 2696 ex
1103 2644 1180 2698 terra
1202 2636 1283 2698 enim
1327 2647 1332 2656 ’

16 2733 168 2794 ‘ossium
206 2736 357 2816 totiusque
391 2738 527 2818 corporis
557 2744 661 2800 aratura
695 2738 841 2818 originem
869 2737 960 2798 ducit.
1010 2735 1163 2808 Quaenam
1195 2738 1284 2817 igitur

12 2834 119 2896 ·haoc
149 2841 234 2897 tauta
262 2833 425 2912 dementia,
458 2847 492 2900 ut
518 2835 671 2901 vobiscum
700 2839 759 2918 ipsi
787 2833 950 2918 pugnetis?
984 2835 1052 2898 dum
1082 2837 1163 2898 enim
1185 2837 1283 2919 dicitis

37 2934 180 2996 Verbum
205 2939 325 3017 corpori
348 2956 416 2999 esse
437 2939 705 3013 consubstantiale,
733 2939 858 3002 alterum
881 2955 947 2998 cum
969 2936 1062 2998 altero
1084 2938 1215 3000 conferri
1238 2939 1283 3000 si-

40 3035 216 3116 gnificatis,
246 3056 312 3100 cum
340 3056 412 3100 vero
440 3039 472 3102 in
499 3059 618 3103 carnem
647 3046 791 3101 mutatum
814 3055 884 3098 esse
906 3037 1072 3112 affirmatis,
1103 3039 1163 3119 ipsi
1185 3039 1283 3106 Verbo

15 3183 19 3210 ,
43 3136 245 3200 mutationem
268 3138 420 3218 effingitis.
463 3141 573 3222 Ecquis
596 3159 650 3202 ros
673 3139 748 3201 ultra
770 3139 847 3200 ierat
867 3139 941 3200 haec
954 3138 1000 3200 vel
1014 3141 1150 3222 prolerre
1164 3139 1284 3203 amos?

42 3229 208 3299 llaeresim
238 3239 348 3319 quippe
379 3258 498 3302 omnem
519 3240 672 3319 impietate
695 3239 872 3319 superastis.
917 3238 949 3300 Si
978 3240 1058 3302 enim
1085 3241 1215 3308 Verbum
1237 3250 1285 3318 est

45 3338 171 3417 corpori
194 3327 456 3415 consubstantiale,
479 3341 629 3421 superflua
650 3340 740 3402 luerit
752 3340 861 3402 llariae
883 3339 994 3402 mentio
1018 3350 1048 3402 et
1069 3341 1277 3416 ministerium,

13 3461 16 3470 ι
46 3457 114 3500 cum
137 3457 248 3519 corpus
278 3447 347 3502 ante
368 3440 489 3504 Mariam
518 3442 555 3504 ab
569 3429 698 3504 'aeterno
722 3459 790 3502 esse
812 3439 924 3520 possit,
948 3449 986 3502 ut
1013 3450 1062 3504 est
1083 3443 1181 3523 ipsum
1204 3444 1278 3506 Ver-

46 3539 137 3615 bum3
160 3540 187 3601 si
210 3547 319 3615 umen,
341 3550 374 3602 ut
398 3560 452 3603 ans
474 3542 584 3616 dicitis,
606 3541 861 3604 consubstantiale
884 3549 932 3604 est
952 3543 1083 3622 corpori.
1127 3544 1282 3617 Quaenam

48 3640 121 3702 item
142 3641 307 3704 necessitas
330 3643 419 3706 Verbi
440 3645 593 3718 adventus,
618 3652 652 3706 ut
672 3643 719 3705 vel
740 3641 822 3717 illud,
850 3643 930 3722 quod
953 3643 1010 3704 sibi
1032 3643 1283 3707 consubstantiale

52 3749 123 3813 erat,
145 3741 292 3815 indueret,
316 3742 362 3804 vel
384 3751 529 3808 mutatum
553 3765 570 3807 a
591 3746 712 3825 propria
735 3755 838 3808 natura
861 3763 970 3823 corpus
993 3743 1183 3807 efficeretur?
1215 3745 1283 3808 Non

52 3841 130 3902 enim
152 3843 282 3921 seipsam
303 3841 404 3904 licitas
430 3845 565 3918 assumit,
592 3855 626 3905 ut
646 3845 725 3923 quod
747 3835 806 3906 sibi
828 3843 1080 3905 consubstantiale
1101 3852 1148 3905 est
1169 3844 1281 3908 induat.

54 3941 112 4003 Sed
132 3959 228 4020 neque
249 3941 381 4019 peccarit
402 3942 547 4016 Verbum,
571 3944 651 4023 quod
673 3943 798 4006 aliorum
820 3931 939 4023 peccata
961 3944 1105 4017 redemit,
1128 3955 1162 4005 ut
1181 3953 1280 4008 muta·

88 4106 109 4141 a.
128 4091 222 4142 Gobler.
241 4099 265 4141 st
282 4090 389 4141 l'alclm.
407 4093 428 4142 l.
447 4084 471 4142 ai
488 4085 638 4158 epactam
689 4093 717 4146 lu
736 4095 807 4144 editis
825 4086 934 4159 σώματι
953 4085 997 4143 ἔτι
1016 4108 1049 4141 ον
1067 4095 1176 4160 capon.
1213 4097 1280 4156 Quae

56 4155 94 4223 τῷ
110 4151 179 4273 idyp
198 4151 230 4206 ri
249 4155 338 4223 σῶμα.
690 4162 825 4227 sequuntur
842 4171 921 4212 autem
939 4156 971 4209 τὸ
990 4107 1182 4228 disiectique
1200 4180 1211 4214 ι
1231 4165 1279 4214 Ge-

89 4227 106 4275 l.
122 4239 154 4273 κα
182 4225 250 4276 deest
268 4227 292 4275 ia
310 4225 383 4275 llasil.
690 4229 751 4278 laaic
777 4229 878 4280 citantor
903 4231 926 4279 in
946 4229 1009 4281 libro
1027 4231 1057 4281 da
1075 4231 1169 4281 duabus
1187 4231 1279 4282 naturis

90 4307 111 4354 g.
128 4287 155 4342 iat
170 4289 220 4356 rtis
236 4285 290 4358 γάρ
311 4293 381 4343 Gobl.
399 4293 503 4344 Felelm.
522 4293 545 4343 1.
563 4293 638 4356 Seru.
691 4295 727 4362 {p
741 4295 799 4346 673.
819 4296 864 4346 col.
876 4291 923 4362 2.],
941 4298 984 4348 sed
1002 4299 1075 4362 paulo
1094 4300 1195 4349 diverse.

61 4359 177 4435 etlipipb.
211 4360 274 4410 tutu
294 4352 323 4409 br
345 4359 393 4420 rtis
414 4354 469 4430 γὰρ
493 4359 544 4424 γῆς
566 4353 651 4430 πρὸς.
725 4366 740 4414 i.
759 4366 800 4416 Sic
817 4365 916 4426 Segusa.
936 4374 959 4416 et
976 4366 1063 4431 Epipb.
1081 4374 1154 4430 atque
1173 4367 1204 4416 ita
1222 4366 1281 4429 legit

60 4421 151 4502 ιιιιοὺς
174 4417 361 4506 ιζιαμᾶχησθε,
396 4420 546 4494 ὅμοούσιον
571 4421 638 4496 γάρ.
690 4431 806 4482 Nunnius.
840 4433 885 4482 llil
903 4439 927 4483 et
946 4433 1002 4484 editi
1018 4429 1065 4481 atui
1083 4429 1123 4486 τίς
1140 4427 1164 4492 ἦ.

60 4490 146 4544 ibidem
160 4509 213 4563 γαρ
231 4496 302 4548 deest
319 4498 342 4546 ic
361 4496 446 4560 Epiplr.
725 4500 747 4548 lr.
766 4499 800 4549 lta
823 4501 923 4562 Segaer.
940 4501 1030 4563 duplic.
1050 4502 1120 4553 Gcbl.
1140 4501 1244 4550 Felelm.
1257 4501 1279 4547 l.

93 4559 168 4612 uste
189 4564 281 4627 anglie.
298 4564 371 4615 liasil.
390 4565 490 4628 Saguar.
509 4571 533 4614 et
550 4565 639 4631 Epiph.
690 4575 714 4617 et
730 4567 817 4632 Epipb.
853 4567 914 4619 Editi
932 4569 996 4620 male
1013 4567 1147 4634 spanaio«
1163 4559 1248 4638 πρό.ο
1283 4599 1288 4608 .
