3176 5304
221 379 265 444 20
753 385 927 432 rametam.

223 544 364 609 homiliae
383 540 500 622 aliaque
522 539 579 602 suh
607 539 671 602 eius
700 538 823 601 nomine
851 537 971 618 scripta.
1015 535 1136 600 Eusehii
1157 535 1251 600 libros
1274 535 1341 600 illos
1363 555 1462 600 nemo

224 646 331 708 doctus
353 643 459 716 nescit,
482 641 598 704 euamsi
619 659 674 722 per
697 658 730 701 se
753 658 814 702 non
836 639 934 719 magni
957 638 1017 700 sint
1039 636 1198 712 momenti,
1222 646 1319 712 umen
1342 638 1460 702 idcirco

224 745 303 808 haud
318 744 456 822 exiguum
471 741 581 804 habere
602 740 741 820 pretium,
764 739 844 831 quod
866 739 957 802 multa
979 741 1144 818 fragmenta
1159 739 1260 819 operis
1275 739 1460 802 Marcelliani
1569 733 1580 742 ”

224 839 305 929 περὶ
325 843 384 928 τῆς
404 841 464 904 τοῦ
492 838 565 904 olori
594 833 762 924 ὑποταγῆς
791 841 978 915 contineant,
1007 859 1041 902 ex
1070 837 1178 921 quibus
1209 839 1337 902 obscura
1366 849 1461 920 atque

226 956 418 1008 controversa
441 941 576 1023 episcopi
597 943 741 1022 Ancyrani
772 942 919 1003 sententia
948 941 1074 1003 maxime
1096 940 1268 1004 iMustranda
1291 951 1320 1003 et
1341 941 1460 1004 diiudi-

225 1047 318 1110 canda
341 1053 398 1106 est.
443 1043 543 1122 ltaque
565 1043 703 1122 quoniam
718 1043 909 1123 requiruntur
924 1042 960 1104 ab
982 1041 1133 1117 omnibus,
1155 1042 1205 1122 qui
1220 1042 1251 1102 in
1266 1041 1460 1124 disceptanda

118 1175 123 1178 ·
225 1135 353 1209 Marcelli
376 1141 464 1206 causa'
487 1162 542 1205 suc
565 1143 673 1207 iudicio
698 1145 740 1206 uti
763 1144 880 1217 volunt,
908 1143 947 1206 iis
968 1144 1052 1206 locus
1082 1145 1111 1205 in
1133 1141 1314 1206 Bibliotheca
1336 1153 1457 1224 patrum

226 1246 391 1328 dogmatica
412 1245 529 1307 videtur
550 1245 759 1307 concedendus
776 1265 853 1308 esso.
896 1244 956 1308 Sed
971 1253 1129 1307 uttaceam
1153 1243 1296 1306 olintiam
1312 1244 1456 1320 liettber-
1521 1227 1532 1244 ’

226 1349 317 1429 glum,
340 1345 458 1410 scholae
475 1345 718 1410 Clausthaliensis
741 1355 898 1420 rectorem,
921 1345 1132 1418 Marcelliano,
1154 1345 1213 1407 boc
1234 1353 1282 1406 est
1302 1345 1457 1408 eoMectio-

225 1469 293 1511 nem
315 1449 557 1526 fragmentorum,
576 1465 707 1527 qnorum
730 1447 819 1510 modo
843 1447 1023 1508 mentionem
1045 1446 1112 1520 leci,
1132 1445 1293 1526 'Gottingae
1315 1442 1341 1508 a.
1361 1449 1457 1510 1794.

225 1550 373 1621 edidisse,
396 1549 566 1628 nuperrime
588 1549 713 1612 Enselr‘r‘
731 1548 883 1630 Pamphili
903 1559 1012 1611 cantra
1034 1547 1203 1610 Hieroclem
1226 1557 1255 1609 et
1277 1536 1458 1610 Marcellum

226 1651 303 1714 libri
322 1668 412 1731 opera
436 1659 465 1712 et
486 1649 585 1712 studio
608 1650 716 1712 Thom.
740 1649 887 1712 Gaislcrdi
910 1649 1005 1712 Oxou.
1028 1667 1054 1711 a.
1073 1650 1165 1714 1852.
1188 1649 1375 1729 prodierunt,
1398 1666 1456 1710 ne-

228 1771 285 1832 que
307 1752 397 1831 igitur
419 1769 495 1830 opus
518 1759 611 1812 estut
633 1751 730 1812 denuo
753 1751 829 1830 typis
854 1750 1067 1814 exscribantur.
1111 1749 1333 1830 Disputationes
1355 1757 1457 1812 autem

224 1852 340 1931 Didymi
369 1852 406 1913 de
429 1850 569 1924 trinitate,
598 1851 744 1931 siquidem
773 1851 838 1914 eius
868 1859 952 1924 sunt,
982 1851 1093 1912 ariris
1122 1851 1217 1912 doctis
1245 1849 1394 1932 plerisque
1422 1851 1456 1912 in
1521 1881 1531 1890 ·

225 1952 380 2016 tractando
404 1953 461 2014 hoc
483 1953 620 2032 dogmate
647 1971 773 2031 prorsus
803 1952 993 2033 negliguntur
1014 1951 1059 2014 vel
1087 1953 1277 2032 ignorantur:
1306 1951 1388 2014 cuius
1410 1951 1458 2014 rei

226 2071 315 2116 causa
336 2053 437 2114 nescio
460 2063 558 2116 utrum
582 2052 622 2114 sit
637 2052 741 2115 unicae
763 2053 902 2116 editionis
918 2053 1155 2133 Mingarcllianae
1176 2055 1293 2126 raritas,
1316 2071 1351 2116 an
1374 2053 1456 2132 quod

225 2155 326 2245 ipsum
354 2172 430 2234 opus
458 2153 676 2215 infructuosum
704 2163 734 2216 et
761 2155 870 2217 nullius
897 2155 1040 2216 momenti
1069 2173 1136 2216 esse
1162 2153 1258 2216 risum
1288 2155 1336 2216 sit.
1380 2153 1456 2216 llam

225 2255 305 2336 quod
333 2254 474 2334 Didymus
501 2261 626 2334 propter
661 2257 823 2318 sententiaa
852 2251 1047 2336 Origenianas
1076 2273 1093 2316 a
1122 2255 1236 2336 synodo
1269 2250 1455 2339 lrdqpnriup

224 2355 384 2418 lustiniani
407 2355 492 2416 iussu
515 2364 674 2416 convocem
695 2365 834 2436 tanquam
856 2357 1025 2420 haereticus
1048 2357 1203 2420 damnatus
1226 2364 1256 2416 et
1276 2375 1293 2417 a
1315 2356 1453 2430 Martino,

225 2456 366 2538 pontilice
387 2474 524 2530 romano,
548 2455 733 2518 anathemate
755 2457 910 2538 perculsus
933 2467 989 2533 est,
1012 2457 1041 2520 id
1064 2457 1229 2530 neminem,
1252 2457 1351 2532 credo,
1375 2475 1458 2518 nune

226 2558 414 2633 deterruerit,
437 2557 597 2637 quominus
624 2556 718 2618 libros
746 2557 825 2638 legat
845 2567 875 2620 et
896 2560 933 2620 ad
956 2560 1102 2638 dogmatis
1125 2557 1344 2638 expositionem
1366 2557 1454 2619 adhi-

227 2659 311 2733 beat,
347 2658 522 2738 praesertim
559 2675 648 2737 quum
677 2666 797 2722 constet
823 2659 905 2721 illum
934 2668 1020 2722 antea
1048 2677 1182 2738 magnam
1210 2659 1287 2739 apud
1317 2643 1459 2720 doctores

227 2760 370 2823 ecclesiae
398 2757 541 2820 habuisse
565 2759 683 2832 lamam,
711 2777 808 2840 neque
830 2760 868 2822 de
897 2779 1047 2824 consensu
1075 2759 1209 2822 eiusdem
1231 2777 1297 2822 cum
1319 2760 1377 2822 lide
1398 2759 1455 2822 Ni·
1523 2743 1529 2752 ’

226 2879 316 2924 caena
338 2877 409 2923 esse
430 2859 604 2922 dubitatum.
650 2859 804 2940 Utcunque
825 2879 876 2924 res
900 2880 968 2924 sese
990 2861 1088 2936 hahet,
1110 2870 1223 2949 certum
1239 2869 1287 2923 est
1300 2860 1456 2941 llidgmum

227 2961 337 3042 ingenii
359 2959 494 3023 acumine
511 2967 541 3022 et
555 2961 723 3040 disputandi
745 2961 850 3040 peritia
873 2970 961 3042 atque
977 2963 1144 3042 eloquentia
1167 2963 1339 3024 inferiorem
1361 2963 1458 3024 luisse

227 3062 400 3137 Athanasio,
422 3061 545 3135 Basilio,
569 3062 713 3141 Gregorio
736 3069 879 3142 auoque,
902 3071 935 3124 ut
955 3065 982 3124 si
1003 3080 1070 3125 eum
1094 3062 1139 3123 his
1162 3071 1359 3142 comparetur,
1382 3062 1458 3124 nihil

227 3161 385 3224 admodum
414 3161 450 3224 ad
480 3163 683 3242 expoliandam
714 3163 860 3243 dogmatis
894 3163 1049 3226 formulam
1079 3172 1109 3224 et
1136 3163 1297 3224 acuendam
1326 3164 1454 3226 demon-

228 3262 403 3323 strationem
425 3263 560 3324 rideatur
581 3265 756 3326 contulisse.
801 3263 885 3325 Sicut
904 3282 958 3343 per
985 3273 1076 3327 totam
1099 3262 1187 3324 vitam
1217 3281 1367 3326 summum
1388 3273 1455 3328 stu·

226 3361 308 3440 dium
330 3359 434 3440 posuit
454 3359 484 3420 in
507 3361 652 3440 scriptura
675 3383 757 3424 sacra
781 3383 816 3426 ex
837 3363 1022 3444 praescripto
1046 3373 1076 3426 et
1097 3364 1134 3426 ad
1156 3365 1323 3451 exemplum
1346 3366 1455 3445 Orige-

227 3461 275 3522 nis
298 3460 529 3538 interpretanda,
552 3460 623 3523 item
646 3464 681 3525 ad
704 3464 917 3543 profligandam
941 3465 1078 3527 haeresin
1100 3466 1238 3528 Arianam
1260 3482 1295 3528 ac
1314 3467 1455 3528 Macedo-

226 3561 345 3624 nianam
368 3559 397 3621 id
412 3560 570 3642 praecipue
592 3563 659 3642 egit,
683 3573 717 3627 ut
739 3565 904 3644 scripturae
920 3584 1021 3629 sacrae
1043 3567 1222 3630 testimoniis
1238 3586 1327 3648 saepe
1347 3567 1453 3648 copio-

228 3661 291 3724 sius
314 3660 460 3741 erpositis
481 3661 635 3725 veritatem
658 3665 832 3728 catholicam
854 3667 983 3730 muniret
1005 3677 1035 3729 et
1055 3668 1324 3748 argumentationes
1345 3669 1456 3730 haere·-

229 3761 357 3825 ticorum
380 3761 416 3822 ab
440 3763 544 3825 eodem
561 3765 643 3826 lente
659 3766 762 3828 ductas
778 3768 953 3830 conlutaret.
998 3771 1100 3850 ltaque
1115 3770 1145 3830 in
1159 3769 1245 3832 libris
1260 3770 1296 3830 de
1312 3769 1455 3841 trinitate,

226 3881 302 3943 quos
322 3870 394 3944 post
407 3863 558 3927 Athanasii
580 3875 610 3928 et
623 3865 725 3928 basilii
739 3868 778 3930 M.
793 3877 920 3930 mortem
935 3879 1075 3950 provecta
1096 3878 1193 3934 aetate
1213 3879 1315 3933 contra
1330 3869 1455 3932 Lucium

228 3963 310 4038 illum
331 3962 521 4026 Alexandrini
549 3967 727 4030 Arianorum
756 3977 860 4032 coetus
889 3970 1052 4034 antistitem
1083 3972 1244 4052 scripsisse
1271 3971 1457 4052 perhibetur,

225 4063 354 4126 lectores
383 4065 461 4126 sacri
491 4066 601 4129 codicis
634 4069 761 4133 craculis
780 4071 886 4149 'paene
917 4071 1030 4147 obruit,
1063 4071 1163 4134 minus
1184 4090 1256 4132 rere
1287 4069 1455 4134 rationibus

226 4164 398 4244 dogmatum
431 4165 584 4242 subtilius,
619 4188 706 4249 mam
730 4169 766 4232 ab
794 4170 858 4233 aliis
890 4174 998 4236 lactum
1030 4181 1107 4245 erat,
1140 4170 1302 4234 reddendis
1335 4171 1458 4244 adiuvit,

225 4263 358 4327 Laudem
387 4263 573 4345 eloquentiae
600 4270 662 4332 sire
689 4271 813 4350 peritiae
842 4275 990 4335 sermonis
1017 4275 1075 4335 iam
1101 4273 1301 4353 Hieronymus
1330 4273 1456 4353 Didymo

226 4364 390 4445 derogarit,
412 4383 468 4428 uec
489 4368 555 4447 ipse
577 4369 635 4431 sibi
657 4390 722 4433 eam
745 4373 901 4453 arrogavit.
944 4374 997 4436 llle
1023 4375 1055 4436 in
1082 4374 1265 4455 praelatione
1293 4376 1324 4438 iu
1345 4374 1455 4436 librum

226 4465 264 4528 de
286 4464 394 4546 spiritu
421 4475 524 4531 sancto
550 4469 640 4534 latine
668 4473 815 4536 redditum
848 4474 920 4537 dicit
949 4483 1100 4540 auctorem
1121 4481 1297 4558 imperitum
1317 4491 1456 4538 sermone

223 4586 291 4630 eaae
310 4577 340 4628 et
361 4563 411 4642 (al.
433 4569 497 4646 aad>
530 4588 592 4633 non
619 4579 755 4638 eclectio.
798 4575 855 4638 llio
876 4575 908 4637 in
929 4577 989 4642 line
1008 4578 1076 4641 libri
1108 4577 1226 4642 scribit:
1262 4573 1349 4641 Sient
1375 4577 1455 4636 erim
