3176 5304
356 1473 401 1564 S.
432 1469 722 1562 Atfltntstl
756 1467 1156 1561 ARiHlEPlSCOPl

560 1659 787 1732 oxoosmo
813 1659 935 1732 most.

600 1903 906 1914 ——-—,.

552 2109 947 2174 tnuonttto.

226 2299 308 2386 Cum
327 2321 479 2378 incertum
500 2319 541 2378 sit
561 2327 687 2395 ternpus,
710 2331 768 2395 pua
790 2325 959 2396 sequentem
980 2313 1054 2394 fidei
1066 2312 1281 2390 empositionem
1297 2307 1361 2370 edi·
1382 2307 1447 2355 ¹³³⁷·

131 2419 214 2480 derit
238 2417 271 2478 S.
296 2419 497 2488 Athanasius,
529 2437 592 2479 eam
613 2423 736 2498 aptiore
759 2415 822 2478 ioco
845 2435 909 2479 non
928 2425 1074 2495 putamus
1093 2431 1183 2494 posse
1208 2411 1361 2484 collocari,

129 2538 224 2600 quam
252 2523 285 2578 in
312 2521 418 2598 [rante
441 2537 579 2596 operum.
608 2537 684 2600 quae
706 2517 740 2578 S.
762 2517 879 2582 Doctor
901 2518 1051 2578 aduersus
1074 2515 1204 2576 Arianos
1227 2514 1364 2574 conscri-

130 2624 210 2696 psit.
257 2617 336 2677 ilaec
357 2629 459 2678 autem
481 2619 607 2694 duplicis
630 2630 703 2679 sum
724 2623 859 2697 poneris:
881 2623 914 2678 in
937 2617 1007 2678 aliis
1031 2620 1110 2676 enim
1130 2615 1220 2694 fidem
1235 2611 1365 2674 catholi-

141 2735 208 2776 cam
237 2719 385 2776 aduersus
409 2718 553 2776 Arianam
579 2723 757 2795 impietatem
779 2730 902 2780 strenue
921 2727 1099 2798 propugnat
1120 2719 1254 2776 invictus
1281 2710 1369 2771 Verbi

143 2814 306 2891 defensor:
335 2819 369 2875 in
398 2815 467 2876 aiiis
494 2834 565 2876 vero
593 2823 698 2876 varios
724 2825 974 2898 gravissimosque
995 2827 1133 2878 recenset
1156 2831 1262 2880 casus,
1293 2826 1368 2888 quos

138 2920 209 2996 epse
228 2933 288 2994 pro
311 2915 445 2976 eiusdem
465 2915 539 2994 fidei
558 2917 733 2996 defensione
754 2919 875 2978 Arianis
897 2920 1072 2980 auctoribus
1096 2922 1274 2975 constanter
1294 2927 1369 2988 per-

136 3015 232 3087 ratio;
262 3035 297 3077 aa
321 3016 457 3096 proinde
485 3016 571 3078 valde
601 3025 833 3076 consentancum
854 3019 990 3095 uidetur,
1020 3016 1105 3078 iiiam
1127 3014 1214 3092 fidem
1235 3015 1369 3090 primurn

135 3117 260 3196 exponi,
279 3135 342 3196 pro
366 3120 453 3178 cuius
478 3136 569 3178 causa
594 3117 641 3177 itis
662 3119 844 3196 perfunctus
861 3129 904 3178 est
919 3117 1087 3183 laboribus,
1110 3131 1184 3192 qnos
1199 3115 1262 3190 ipse
1276 3127 1368 3172 enar-

134 3229 202 3288 rat,
233 3228 261 3278 et
285 3217 434 3298 pleraque
461 3235 538 3298 quoe
566 3220 707 3296 deinceps
735 3228 906 3296 sequuntur
938 3234 1033 3298 opero
1064 3217 1233 3296 composuit.
1284 3211 1366 3284 Quid

135 3319 207 3379 haec
230 3323 380 3398 expositio
405 3324 571 3389 contineat.
596 3325 661 3398 ipse
685 3320 770 3380 docet
791 3317 917 3380 titulus:
947 3335 1051 3396 nempe
1072 3318 1172 3378 trevis
1193 3325 1238 3376 est
1260 3313 1361 3394 capli-

136 3423 214 3480 cctio
238 3420 310 3498 fidei
331 3419 494 3481 catholicae
515 3421 664 3483 adversus
687 3421 828 3489 drr'anos,
851 3439 941 3501 quom
962 3419 1077 3502 quidem
1100 3417 1259 3478 Facundus
1282 3413 1363 3476 Her-

135 3523 301 3580 miansnsis
325 3519 376 3582 lio.
394 3519 448 3580 xt.
467 3539 530 3600 pro
552 3523 729 3599 defensione
751 3526 846 3582 trium
868 3521 991 3602 capitul.
1009 3541 1032 3582 c.
1049 3524 1100 3610 ζ
1118 3517 1255 3598 spmoott
1267 3533 1363 3595 enpa-
1449 3563 1452 3577 .

135 3625 277 3682 sitionem
299 3621 442 3700 appodiat,
465 3641 541 3702 quoe
561 3623 646 3700 sorte
669 3634 741 3684 tunc
762 3623 824 3700 suit
848 3624 936 3685 ouius
952 3627 1055 3703 operis
1073 3624 1242 3698 inscriptio.
1280 3617 1364 3689 Quin
1482 3637 1489 3644 ·

136 3723 164 3782 is
186 3739 279 3782 verua
301 3725 342 3781 sit
356 3719 388 3782 S.
405 3723 565 3784 Athanasii
584 3726 676 3801 (etus,
699 3723 787 3784 nulla
810 3743 883 3786 sane
904 3735 950 3786 est
974 3723 1133 3784 dubitandi
1146 3724 1246 3788 ratio;
1270 3735 1364 3798 neque

136 3838 236 3900 porro
260 3823 290 3882 id
309 3824 442 3900 probare
462 3824 528 3884 ulto
551 3825 637 3886 modo
662 3842 738 3904 opus
760 3825 873 3902 suerit,
900 3825 1131 3904 si‘puidemipsc
1154 3819 1272 3898 stylus,
1295 3821 1365 3898 ipsa

139 3923 280 3982 doctrina
300 3941 441 4002 mopnum
457 3923 655 3984 Athanasium
677 3929 753 3984 satis
773 3943 832 4003 per
854 3943 886 3985 se
906 3921 1031 3984 indicat.
1076 3919 1137 3981 Nec
1158 3925 1238 3980 enim
1259 3936 1299 3980 em
1319 3936 1364 3990 eo,

137 4023 217 4101 quod
239 4021 285 4082 iric
307 4034 424 4090 tantum
448 4023 610 4084 numanam
634 4023 749 4084 Christi
768 4034 912 4083 naturum
934 4019 1113 4082 dominicum
1135 4019 1285 4080 homiuem
1308 4037 1365 4098 ap-

136 4121 232 4201 pedat
254 4119 287 4181 S.
311 4121 420 4196 Pater,
451 4123 529 4184 donc
551 4128 768 4204 expositionem
792 4127 854 4184 eius
876 4143 938 4186 non
960 4143 1023 4186 esse
1047 4121 1114 4184 licet
1137 4123 1301 4200 suspicari,
1330 4127 1366 4180 ut

138 4223 299 4284 nonnuliis
321 4226 436 4304 pnidem
458 4229 556 4286 vicum
579 4237 640 4288 est:
664 4229 735 4306 puin
754 4228 856 4304 potius
880 4227 956 4287 idem
972 4209 1162 4287 contrarium
1178 4219 1364 4282 validissime

132 4323 259 4404 probat,
284 4341 350 4386 cum
371 4337 485 4390 ueteres
507 4327 627 4408 quidum
649 4330 817 4406 scriptores
840 4326 911 4388 doec
932 4330 1002 4406 ipso
1023 4326 1117 4388 verba
1139 4340 1208 4384 oere
1223 4319 1364 4382 smm-

135 4429 222 4486 nasii
242 4443 305 4486 esse
326 4437 430 4507 aperte
452 4439 612 4498 testentur,
634 4437 670 4490 ut
688 4429 795 4508 paucis
818 4425 939 4506 referre
962 4427 1219 4508 operaepretium
1234 4422 1366 4484 uidetur.

136 4526 271 4607 Rufinus
292 4529 428 4608 opatopio
447 4549 508 4610 pro
533 4532 664 4610 Oripene
685 4533 767 4591 inter
789 4547 884 4610 opero
898 4525 931 4590 S.
947 4527 1129 4606 Hieronymi
1148 4527 1288 4589 editionis
1303 4519 1367 4582 Pa-

173 4631 301 4674 lmmn
312 4641 364 4677 ors.
373 4642 444 4678 noct.
457 4645 505 4677 ιιι.
1148 4627 1159 4676 1
