3236 5286
233 356 295 422 202
628 375 654 419 S.
665 375 820 420 mmm!
833 375 1055 422 nemmem

147 536 223 581 Νι.
233 530 387 606 γυναῖκας
407 523 502 606 ’περί
524 523 591 588 τῶν
610 521 752 609 χρόνων,
783 521 871 590 οὕτω
893 529 1190 594 πυνθανίοθωσαν
1213 526 1345 594 καὶτοῦ
1366 523 1461 613 ἡλίου

233 622 394 706 περὶτοῦ
417 615 679 708 άπαυγάσματος
701 620 802 690 αὐτοῦ
824 626 880 691 καί
901 627 961 711 τῆς
982 629 1090 714 πηγῆς
1112 625 1272 712 περὶτοῦ
1294 627 1330 707 ἐξ
1350 623 1458 714 αὐτῆς,

146 721 289 789 αιιιίνα
315 719 489 806 μάθωσιν,
524 718 577 790 ότι
605 730 660 791 καί
684 749 748 810 περ
777 723 857 792 ὄντα
884 725 1070 813 γεννήματα
1091 728 1197 796 ταῦτά
1219 729 1309 797 ιἐστι
1330 731 1384 795 καί
1406 725 1458 796 ἀεὶ

233 821 293 890 σῦν
316 823 467 904 ἐκείνοις,
498 823 542 904 ἐξ
560 813 606 892 ῶν
628 832 685 892 καί
707 825 800 894 εἰσιν.
846 826 876 894 εί
898 828 935 894 δὲ
956 827 1012 895 καί
1032 827 1074 895 τὸ
1096 829 1197 917 φύσει
1217 834 1271 898 καί
1292 829 1332 897 τὸ
1353 826 1404 898 ἀεὶ
1426 831 1461 897 οἱ

232 927 382 992 τοιοῦτοι
409 934 516 1011 γονεῖς
545 925 657 1008 ἔχουσι
683 926 770 1012 πρὸς
796 927 972 1010 τὰτέκνα,
1007 931 1099 998 διατί
1119 931 1177 999 τὸν
1197 931 1280 1000 θεὸν
1303 931 1462 1000 ἐλάττονα

232 1029 300 1092 τῶν
322 1030 479 1114 ογενητῶν
506 1021 727 1106 ὑπονοοῦντες
754 1023 793 1095 οῦ
823 1031 1052 1118 φανερώτερον
1080 1032 1205 1100 ἑαυτῶν
1226 1032 1284 1120 τὴν
1307 1027 1461 1119 άσέβειαν

233 1125 423 1211 ἐξάγουσιν,·
456 1127 485 1194 εί
507 1128 543 1194 δέ
564 1132 662 1195 τοῦτο
684 1131 745 1213 μέν
767 1126 806 1196 οῦ
828 1132 996 1217 τολμῶσιν
1019 1131 1054 1200 ἐκ
1076 1137 1219 1222 φανεροῦ
1242 1137 1355 1220 λέγειν,
1379 1129 1462 1217 ὃμο-

233 1229 381 1314 λογείται
413 1228 449 1295 δὲ
482 1223 500 1293 ό
529 1227 600 1306 υίὸς
626 1228 672 1316 μὴ
702 1209 828 1309 ἔξωθεν
850 1227 940 1299 ’ἀλλ’
965 1232 1001 1300 έκ
1021 1237 1080 1300 τοῦ
1102 1234 1229 1320 πατρὸς
1251 1230 1336 1302 εἶναι
1358 1235 1462 1321 φύσει

231 1335 389 1417 γέννημα,
422 1323 517 1396 οῦδὲν
551 1331 587 1396 δὲ
616 1325 694 1397 οῦδὲ
714 1330 754 1397 τὸ
777 1331 958 1416 ἐμποδίζον
980 1333 1050 1402 έστί
1072 1333 1232 1402 τὸνθεόν
1254 1330 1304 1414 (οῦ
1326 1332 1389 1421 γάρ
1412 1333 1460 1415 ῶς

233 1429 416 1517 ἅνθρωπος
438 1426 457 1496 ό
477 1431 569 1510 θεός,
593 1426 678 1500 ἀλλὰ
698 1435 752 1499 καί
774 1435 877 1500 πλέον
900 1433 970 1502 ἐστί
985 1438 1044 1502 τοῦ
1058 1433 1160 1522 ἡλίου,
1183 1437 1360 1520 μᾶλλονδὲ
1376 1436 1461 1516 θεός

231 1531 304 1599 ἐστι
324 1535 383 1598 τοῦ
405 1529 527 1618 ἡλίου)·
550 1534 649 1620 δῆλον
673 1529 725 1600 ότι
745 1533 803 1600 καὶ
824 1534 861 1614 έξ
881 1530 981 1603 αῦτσῦ
1003 1539 1058 1604 καί
1079 1531 1133 1604 άεί
1153 1536 1224 1604 έστι
1239 1536 1458 1623 συνυπάρχον
1519 1565 1525 1572 ’

233 1627 252 1698 ό
280 1632 377 1720 λόγος
403 1637 450 1720 τῷ
472 1640 592 1721 πατρί,
625 1628 672 1701 δι’
697 1625 737 1700 οῦ
758 1634 801 1702 τά
823 1635 935 1705 πάντα
956 1631 1032 1704 ὀῦκ
1055 1634 1135 1704 ὄντα
1157 1638 1204 1717 είς
1223 1636 1262 1705 τὸ
1285 1632 1372 1706 εἶναι
1392 1662 1456 1704 πε-

230 1739 366 1822 ποίηκεν
390 1731 408 1802 ό
429 1734 548 1822 πατήρ.
594 1730 646 1801 ότι
666 1737 726 1820 μέν
749 1726 807 1804 οῦν
831 1733 849 1803 ὃ
871 1737 942 1817 υἱὸς
964 1733 1022 1806 οῦκ
1044 1738 1081 1819 έξ
1101 1733 1159 1807 οῦκ
1181 1737 1285 1806 όντων
1307 1733 1376 1806 ἀλλ’
1401 1735 1456 1806 άΐ-

231 1835 304 1916 διός
325 1861 361 1905 τε
382 1840 434 1905 καί
458 1836 492 1904 έν
513 1840 571 1902 τοῦ
594 1836 722 1924 πατρός
743 1837 824 1919 ἔστι,
847 1843 901 1910 καί
925 1835 1007 1910 αῦτό
1021 1841 1061 1907 τὸ
1074 1844 1210 1928 πρᾶγμα
1226 1843 1378 1921 δείκνυσι,
1401 1842 1455 1907 καὶ

229 1933 250 2026 ἦ
274 1937 431 2025 έρῶτησις
453 1938 489 2004 δὲ
510 1940 576 2004 τῶν
597 1938 768 2024 αίρετικῶν
790 1939 893 2027 ’πρὸς
914 1939 992 2022 τοὺς
1012 1947 1129 2028 γονέας
1151 1943 1307 2028 διελέγχει
1328 1942 1385 2031 τὴν
1399 1967 1457 2008 κα-

230 2038 363 2106 κόνοιαν
393 2034 510 2106 αὐτῶν.
556 2039 699 2125 έγνωσαν
732 2040 793 2126 γὰρ
825 2040 865 2107 τό
897 2042 982 2110 κατὰ
1011 2044 1128 2131 φύσιν,
1163 2044 1241 2113 ’καί
1261 2042 1381 2112 λοιπὸν
1402 2044 1456 2110 καί

232 2141 309 2225 περί
331 2142 397 2206 τῶν
417 2139 543 2225 χρόνων
564 2135 785 2228 ᾐσχύνθησαν.

316 2246 366 2309 28.
403 2237 478 2308 Ὅτι
507 2243 544 2308 δέ
573 2237 610 2307 οῦ
639 2243 691 2310 δεῖ
718 2241 776 2330 τὴν
803 2245 862 2308 τοῦ
890 2245 975 2308 θεοῦ
997 2247 1147 2329 γέννησιν
1169 2244 1457 2330 παραβάλλειντῇ

230 2344 297 2406 τῶν
320 2336 512 2426 ἀνθρώπων
534 2341 634 2430 φύσει
654 2346 710 2409 καί
731 2343 875 2428 νομίζειν
895 2348 995 2428 μέρος
1017 2338 1104 2409 εἶναι
1124 2347 1184 2408 τοῦ
1205 2348 1291 2411 θεοῦ
1312 2343 1370 2411 τὸν
1385 2342 1456 2410 υίὸν

231 2437 332 2509 αὐτοῦ
361 2438 382 2530 ἢ
410 2437 496 2522 ὅλως
522 2469 557 2509 τι
578 2442 693 2522 πάθος
715 2451 886 2531 σημαίνειν
907 2443 966 2530 τὴν
986 2449 1151 2531 γέννησιν,
1181 2445 1376 2530 φθάσαντες
1396 2445 1457 2528 μέν

231 2545 369 2630 εἴπομεν
392 2544 519 2624 ἐντοῖς
541 2545 743 2631 ἔμπροσθεν,
766 2549 820 2613 καί
844 2548 899 2613 νῦν
916 2545 952 2612 δὲ
973 2545 1034 2613 ΙΙτά
1048 2540 1131 2611 αῦτά
1146 2569 1263 2632 φαμεν.
1292 2540 1457 2612 σόκ“ίε’στιν

231 2643 277 2728 ῶς
309 2646 492 2738 άνθρωπος
524 2642 542 2713 ὃ
573 2646 664 2727 θεός.
709 2645 891 2732 ἄνθρωποι
918 2650 979 2734 μὲν
1007 2647 1068 2734 γὰρ
1089 2649 1286 2734 παθητικῶς
1306 2647 1454 2731 γεννῶσι,

231 2749 368 2836 ῥευστὴν
391 2749 517 2832 ἔχοντες
537 2749 611 2834 ἰτὴν
634 2748 735 2837 φύσιν
756 2752 812 2815 καί
825 2749 964 2836 χρόνους
978 2746 1193 2832 ἀναμένοντες
1208 2746 1264 2814 διά
1278 2745 1336 2834 τὴν
1351 2739 1457 2813 άσθέ-

231 2875 320 2919 νειαν
342 2854 400 2940 τῆς
423 2850 510 2929 ίδίας
532 2849 672 2938 φύσεως,
697 2849 753 2918 ἐπὶ
777 2851 814 2917 δέ
835 2853 918 2916 θεοῦ
940 2853 1038 2916 τοῦτο
1060 2851 1165 2936 λέγειν
1188 2843 1246 2916 οῦκ
1261 2848 1359 2916 έστιν.
1397 2840 1457 2912 ιοῦ

154 2945 164 2962 “
230 2950 291 3039 γάρ
314 2951 348 3019 ἐκ
368 2955 478 3039 μερῶν
500 2951 708 3037 συγκείμενός
730 2951 829 3031 ἐστιν,
853 2945 1012 3017 ἀλλὰκαὶ
1035 2946 1175 3038 ἀπαθὴς
1197 2945 1243 3017 ῶν
1257 2952 1313 3016 καί
1328 2945 1455 3026 ἁπλοῦς

231 3045 379 3132 άπαθῶς
405 3057 459 3121 καί
488 3047 672 3140 άμερίστως
700 3055 759 3117 τοῦ
784 3052 856 3118 υἱοῦ
877 3051 987 3138 πατήρ
1011 3051 1091 3118 ἐστι.
1136 3053 1191 3117 καί
1212 3049 1331 3116 τούτου
1353 3049 1455 3115 πάλιν

229 3159 313 3238 μέγα
334 3155 505 3241 τεκμήριον
527 3159 581 3222 καί
604 3148 776 3233 ἀπόδειξις
798 3153 920 3221 ἐκτῶν
942 3158 1046 3220 θείιυν
1067 3145 1263 3240 γραφῶν..ὃ
1286 3149 1382 3236 λόγος
1395 3148 1456 3235 γάρ

230 3245 266 3315 1ό
288 3256 346 3318 τοῦ
369 3259 452 3320 θεοῦ
475 3255 547 3334 υἱός
569 3255 658 3322 ἐστιν
681 3251 796 3335 αι’·τοῦ,
825 3253 881 3322 καὶ
903 3249 921 3320 ό
944 3253 1016 3332 υίὸς
1038 3252 1134 3339 λόγος
1156 3250 1227 3319 ἐστὶ
1247 3254 1306 3319 τοῦ
1329 3248 1455 3334 πατρὸς

231 3353 285 3416 καί
308 3358 427 3440 σοφία·
449 3353 573 3440 “·λόγος
596 3355 632 3420 δὲ
653 3358 707 3421 καί
730 3362 836 3440 σοφία
857 3352 934 3420 οῦτε
954 3360 1076 3438 κτίσμα
1091 3351 1167 3421 οῦτε
1179 3357 1279 3438 μέρος
1293 3349 1364 3418 ἐστὶ
1377 3347 1453 3414 τοῦ·

230 3473 299 3533 του,
324 3443 363 3519 οῦ
383 3455 437 3518 καί
461 3452 533 3518 ἔστι
554 3452 659 3539 λόγος,
683 3451 760 3519 οῦτε
780 3451 864 3518 κατά
885 3451 1002 3531 πάθος
1018 3452 1089 3520 ἐστὶ
1100 3459 1258 3542 γέννημα·
1281 3446 1453 3538 ἀμφότερα

230 3556 308 3638 γοῦν
329 3548 349 3642 ἦ
371 3550 480 3639 γραφὴ
504 3550 718 3618 συνάπτουσα
732 3549 804 3618 υίὸν
825 3553 905 3636 Ιμὲν
921 3553 1051 3641 ἔφησεν,
1068 3553 1125 3620 ἵνα
1139 3553 1178 3620 τὸ
1194 3552 1294 3641 φύσει
1307 3551 1361 3618 καὶ
1377 3545 1458 3637 ἄλη·

230 3652 329 3723 θινὸν
350 3656 408 3741 τῆς
430 3646 546 3736 οῦοίας
566 3655 708 3737 γέννημα
730 3647 985 3740 εὐαγγελίσηται,
1007 3653 1064 3718 ἵνα
1085 3653 1122 3719 δέ
1142 3652 1188 3738 μή
1209 3679 1262 3734 τις
1281 3648 1458 3738 άνθρῶπιε

265 3858 286 3895 ι.
315 3845 370 3908 Βες.
394 3854 418 3897 ει
435 3845 539 3896 Felckm.
558 3843 582 3893 5.
606 3833 668 3906 περὶ
685 3835 735 3888 τόν
747 3831 817 3907 γρῦ·
903 3855 924 3890 c.
942 3839 983 3890 Sic
1001 3839 1100 3902 Seguer.
1119 3841 1208 3904 ειΒες.
1241 3836 1456 3906 Εδὶιίγεννητῶν.

228 3925 287 3960 νον.
325 3911 384 3962 Ιίιίδ.
398 3915 497 3977 Sequor.
517 3905 757 3961 πυνθανίσθωσαν
772 3902 818 3958 καὶ
869 3905 921 3958 Mox
939 3907 1042 3958 ῦιΙελω.
1054 3907 1078 3958 2.
1097 3917 1121 3958 ει
1137 3909 1194 3959 editi
1211 3901 1304 3958 αῦτῶν
1329 3903 1380 3968 τὴν
1397 3899 1457 3956 άσέ-

230 3977 279 4028 τσῦ
312 3971 387 4040 ἡλίου
415 3975 478 4047 περὶ
508 3979 558 4029 τοῦ
592 3969 721 4044 άπυυγάσ
744 3991 816 4032 moe.
868 3977 952 4041 βειαν.
978 3976 1056 4028 Celeri
1073 3969 1309 4054 mssssoevrdw'w
1324 3967 1457 4039 ρἰσίβειαν.

229 4046 369 4098 numerian.
394 4057 417 4098 ει
436 4049 539 4098 ΡιΙεΙιω.
557 4049 578 4099 1.
602 4047 712 4096 πυνθαν
726 4059 819 4096 τωσαν
869 4046 929 4096 lhid.
948 4047 1046 4107 Soeguer.
1065 4039 1244 4109 διεξαγονσιν.

228 4109 275 4163 καλ
289 4113 339 4164 τοῦ
358 4107 434 4175 ἡλίου
450 4109 505 4182 πρὸ
522 4113 572 4163 τοῦ
590 4107 814 4181 άπαυγόσματος.
903 4116 925 4164 δ.
945 4113 984 4163 Sic
994 4113 1163 4170 Sennerianus,
1174 4114 1271 4165 Goblei.
1282 4119 1307 4162 εί
1320 4111 1425 4162 Felckm.
1436 4109 1457 4158 1.

227 4181 290 4233 Edni
310 4191 333 4232 ει
350 4183 391 4232 alni
408 4179 596 4232 τιθέσθωσαν
618 4177 664 4230 καί
689 4177 818 4252 περὶτοῦ
868 4181 930 4231 editi
949 4196 1003 4231 ιεισ
1022 4173 1089 4228 ἀλλά
1105 4177 1154 4227 τοῦ
1171 4174 1283 4246 πατρός.
1319 4179 1459 4254 ΡειυΙσηοεῑ

229 4241 305 4310 ἡλίου
332 4244 379 4298 καὶ
408 4247 457 4298 τοῦ
492 4239 716 4314 ἀπαφίσμιιιι.
760 4251 819 4300 nem
870 4249 969 4308 sepner.
988 4248 1084 4298 σουιι.
1103 4255 1127 4296 ει
1137 4247 1239 4298 renum.
1252 4249 1273 4297 1.
1292 4238 1360 4293 ειμι
1376 4239 1460 4291 πλέον

230 4319 287 4367 ibid.
306 4317 405 4380 θεροετ.
430 4325 452 4366 ει
471 4317 568 4367 Gobler.
594 4308 640 4363 καὶ
662 4313 711 4373 τῆς
732 4314 821 4380 πηγῆς
870 4307 936 4364 ίστί.
966 4315 1025 4364 lbid.
1044 4317 1143 4374 semer.
1162 4323 1185 4364 ει
1203 4316 1259 4378 Ιὶερ.
1277 4301 1457 4380 μᾶλλονδὲό

229 4379 293 4464 περὶ
316 4382 372 4436 τοῦ.
415 4385 477 4435 Εδίιί
509 4377 555 4432 καὶ
581 4380 629 4442 τῆς
658 4380 747 4447 πηγῆς
774 4377 820 4430 ταί
869 4375 941 4433 θεός.
964 4381 1038 4459 ⁸Edit}
1055 4375 1159 4448 μᾶλλον
1176 4375 1324 4462 δὲιθεδτη.
1386 4443 1391 4454 Ι

229 4465 291 4571 περίτι
306 4467 463 4582 ἑῦτυθιςοεε.
498 4520 527 4570 λι
545 4517 585 4569 ulii
603 4524 628 4568 ιλ
645 4515 702 4566 editi
714 4506 757 4571 ῦεί
768 4510 820 4564 σόν
871 4465 926 4564 ‹n’uet¹
937 4449 1102 4568 gisam}
1113 4452 1216 4568 Ὲῦόεῦόῦ.
1228 4455 1253 4565 e2t
1268 4445 1458 4563 ῦῦιιῦδῦιῦῦῦῦῃῦ

229 4583 341 4643 ἐκείνου·
357 4580 441 4640 ίστίν.
869 4577 922 4650 μίν
939 4567 988 4632 οῦν
1004 4575 1069 4637 υἱός.
1104 4585 1148 4635 Alii
1168 4599 1226 4635 mss.
1244 4572 1288 4632 ότι
1304 4573 1357 4648 μὲν
1373 4562 1457 4628 ιῦνδ
