3226 5280
450 357 594 402 nntsrotu
609 358 646 400 It!
661 356 805 402 Mllllfl‘l'lss
819 357 963 401 nimenta
978 357 1094 402 mom.
1345 340 1386 404 79

141 503 212 566 aliud
239 515 329 568 certe
360 525 381 567 a
414 505 509 568 rebus
539 507 622 568 laetis
650 515 679 567 et
705 506 741 568 ab
763 505 900 570 omnibus
923 525 991 570 esse
1013 506 1169 570 dicendum
1192 517 1247 570 est.
1292 507 1469 570 Cuiusrnas.

139 603 210 668 enim
234 615 286 668 est
312 606 439 687 imago,
462 608 528 668 eius
550 615 580 670 et
601 604 809 688 proprietatem
832 619 862 670 et
884 607 1107 670 similitudinem
1128 607 1226 682 babet,
1242 607 1327 670 ‘adeo
1351 616 1384 670 ut

137 706 180 785 qui
201 707 334 770 Patrem
360 709 559 770 non-laetum
582 717 611 770 et
632 709 865 788 omnipotentem
888 709 1029 788 appellat,
1064 707 1090 770 is
1113 709 1143 769 in
1166 710 1331 770 non-laeto
1354 719 1384 771 et

135 807 357 887 omnipotente
381 810 477 872 buius
499 809 626 872 Verbum
648 819 678 870 et
699 810 885 888 sapientiam,
907 828 981 888 qtrae
1004 809 1068 888 ipse
1091 815 1139 868 est
1152 805 1254 880 Filius,
1276 809 1384 870 iutelli-

18 910 20 913 ’
134 917 187 986 pat.
234 911 364 972 Verum
390 911 503 990 egregii
526 911 567 972 illi
588 918 675 989 atque
698 910 734 971 ad
758 909 938 988 impietatem
960 908 1107 988 proclives
1122 907 1258 970 bomines
1280 927 1388 972 nomen

132 1011 289 1072 non-lacti
317 1012 551 1090 excogitavere,
574 1029 635 1073 non
657 1019 691 1072 nt
712 1009 806 1071 [lenm
826 1010 1023 1084 honorarent,
1047 1010 1099 1072 sed
1123 1020 1156 1073 ut
1177 1007 1295 1088 signnm
1318 1027 1389 1072 suae

27 1129 30 1134 ’
133 1129 199 1189 erga
224 1111 436 1174 Salvatorem
458 1111 680 1174 malevolentiae
703 1110 888 1172 exhiberent.
933 1109 963 1170 Si
987 1111 1063 1172 enirn
1086 1111 1139 1172 [lei
1163 1111 1262 1172 bonor
1283 1119 1313 1172 et
1335 1129 1388 1173 re·

11 1270 12 1280 ,
131 1213 249 1274 nemun
275 1213 348 1274 illis
375 1231 465 1274 curae
487 1213 610 1286 luisset,
643 1213 737 1276 satius
760 1231 832 1274 sane
854 1219 917 1273 erat
937 1211 1180 1292 praestabatque,
1205 1211 1271 1274 illos
1293 1211 1389 1276 Deum

130 1311 254 1374 Patrem
287 1312 465 1392 agnoscere
500 1323 530 1376 et
556 1315 670 1386 dicere,
705 1331 792 1392 quam
825 1331 892 1375 enm
920 1305 1090 1375 huiusmodi
1119 1313 1239 1376 nomine
1269 1331 1387 1376 vocare.

133 1411 206 1474 Cum
231 1416 329 1476 enim
356 1414 402 1476 illi
424 1415 518 1476 [lenm
539 1417 739 1476 non-laetum
761 1413 923 1494 appellant,
951 1413 1033 1476 illum
1055 1433 1091 1474 ex
1113 1413 1202 1475 rebus
1225 1415 1326 1486 lactis,
1356 1423 1387 1477 ot

132 1523 226 1593 sopra
251 1515 348 1591 dixi,
379 1517 548 1590 effectorem
578 1524 692 1578 tanum
713 1515 836 1590 dieunt„
859 1523 890 1576 ut
917 1513 1029 1577 scilicet
1052 1514 1176 1577 Verbum
1199 1533 1318 1595 quoque
1339 1517 1385 1576 la-

133 1621 217 1678 etum
243 1635 330 1678 esse
357 1615 533 1695 significent,
555 1616 635 1696 quod
657 1615 776 1695 quidem
798 1615 955 1696 plurimum
977 1615 1052 1696 ipsis
1074 1615 1196 1680 arridet.
1240 1616 1298 1690 Qut
1314 1635 1385 1678 vero

133 1713 234 1778 ileum
260 1719 396 1780 Patrem
417 1718 561 1790 nominat,
586 1716 687 1780 statim
709 1717 740 1780 in
761 1717 812 1777 illo
834 1716 937 1780 Filium
957 1735 1076 1797 qnoque
1096 1717 1233 1794 intelligit
1252 1735 1308 1778 nec
1329 1717 1386 1780 du-

134 1815 236 1878 bitare
262 1826 393 1898 potest,
416 1818 487 1897 quin
510 1817 536 1880 si
557 1817 649 1879 Filius
672 1817 788 1891 existat,
815 1837 864 1880 res
885 1821 977 1880 laetae
999 1837 1103 1882 omues
1125 1836 1181 1898 per
1202 1816 1310 1878 Filium
1330 1817 1389 1878 sint

136 1926 277 1980 mentae.

231 2021 297 2082 31.
343 2018 445 2098 ltaque
465 2019 572 2082 melius
594 2019 729 2081 seriusve
751 2019 849 2093 luerit,
872 2018 966 2080 Deum
988 2037 1023 2080 ex
1044 2017 1118 2080 Filio
1141 2017 1307 2098 significare
1331 2015 1410 2092 tu„

139 2127 299 2199 nemque
320 2119 431 2195 dicere,
460 2139 547 2200 qnam
575 2140 642 2183 eum
671 2140 706 2182 ex
736 2121 810 2184 solis
841 2119 981 2198 operibus
1009 2119 1209 2182 non-lactum
1230 2118 1386 2199 appellare.

139 2217 225 2281 Nam
252 2220 291 2282 id
312 2219 428 2300 quidem
450 2239 558 2284 nomen
581 2241 671 2303 opera
694 2241 730 2284 ex
751 2223 805 2284 llei
829 2221 979 2284 voluntate
1007 2240 1061 2301 per
1084 2220 1211 2284 Verbum
1243 2221 1316 2282 lacta
1338 2219 1386 2281 in·

141 2319 254 2395 dicat,
288 2321 381 2383 Patris
408 2329 506 2385 antem
537 2341 647 2386 nomen
670 2325 825 2403 proprium
849 2341 884 2384 ex
907 2321 971 2386 eins
994 2322 1158 2384 substantia
1180 2323 1271 2382 letum
1293 2321 1385 2400 signi-

144 2421 237 2482 ficat.
287 2422 433 2495 Quantum
464 2435 562 2484 autem
595 2432 643 2486 cst
674 2423 854 2487 discriminis
885 2425 1015 2486 Verbum
1044 2423 1122 2486 inter
1150 2430 1181 2484 et
1207 2441 1257 2484 res
1286 2423 1385 2492 lactas,

146 2528 282 2582 tantum
302 2523 477 2600 etamplius
500 2523 599 2583 dillert
611 2523 705 2584 Deum
718 2525 834 2588 Patrem
856 2525 953 2588 dicere
976 2535 1006 2588 et
1027 2523 1215 2586 non-tactum
1230 2522 1386 2602 appellare.

152 2619 235 2678 Hoc
259 2621 334 2680 enim
355 2639 465 2682 nomen
486 2621 518 2680 in
532 2621 692 2700 Scriptnris
705 2642 765 2684 non
787 2633 881 2688 exstat
901 2633 1131 2705 suspectumque
1153 2631 1210 2698 est,
1231 2621 1390 2683 novariam

163 2715 267 2775 habet
292 2718 541 2795 significationem.
589 2721 626 2780 bt
652 2722 774 2801 simplex
800 2733 847 2785 est
877 2726 955 2787 aliud
984 2743 1110 2794 nomen,
1143 2721 1329 2798 habeturque
1361 2719 1392 2780 in

166 2813 358 2894 Scripturis,
389 2837 423 2878 ac
450 2817 560 2880 veritati
588 2804 684 2897 magis
712 2831 758 2883 est
785 2833 1032 2898 consentaneum,
1065 2841 1160 2901 eoque
1188 2819 1273 2880 solus
1302 2817 1393 2878 Vlline

162 2913 364 2995 significatur.
408 2917 561 2978 Praeterea
584 2935 693 2980 nomen
714 2922 872 2983 non-lacti
893 2941 909 2984 a
931 2923 1093 2996 Gentibus,
1125 2920 1177 2998 qui
1198 2917 1305 2980 Filium
1334 2935 1393 2978 uon
1403 2933 1476 2978 rear.

162 3025 370 3096 cognoscunt,
400 3017 639 3092 insentumes13
671 3028 702 3080 at
722 3020 820 3080 Patris
848 3039 955 3084 nomen
981 3023 1018 3083 ab
1046 3023 1112 3098 ipso
1133 3019 1262 3080 Domino
1290 3025 1394 3080 nostm

161 3119 324 3200 probatum
348 3127 377 3180 et
400 3119 501 3180 datum
524 3128 579 3182 est
623 3119 692 3199 lpse
714 3119 810 3194 enim,
832 3121 882 3199 qui
904 3131 983 3182 certe
1006 3121 1090 3184 cuins
1112 3119 1189 3182 tilius
1212 3125 1304 3194 esset,
1333 3137 1392 3182 non

163 3219 328 3294 nesciebat,
350 3220 406 3282 ait:
428 3219 492 3300 Epo
516 3225 548 3282 in
570 3220 681 3294 Patre,
706 3231 735 3284 et
758 3219 853 3282 Pater
874 3226 905 3284 aia
926 3241 972 3284 me
993 3231 1054 3294 est,
1083 3229 1126 3282 et:
1159 3220 1223 3294 Qui
1240 3222 1319 3284 uidet
1339 3239 1384 3284 eto

164 3323 247 3384 videt
268 3332 296 3383 et
317 3321 449 3392 Patrne,
472 3329 515 3382 et:
538 3322 601 3402 Bpo
624 3329 653 3384 et
674 3321 771 3383 Pater
792 3341 886 3384 unum
907 3341 1024 3384 somus.
1065 3322 1150 3384 Nullo
1167 3333 1262 3384 anum
1279 3321 1308 3382 in
1323 3321 1389 3385 loeo

164 3420 286 3484 Patrem
306 3421 371 3500 ipse
394 3421 592 3484 non-lacuum
620 3429 715 3484 vocat.
761 3423 841 3496 Quin
871 3423 958 3485 etlam
987 3442 1053 3486 nrm
1080 3442 1136 3485 uos
1166 3441 1252 3486 orare
1280 3421 1390 3493 docuit,

164 3539 227 3582 nou
249 3521 335 3583 dixit:
358 3521 432 3582 Cum
456 3523 563 3594 oratis,
586 3521 688 3584 dicite:
711 3521 789 3586 Deus
811 3525 983 3598 non-lacte,
1007 3523 1059 3586 sed
1080 3525 1198 3604 potins:
1223 3523 1297 3584 Cum
1320 3539 1390 3584 ora·

163 3621 279 3694 veritis,
301 3621 402 3684 dicite:
430 3623 524 3686 Peter
550 3635 658 3688 noster
685 3629 738 3706 qni
762 3643 793 3686 es
821 3629 853 3686 ia
880 3625 979 3689 coelii.
1024 3625 1151 3686 Nostrae
1181 3641 1300 3704 qnoque
1323 3621 1392 3684 fidei

167 3735 254 3801 caput
276 3722 380 3784 eodem
401 3723 493 3787 voluit
513 3733 657 3805 spectare.
701 3723 762 3786 Nec
789 3727 867 3788 enim
895 3746 951 3788 nos
981 3726 1014 3789 in
1035 3725 1158 3786 nomine
1179 3722 1340 3784 non-lacti
1363 3730 1393 3783 et

166 3823 236 3884 lacti
258 3823 303 3884 rel
324 3823 354 3885 in
376 3824 496 3886 nomine
517 3827 688 3888 non-creati
711 3835 741 3892 et
757 3826 848 3886 creati
863 3824 1006 3904 baptizari
1020 3825 1120 3894 iussit,
1144 3824 1196 3884 sed
1218 3823 1248 3884 in
1271 3823 1391 3884 nomine

167 3921 264 3984 Patris
287 3932 317 3984 et
336 3923 403 3984 Filii
436 3932 467 3984 et
488 3923 617 4002 Spiritus
639 3924 742 3985 sancti.
786 3925 829 3984 lta
852 3924 929 3984 enim
953 3941 1011 3983 nos
1034 3923 1139 3986 initiati
1162 3941 1228 3985 rere
1250 3923 1393 3985 efficimur

166 4023 221 4084 filii
242 4023 307 4097 llei,
329 4032 359 4086 et
379 4022 475 4084 Patris
496 4042 606 4084 nomen
628 4022 859 4103 pronunciantes
882 4041 918 4084 ox
938 4023 998 4084 hoo
1018 4023 1138 4086 nomine
1155 4023 1291 4097 Verbum,
1314 4021 1393 4101 quod

168 4122 198 4184 in
221 4121 308 4185 Patre
329 4131 390 4196 est,
418 4122 636 4204 cognoscimus.
680 4123 765 4184 Licet
793 4141 883 4203 porro
910 4123 1064 4204 proprium
1094 4124 1140 4186 sni
1163 4124 1257 4204 ipsius
1279 4131 1393 4203 patrem

167 4222 308 4303 appellari
331 4223 486 4298 concedat,
514 4241 576 4284 non
605 4233 703 4286 tamen
724 4223 834 4288 idcirco
857 4242 913 4287 nos
935 4243 1002 4288 ctam
1023 4225 1097 4288 Filio
1120 4225 1282 4288 seeundum
1304 4232 1393 4284 natu-

201 4423 222 4456 ι.
241 4383 283 4457 sic
306 4408 363 4470 neg.
400 4409 445 4458 utta
473 4415 550 4459 autem
578 4418 602 4462 n
628 4411 684 4462 tatu
713 4411 754 4476 ro
840 4425 861 4459 c.
881 4409 921 4460 stc
937 4408 994 4472 neg.
1029 4410 1074 4459 trit
1093 4418 1171 4458 nutem
1190 4416 1213 4457 a
1232 4407 1288 4457 eata
1307 4397 1368 4455 ἐκεῖ.

168 4476 290 4551 omittam.
840 4477 864 4526 d.
882 4475 923 4526 Sic
940 4477 998 4540 lleg.
1033 4478 1062 4526 st
1079 4477 1119 4526 alil
1138 4483 1161 4526 et
1179 4475 1236 4526 editi
1253 4467 1318 4526 asts
1335 4464 1396 4538 tyt-

201 4543 225 4591 b.
243 4557 258 4601 n
277 4541 383 4592 deletum
402 4543 479 4592 estin
498 4543 571 4605 llesslo
590 4545 679 4595 codice.
805 4555 879 4603 vete.
