3226 5280
445 349 587 392 srrsrom
604 349 641 392 us
656 349 799 392 naorarrs
814 351 958 394 merenas
974 351 1092 394 smour.
1341 337 1382 400 lb

157 496 261 559 ambitu
295 497 462 560 diminutus
496 507 554 572 est,
589 499 641 560 scd
673 501 772 580 potius
802 521 910 582 corpus
940 501 1071 564 divinum
1099 511 1128 563 et
1149 503 1315 565 immortale
1338 511 1467 564 esteaan

157 598 314 662 redditum.

236 808 290 866 15.
338 803 374 863 Et
402 802 476 863 baec
502 803 619 882 quidem
648 803 722 864 satis
751 823 819 864 esse
848 804 986 864 ridentur
1014 803 1050 864 ad
1072 803 1208 862 brionam
1237 803 1380 866 baeresim

151 905 416 983 proscribendamz
439 903 584 982 siquidem
606 904 725 965 illorum
747 903 930 982 impietatem
952 921 987 963 ex
1009 903 1143 982 ipsorum
1168 903 1274 971 verbis,
1298 913 1382 982 prout

151 1007 240 1068 uobis
270 1005 470 1085 suppeditavit
492 1003 652 1076 Dominus,
683 1003 840 1064 manifeste
869 1005 1063 1066 ostendimus.
1109 1005 1216 1068 lerum
1247 1023 1300 1082 age
1327 1005 1381 1066 iam

19 1155 47 1183 „
149 1126 205 1168 nos
235 1125 359 1187 quoque
384 1123 585 1186 proponamus
615 1124 650 1166 ac
677 1123 857 1183 responsum
891 1105 926 1166 ab
963 1106 1021 1167 illis
1058 1105 1189 1168 vicissim
1224 1107 1383 1184 exlgamos.

149 1210 224 1272 Cum
250 1209 331 1270 enim
353 1207 412 1287 ipsi
433 1209 464 1269 iu
486 1206 618 1288 propriis
641 1206 783 1267 haereant
805 1207 1003 1286 argumentis,
1034 1225 1105 1268 sene
1127 1217 1246 1286 tempus
1271 1215 1332 1279 est,
1355 1215 1384 1268 ut

148 1331 164 1370 a
193 1310 289 1372 nobis
318 1295 556 1389 interrogentur3
585 1309 662 1369 sorte
690 1325 798 1387 nempe
827 1308 885 1368 boc
906 1319 992 1387 pacto
1015 1309 1145 1369 Futurum
1169 1317 1228 1382 est,
1259 1316 1292 1369 ut
1314 1325 1383 1370 eru·

148 1413 278 1476 besuam
299 1431 333 1473 ac
353 1411 543 1492 perspiciant,
566 1409 645 1470 unde
669 1409 749 1471 stulti
772 1408 832 1470 sint
854 1409 978 1488 delapsi.
1022 1409 1129 1498 Filium
1150 1409 1213 1482 llei,
1237 1419 1269 1471 ut
1290 1429 1382 1491 supe-

149 1516 215 1577 rius
247 1513 393 1586 diurnus,
423 1531 458 1573 ex
487 1511 595 1572 divinis
618 1511 778 1591 Scripturis
808 1511 964 1572 didicimus
993 1510 1091 1591 ipsum
1113 1531 1182 1574 esse
1204 1511 1330 1574 Verbum
1353 1521 1381 1574 et

148 1617 335 1696 Sapientiam
357 1615 472 1688 Patris3
505 1631 573 1674 nam
603 1613 676 1675 baec
709 1623 779 1673 sunt
806 1613 923 1692 quidem
944 1613 1081 1692 Apostoli
1104 1610 1207 1675 r'erba:
1244 1613 1382 1678 Christus

149 1717 212 1779 Dei
233 1721 334 1778 uirtus
357 1725 385 1778 et
399 1715 459 1777 Dei
478 1719 638 1794 sapientia.
668 1714 794 1774 loannes
815 1731 886 1776 vero
908 1725 1065 1794 postquam
1090 1715 1232 1776 dixisset:
1255 1715 1292 1776 lle
1311 1715 1381 1777 Ver-

151 1821 224 1882 bum
248 1835 320 1880 curo
342 1819 460 1896 suctum
483 1827 541 1886 eat,
575 1833 645 1875 mox
674 1814 820 1876 subdidit:
848 1815 888 1879 Bt
911 1819 1037 1878 eidrinna
1059 1816 1191 1894 glon’om
1214 1819 1291 1884 arba,
1319 1817 1466 1894 glo-emi.

151 1927 234 1983 riona
259 1922 350 2002 panai
374 1920 525 1998 unigeniti
550 1935 569 1977 u
591 1915 698 1986 Patre,
725 1915 852 1996 plenum
878 1921 995 1994 gratioe
1024 1927 1052 1978 et
1074 1922 1222 1980 veritatis.
1270 1915 1387 1976 Scilicet

152 2039 222 2082 mm
243 2020 372 2082 Verbum
407 2019 446 2080 sit
478 2018 649 2098 unigenitus
672 2015 781 2090 Filius,
815 2016 845 2076 in
874 2017 932 2078 boo
960 2017 1056 2078 Verbo
1086 2027 1115 2077 et
1136 2019 1285 2097 Sapientia
1319 2017 1386 2080 lacti

154 2129 228 2184 suut
249 2123 322 2184 caeli
345 2130 374 2183 et
395 2132 474 2183 terra
496 2140 530 2184 ac
552 2119 666 2194 omnia,
691 2137 766 2199 quae
789 2118 820 2179 in
843 2118 886 2178 eis
910 2129 988 2186 sunt.
1033 2119 1128 2181 Huius
1150 2138 1241 2199 porro
1264 2119 1383 2200 sapien-

151 2223 211 2286 tiae
240 2225 352 2286 lontem
375 2243 443 2286 esse
464 2223 574 2296 Deum,
607 2241 665 2283 uos
694 2222 783 2282 docet
804 2219 937 2294 llarucb,
967 2221 1018 2283 ubi
1045 2222 1181 2284 videlicet
1201 2222 1385 2302 redarguitur

155 2326 247 2388 lsrael
268 2327 381 2406 fontem
403 2328 571 2406 sapienn'ne
593 2324 802 2406 dereliquisse.
849 2323 880 2383 Si
904 2323 994 2401 igitur
1016 2343 1060 2398 ea,
1083 2342 1160 2404 quae
1181 2325 1289 2403 scripta
1305 2331 1383 2396 sunt,

155 2445 264 2506 negare
284 2427 448 2502 voluerint3
470 2427 604 2506 prolecto
627 2426 769 2498 nominis,
793 2443 854 2506 quo
877 2425 1090 2505 insigniuntur,
1113 2425 1224 2504 indigui
1247 2433 1276 2486 ct
1298 2423 1383 2486 alieni

155 2529 245 2602 liunt,
275 2529 456 2607 proprieque
484 2527 520 2587 ab
550 2526 686 2586 omnibus
713 2528 838 2588 vocandi
867 2537 938 2590 sunl
965 2528 1049 2606 impii
1079 2535 1109 2588 et
1131 2527 1238 2589 Christi
1268 2525 1384 2596 hostes,

158 2629 268 2704 qarippc
296 2627 348 2704 qui
368 2628 408 2686 ita
432 2645 464 2686 se
486 2626 544 2703 ipsi
564 2625 788 2689 nominaverint.
834 2628 885 2690 Sin
911 2639 1011 2690 autern
1033 2629 1124 2690 verba
1147 2629 1318 2708 Scripturas
1341 2626 1386 2685 al-

163 2727 235 2784 llatu
256 2726 354 2784 divino
377 2725 487 2801 scripta
510 2743 578 2784 esse
599 2725 752 2787 nobiscum
774 2731 980 2804 consentiunt,
1000 2731 1100 2810 palam
1124 2730 1262 2790 audacter
1284 2726 1388 2805 prole·

163 2829 243 2896 rant,
266 2824 345 2901 quod
367 2823 465 2884 abdite
488 2823 628 2896 scabunt,
648 2843 754 2904 nempe
775 2827 870 2888 Deum
893 2829 1047 2908 aliquando
1070 2830 1197 2892 rationis
1221 2837 1250 2889 et
1269 2825 1389 2904 sapien-

161 2927 221 2988 tiae
244 2925 339 2986 luisse
362 2931 531 3004 expertem,
555 2926 742 3003 furentesque
771 2927 883 2988 dicant:
915 2930 1009 3002 „Fuit
1042 2929 1298 3028 aliquando·cum
1330 2943 1391 2986 nou

156 3035 281 3102 „esset
304 3045 361 3087 nec
381 3025 440 3087 luit
455 3024 591 3086 Christus
614 3026 786 3105 priusquam
804 3037 848 3088 est
861 3029 1012 3108 genitus.“
1048 3029 1223 3089 Praedicent
1237 3028 1306 3088 item
1322 3027 1389 3087 lon-

155 3139 215 3190 tem
237 3147 298 3190 non
323 3148 358 3190 ex
382 3128 487 3208 seipso
510 3128 686 3208 sapientiam
709 3128 858 3207 genuisse,
882 3129 936 3190 sed
959 3129 1142 3190 extrinsecus
1162 3149 1224 3192 eam
1239 3129 1385 3202 babuisse,

156 3241 188 3292 ut
217 3239 246 3292 et
274 3229 372 3292 dicere
402 3230 545 3301 audeant:
577 3229 642 3304 „Ex
670 3230 763 3292 nihilo
788 3233 883 3293 lactus
907 3239 954 3292 est
974 3231 1099 3292 Filius.“
1140 3231 1203 3294 Hoc
1225 3233 1301 3294 enirn
1323 3250 1383 3292 non

155 3335 266 3394 lontem
290 3351 357 3394 eum
381 3350 451 3392 esse
474 3333 670 3406 demonstrat,
694 3333 748 3394 sed
772 3333 919 3414 quendam
941 3333 1040 3414 potius
1062 3333 1174 3408 lacum,
1208 3353 1312 3414 aquarn
1334 3353 1382 3395 ve·

156 3433 206 3494 luti
230 3434 415 3495 extrinsecus
438 3433 632 3514 excipientem
653 3435 804 3515 fontisque
826 3453 935 3498 nomen
958 3445 1156 3517 usurpantem.

243 3627 291 3701 lb.
336 3637 443 3698 Verum
466 3655 552 3716 quam
574 3639 736 3700 execranda
758 3639 829 3702 baec
851 3640 892 3701 sit
912 3639 1059 3721 impietas,
1083 3635 1233 3718 ambigere
1255 3638 1384 3698 arbitror

157 3737 320 3810 nemiuem,
348 3739 399 3816 qui
426 3738 473 3798 rel
501 3739 614 3800 tantillo
644 3759 735 3803 seusu
755 3742 860 3820 vigeat.
906 3743 982 3830 Quia
1004 3752 1103 3803 umen
1126 3741 1254 3804 Verbum
1277 3749 1306 3802 et
1328 3739 1383 3801 Sa-

158 3836 298 3914 pientiam
325 3855 407 3898 mera
434 3857 502 3899 esse
524 3839 589 3899 Filii
618 3843 740 3902 nomina
762 3843 912 3914 dictitant,
939 3843 1015 3902 baec
1037 3842 1073 3901 ad
1097 3841 1165 3902 illos
1187 3841 1284 3903 dicere
1306 3839 1384 3902 baud

158 3937 248 3998 abre
270 3938 371 3998 luerit:
397 3937 428 3998 Si
450 3939 506 4000 ista
528 3949 597 4000 sunt
610 3940 677 4000 Filii
698 3942 839 4002 duntaxat
863 3939 996 4012 rronsina,
1019 3939 1093 4000 alius
1109 3949 1186 4002 certe
1202 3941 1249 4002 ille
1267 3949 1386 4021 praeter·

156 4057 193 4099 ea
216 4039 313 4100 luerit.
357 4039 445 4118 Atqui
469 4039 495 4100 si
518 4039 576 4100 illis
599 4039 771 4100 nominibus
796 4041 835 4101 sit
856 4039 1065 4120 praestantior,
1087 4043 1132 4103 las
1154 4062 1215 4104 non
1238 4051 1384 4112 osteum,

157 4141 208 4220 qui
238 4140 438 4219 praestantior
465 4140 520 4214 sit,
551 4159 586 4201 ex
617 4140 809 4204 interioribus
837 4141 1005 4222 significari.
1051 4144 1139 4218 Quod
1162 4145 1188 4204 si
1211 4143 1384 4204 nominibus

159 4241 285 4302 interior
307 4242 428 4318 dicatur,
450 4243 585 4322 prolecto
608 4261 669 4304 nou
693 4243 758 4306 sine
781 4263 869 4306 causa
890 4245 1090 4326 praestantius
1112 4263 1223 4306 nomen
1246 4243 1383 4316 obtinuit,

157 4341 247 4422 idque
275 4344 391 4422 signum
419 4345 507 4407 luerit
534 4344 598 4408 elus
627 4347 860 4427 progressionis.
904 4347 991 4428 Atqui
1018 4349 1092 4409 baec
1119 4347 1256 4425 impietas
1280 4341 1386 4426 'primo

193 4511 214 4544 θ·
234 4495 291 4558 ¹¹²8·
309 4497 483 4564 προείπαμεν.
798 4513 854 4566 (por
879 4501 1007 4560 omittunt,
1035 4513 1106 4563 quem
1138 4507 1217 4548 tamen
1242 4499 1387 4562 interpretes

191 4561 218 4612 b.
238 4565 280 4614 Sic
296 4564 359 4627 neg:
386 4567 414 4618 lc
432 4569 489 4618 editi
507 4567 672 4620 etaliiroccm
682 4558 746 4616 doo—
798 4570 915 4632 legerent.
