3176 5304
578 353 593 378 ⁰
662 379 836 424 amaranto.
1323 363 1361 424 15

30 597 31 602 ,
96 535 249 608 iudicio,
275 533 323 596 cui
348 551 381 594 se
404 532 590 602 submittere,
614 531 788 610 praesertim
811 529 841 590 in
865 529 923 589 hoc
944 527 1106 590 litterarum
1129 546 1247 606 genere,
1272 526 1362 589 iutel-

102 637 225 715 ligens
249 634 348 715 quivis
377 633 554 714 gravabitur,
600 631 683 692 Sicut
712 632 791 693 enim
821 629 952 708 theologi
981 647 1016 689 ex
1047 629 1173 708 partium
1203 628 1303 690 studio
1332 635 1363 689 et

101 757 171 818 pro
205 734 413 806 dissensione,
437 753 510 814 quae
532 741 580 794 est
601 733 637 793 de
656 733 847 811 dogmatibus
876 730 1067 809 theologicis,
1097 747 1274 808 magnopere
1297 729 1361 790 dis·
1474 727 1477 734 “

107 841 268 900 sentiunt
290 837 327 897 de
349 844 465 914 patrum
489 834 662 896 anctoritate
685 842 715 895 et
736 852 803 904 usu,
827 833 866 892 ita
889 849 960 891 vero
985 831 1014 890 in
1038 829 1159 908 scriptis
1177 837 1291 908 patrum
1307 829 1361 892 alia

108 941 193 1001 aliis
222 939 342 1018 placent
362 943 411 998 ant
433 935 591 1014 displicent
612 945 643 996 et
663 935 792 996 notanda
816 933 952 992 videntur
974 939 1024 992 aut
1047 931 1271 1010 praetereunda.
1305 930 1360 990 Ce-

110 1051 232 1102 terum
256 1057 314 1117 qua
334 1045 433 1098 mente
454 1036 616 1098 lloeslerns
639 1035 735 1096 studia
758 1033 882 1096 Semleri
911 1032 1074 1094 aemulatus
1104 1031 1162 1092 hoc
1190 1030 1362 1109 excerpendi

111 1151 148 1202 et
186 1139 376 1219 epitomandi
410 1155 516 1198 munus
545 1135 713 1214 susceperit
741 1144 769 1197 et
799 1142 955 1197 exsecutus
978 1133 1027 1206 sit,
1050 1141 1134 1194 antea
1158 1131 1213 1193 ianr
1237 1131 1364 1192 breviter

113 1240 273 1321 exposui.
317 1239 400 1300 Nnue
421 1237 450 1298 id
473 1255 566 1299 unum
588 1235 730 1308 subiicio,
753 1237 847 1298 virum
871 1232 1050 1296 industrium
1073 1234 1149 1295 haud
1173 1251 1285 1312 paucos
1308 1251 1363 1292 suo

113 1341 226 1404 modo
248 1347 447 1420 pertractasse
468 1345 585 1416 patrum
613 1335 721 1406 hbros,
750 1337 800 1416 qui
828 1355 932 1416 parum
961 1335 1116 1396 conterunt
1143 1335 1178 1396 ad
1206 1333 1364 1394 historiam

116 1441 290 1504 doctrinae
322 1439 500 1501 christianae
531 1437 756 1510 illustrandam,
787 1438 869 1498 velut
895 1435 1017 1498 Eusehii
1046 1435 1303 1515 Praeparationem
1335 1440 1365 1495 et

115 1541 427 1605 Demonstrationem
450 1538 647 1615 evangelicam
670 1539 793 1616 eiusque
816 1537 969 1599 historiam
993 1537 1231 1606 ecclesiasticam,
1260 1543 1362 1597 contra

119 1645 157 1705 in
187 1643 257 1704 aliis
278 1641 436 1720 plurimum
459 1639 534 1702 lucis
558 1637 598 1700 illi
626 1638 770 1702 historiae
798 1639 989 1700 afferentibus
1018 1639 1226 1718 compendium
1255 1636 1362 1698 iecisse

120 1761 247 1825 operae
269 1761 329 1803 nou
352 1741 418 1803 sine
439 1740 543 1802 iraude
563 1740 720 1801 lectorum.
764 1741 813 1801 Sic
835 1758 869 1800 er
892 1739 1076 1818 amplissimo
1108 1748 1137 1799 et
1164 1737 1362 1816 praestantis·

123 1847 214 1906 simo
238 1861 329 1924 opere
350 1839 516 1920 dogmatico
540 1839 675 1919 Gregorii
698 1839 834 1919 Nysseui,
858 1859 893 1901 cx
912 1840 996 1901 libris
1019 1837 1239 1902 xtt.ve1xttt.
1261 1847 1363 1898 eontra

122 1945 327 2015 Eunomium,
350 1959 413 2002 non
436 1939 583 2018 excerpsit
604 1939 722 2020 potiora
745 1959 839 2020 neque
859 1959 1005 2000 summam
1025 1959 1127 2002 eorum
1144 1939 1210 2020 ipse
1227 1938 1362 2010 coniecit,

124 2046 187 2108 sed
211 2043 418 2106 tantummodo
446 2035 630 2125 κεφάλαια,
661 2043 823 2102 summaria
852 2040 1035 2119 singulorum
1057 2040 1199 2102 librorum
1222 2041 1362 2102 universo

127 2147 221 2226 operi
245 2145 275 2205 in
298 2143 451 2206 codicibus
474 2143 664 2222 praescripta,
687 2142 855 2222 germanice
883 2140 1021 2202 reddidit.
1066 2141 1205 2202 Similiter
1226 2142 1261 2202 de
1284 2137 1363 2202 cele·

127 2245 276 2308 herrirnis
297 2242 453 2324 Augustini
484 2245 635 2323 opusculis
664 2243 841 2323 dogmaticis
869 2243 1084 2322 polemicisqne
1106 2241 1200 2303 labori
1221 2241 1361 2322 pepercit,

132 2349 273 2426 satisque
306 2346 364 2426 ipsi
395 2345 676 2424 luit'proposuissc
699 2344 952 2407 ltetractationum
980 2341 1075 2404 libros
1104 2343 1134 2404 in
1164 2345 1362 2423 germanicum

132 2463 299 2510 conversos
321 2454 350 2507 et
370 2445 484 2526 passim
506 2445 749 2508 adnotationibus
779 2447 932 2508 historicis
955 2454 1044 2524 atque
1066 2444 1216 2506 litterariis
1249 2453 1362 2507 auctos.

131 2548 212 2610 illud
234 2565 321 2620 aero,
350 2547 430 2627 quod
459 2555 575 2626 patrum
604 2565 777 2626 graecorum
804 2557 834 2610 ct
862 2547 1022 2610 latinorum
1046 2547 1155 2626 scripta
1185 2546 1303 2606 nonnisi
1327 2564 1363 2606 ex

134 2647 381 2726 interpretatione
415 2647 580 2726 germanica
612 2647 771 2710 lectoribus
804 2648 859 2710 hac
890 2648 921 2710 in
954 2647 1133 2708 bibliotheca
1162 2647 1364 2716 innotescunt,

138 2753 284 2826 qnantum
318 2749 394 2808 leret
429 2745 625 2817 incommodi,
656 2765 717 2808 non
750 2767 826 2826 opus
855 2757 902 2810 est
928 2748 1096 2809 rationibus
1125 2745 1366 2824 argumentisque

147 2843 273 2914 docere,
304 2853 334 2904 et
359 2861 393 2902 re
415 2843 481 2920 ipsa
501 2841 637 2903 iniuriam
657 2847 783 2907 lacerem
805 2847 951 2926 theologis
973 2855 1095 2909 nostrae
1123 2845 1247 2916 aetatis,
1279 2843 1306 2906 si
1337 2845 1366 2906 in

142 2943 318 3006 universnm
340 2942 371 3002 id
394 2941 559 3002 docendum
576 2941 765 3020 susciperem.
808 2943 968 3008 ltneslerus
982 2947 1052 3008 huic
1066 2943 1258 3008 incommodo
1273 2943 1368 3024 aliqua

142 3063 177 3108 ex
214 3051 298 3124 parte
331 3059 490 3104 occurrere
522 3040 635 3102 studuit
668 3061 721 3117 eo,
757 3045 835 3124 quod
869 3047 905 3106 ad
939 3047 1103 3123 marginem
1137 3045 1274 3122 apposuit
1304 3045 1367 3124 ipsa

141 3151 258 3225 patrum
280 3161 457 3224 graecorum
479 3152 509 3204 et
530 3141 690 3204 latinorum
714 3143 814 3218 verba,
836 3146 944 3225 quibus
967 3155 1020 3205 aut
1040 3147 1257 3207 controversiae
1279 3165 1365 3209 causa

140 3246 184 3308 vel
221 3245 336 3307 occasio
368 3245 483 3307 inesset
516 3251 568 3306 aut
603 3244 744 3306 subtilior
778 3245 924 3326 dogmatis
959 3245 1121 3325 explicatio.
1167 3245 1231 3319 Qun
1266 3256 1363 3310 tamen

142 3347 275 3408 enectum
303 3363 364 3407 non
394 3355 441 3408 est
468 3363 566 3425 ncqnc
594 3346 692 3425 potuit
721 3345 812 3420 effici,
851 3358 883 3410 ut
914 3367 1019 3410 omnes
1048 3367 1135 3410 voces
1162 3349 1363 3428 lormnlaeqne

141 3447 271 3526 patribus
304 3447 460 3524 utriusque
486 3445 628 3509 ecclesiae
660 3447 691 3508 in
719 3466 752 3510 re
780 3449 946 3528 dogmatica
972 3450 1109 3530 propriae
1138 3457 1168 3512 et
1198 3450 1362 3530 peculiares

141 3547 279 3610 lectorum
309 3547 404 3609 oculis
433 3545 665 3622 subicerentur,
699 3567 824 3628 quorum
856 3549 914 3612 vim
944 3560 974 3613 et
1000 3551 1242 3631 significationem
1270 3569 1363 3614 nosse

144 3657 171 3710 et
200 3649 356 3710 observare
383 3656 501 3728 oportet
532 3667 617 3722 enm,
649 3649 700 3727 qui
732 3669 829 3712 veram
857 3651 976 3714 illorum
1009 3654 1046 3713 de
1079 3653 1267 3732 dogmatibus
1294 3651 1363 3714 fidei

145 3749 314 3812 sententiam
338 3748 458 3828 assequi
481 3749 590 3811 studet.
634 3749 695 3811 Nec
716 3752 868 3830 quaeritur
895 3753 945 3814 hic
972 3752 1008 3813 de
1032 3751 1104 3814 solis
1126 3753 1280 3827 terminis,
1313 3753 1364 3834 qui

144 3851 286 3922 dicuntur,
309 3849 451 3912 technicis
473 3850 640 3930 theologiae
663 3852 862 3930 dogmaticae,
891 3871 1017 3932 quorum
1046 3852 1078 3914 in
1105 3873 1162 3918 usu
1190 3871 1295 3916 omnes
1316 3852 1363 3914 vel

143 3949 271 4032 plerique
293 3950 371 4011 iuter
393 3969 427 4012 se
450 3951 638 4022 conveniunt,
661 3952 713 4013 secl
736 3955 825 4014 etiam
847 3953 884 4013 de
906 3955 1027 4016 vocibus
1051 3955 1197 4017 eiusmodi
1219 3963 1250 4016 et
1270 3954 1362 4034 phra-

145 4051 234 4123 sibus,
257 4049 364 4130 quibus
388 4049 571 4111 diversarum
599 4049 766 4113 scholarum
796 4052 857 4114 sire
879 4053 1068 4117 ecclesiarum
1091 4057 1229 4118 doctores
1253 4053 1361 4117 etsin-

30 4139 31 4150 ¹
146 4153 200 4230 guli
226 4151 344 4231 qnidam
376 4159 478 4232 patres
508 4152 630 4230 proprio
666 4169 719 4213 suo
753 4153 843 4215 modo
871 4168 1090 4219 consueverunt
1110 4159 1164 4220 uti.
1210 4156 1304 4228 Quam
1327 4155 1362 4218 ad

143 4253 350 4336 proprietatem
372 4251 530 4314 verboram
554 4253 603 4332 qui
626 4269 686 4314 non
709 4255 846 4328 attendit,
876 4273 942 4318 enm
964 4267 1153 4336 praetereunt
1176 4256 1293 4320 subtilia
1315 4257 1362 4318 illa

146 4355 350 4416 sententiarum
373 4353 554 4440 discrimina,
579 4373 653 4432 quae
675 4373 706 4415 rn
729 4355 854 4418 historia
876 4357 1044 4435 dogmatum
1074 4358 1232 4438 plurimum
1260 4367 1362 4420 nostra

146 4455 263 4516 interest
283 4463 404 4516 enotare
426 4465 457 4516 et
478 4455 650 4530 enucleare,
683 4457 823 4536 quoniam
851 4457 882 4518 in
905 4457 941 4518 iis
964 4461 1082 4539 saepius
1115 4461 1183 4522 lons
1205 4457 1251 4522 vel
1273 4459 1362 4522 sedes

151 4554 285 4634 dogmatis
308 4553 500 4620 ecclesiastici
522 4559 678 4638 reperitur.
723 4557 853 4620 Omnino
882 4557 1006 4639 diligens
1029 4553 1197 4624 observatio
1218 4579 1292 4624 usus
1313 4558 1362 4620 lo·
1477 4625 1498 4652 ο
