3258 5276
564 411 671 456 omaro
686 411 718 456 n.
735 411 851 458 ουτω
864 413 1001 458 aennon
1327 399 1389 464 ³17

160 581 247 639 „nna
270 571 349 625 certe
370 561 550 636 fatebimini,
581 581 649 654 curn
670 561 719 624 illa
740 553 829 625 rerba
851 564 950 625 sint-a
969 563 1033 626 ileo
1062 563 1156 640 diota,
1186 583 1242 628 neo
1268 567 1300 630 in
1328 567 1473 634 illisam.

159 667 268 742 „ullus
291 681 359 726 esse
379 663 477 742 possit
498 663 644 724 meodaoii
665 661 760 726 loeus.
803 663 836 724 Si
858 664 949 743 igitur
970 663 1058 724 talem
1079 665 1205 744 aliquem
1226 677 1312 730 auten
1331 669 1386 730 ad-

159 767 307 842 „renisse
329 783 456 844 eumque
470 765 564 826 [laum
586 781 656 825 esse
678 782 714 824 ex
736 763 833 842 signis
854 771 885 826 et
900 763 1057 854 prodigiis,
1080 783 1155 842 quae
1170 767 1305 841 ediderit,
1327 788 1384 849 po-

159 867 276 943 „teatis
298 865 468 940 ostendero,
491 865 558 927 iure
579 864 687 926 merito
709 864 865 926 nobiseum
886 863 1066 925 contendite.
1110 863 1163 925 Sin
1186 875 1282 928 autem
1299 870 1385 930 talem
1455 851 1461 866 ⁸

159 969 317 1048 „aliquem
338 967 493 1029 advenisse
516 983 576 1028 non
598 965 723 1045 potestis
744 963 891 1044 probare,
924 965 977 1026 sed
1005 983 1073 1028 eum
1102 966 1199 1028 adhue
1220 969 1389 1045 expectatis,

159 1079 308 1149 „tempus
331 1085 367 1129 ox
387 1065 508 1128 Daniele
529 1065 717 1142 eognoseite;
739 1083 808 1126 nana
830 1083 906 1144 quaa
927 1063 964 1126 ab
986 1065 1037 1126 illo
1052 1066 1129 1128 diota
1146 1075 1226 1140 eunt,
1249 1067 1281 1128 in
1302 1085 1390 1146 prae-

159 1188 263 1245 „sens
285 1168 430 1248 quadrant
451 1176 579 1247 tempus.
623 1167 720 1228 Porro
748 1166 774 1228 si
804 1183 948 1245 praesens
978 1175 1095 1247 tempus
1118 1167 1190 1230 illud
1212 1167 1311 1246 ipsum
1335 1177 1391 1238 est,

160 1269 270 1352 „quod
293 1270 364 1332 olim
387 1269 442 1340 init
462 1269 656 1349 praedictum,
678 1285 790 1347 rosque
805 1267 863 1347 ipsi
886 1285 931 1341 aa,
953 1287 1026 1347 qnae
1040 1287 1120 1330 nune
1134 1269 1211 1348 apud
1234 1287 1292 1331 nos
1306 1277 1391 1348 gesta

159 1380 277 1448 „sunt,
306 1371 379 1432 estis
402 1371 516 1444 intuiti,
539 1369 632 1431 nolite
654 1369 685 1431 in
707 1366 830 1430 dubium
851 1386 975 1443 vocare,
1002 1369 1073 1448 quio
1094 1369 1154 1432 iste
1175 1369 1279 1444 lesus,
1302 1389 1391 1450 quem

161 1493 244 1548 „ros
268 1472 467 1544 oruoilixistis,
489 1471 556 1551 ipse
578 1469 619 1532 sit
633 1469 769 1532 Christus
791 1477 979 1549 expectatum
1002 1469 1148 1550 siquidem
1163 1470 1253 1533 liavid
1276 1479 1305 1532 et
1321 1491 1388 1534 om·-

161 1594 243 1651 ,‚nes
265 1576 434 1655 Prophetae
455 1573 565 1636 monui
587 1579 669 1646 sunt,
686 1553 866 1650 exstantque
888 1572 965 1650 apud
986 1591 1040 1634 vos
1063 1589 1166 1634 eorum
1185 1581 1387 1634 monumenta.

159 1677 227 1750 „Aa
247 1675 446 1748 resurreetio,
478 1693 554 1752 qnae
582 1673 672 1734 modo
694 1681 742 1734 est
770 1674 862 1746 laota,
891 1681 1065 1751 argomento
1093 1683 1140 1736 est
1165 1673 1201 1734 ad
1229 1673 1473 1758 inluminanda

162 1793 268 1855 „quae
289 1775 399 1853 scripta
422 1781 522 1845 erant,
551 1779 697 1850 spectare.
740 1771 814 1832 Eum
843 1773 922 1835 eninr
950 1773 1180 1853 muoifigendnm
1201 1773 1296 1834 luisse
1316 1775 1389 1838 haee

163 1874 281 1949 „verba
304 1873 480 1936 ostendunt:
516 1872 654 1934 Videditis
676 1875 768 1933 uitam
789 1885 921 1936 oestrum
938 1877 1131 1954 pandentem,
1155 1874 1236 1936 etin
1260 1874 1389 1948 vnlnere,

162 1975 275 2055 „quod
296 1975 362 2036 eins
384 1972 469 2034 lateri
491 1972 592 2034 lancea
614 1981 660 2034 est
677 1971 829 2046 inlliotnm,
851 1974 930 2036 istud
945 1975 1112 2055 Prophetae
1127 1974 1282 2053 impletur:
1306 1974 1390 2039 sacar

161 2080 258 2151 „ouis
281 2077 322 2137 ud
343 2077 520 2138 tentionem
541 2075 651 2138 ductus
672 2085 728 2136 ast.
772 2073 861 2146 Quod
875 2083 973 2136 autem
993 2093 1055 2136 non
1077 2075 1174 2137 solum
1193 2075 1258 2156 ipsa
1273 2077 1389 2151 revixit,

160 2177 245 2252 „sed
267 2175 355 2238 etiam
377 2175 494 2256 priseos
515 2183 650 2236 momuos
672 2193 691 2236 o
712 2175 913 2238 monumentis
935 2175 1070 2238 excitavit
1097 2177 1167 2252 (hos
1195 2178 1273 2239 enim
1295 2177 1388 2258 pleri-

160 2297 247 2358 „que
270 2280 400 2340 restrrim
433 2275 598 2354 viderunt),
630 2277 690 2338 hoo
717 2276 817 2356 ipsum
845 2283 909 2337 est:
942 2273 1012 2339 Noas
1041 2277 1230 2360 derelinques
1258 2284 1390 2342 onim

158 2397 284 2454 „meam
306 2384 338 2441 in
359 2379 498 2458 tiferno,
521 2387 566 2440 et:
596 2377 764 2440 Adaorluit
785 2395 869 2440 mors
895 2377 1098 2450 ooalescens,
1128 2386 1158 2440 at
1177 2393 1299 2440 rursus:
1329 2379 1391 2440 ld-

157 2479 277 2554 ‚,stuiit
298 2479 389 2542 Daras.
433 2478 485 2539 liin
507 2496 599 2558 porro
621 2493 698 2556 qnae
719 2478 809 2540 edidit
838 2477 922 2558 sigon
949 2497 1017 2540 enm
1039 2478 1135 2540 Deum
1164 2497 1233 2540 asse
1259 2479 1291 2538 in
1318 2495 1389 2538 eor·

158 2599 270 2660 „pore‚
289 2582 439 2660 vitamque
461 2598 496 2640 ae
516 2579 672 2639 dominum
694 2579 799 2640 mortis
821 2599 890 2642 esse
911 2596 1039 2660 prorsus
1061 2579 1253 2658 persuadent.
1285 2577 1389 2658 Siqui-

163 2681 260 2754 „dem
281 2679 403 2740 decebat
425 2677 586 2750 Christum,
611 2678 661 2755 qui
682 2678 770 2739 vitam
791 2679 857 2740 aliis
879 2679 1021 2759 impartit,
1044 2697 1060 2739 a
1081 2687 1178 2740 morte
1200 2697 1262 2740 non
1285 2677 1391 2750 teneri,

163 2776 274 2856 „quod
286 2787 365 2838 earte
387 2775 450 2836 lieri
473 2793 534 2836 non
556 2777 714 2855 potuisset,
736 2779 773 2855 si,
795 2787 829 2841 ut
848 2798 903 2840 ros
926 2779 1056 2851 sentitis,
1079 2797 1173 2858 purus
1196 2780 1288 2840 homo
1311 2785 1394 2840 esset

164 2923 184 2952 „
194 2877 344 2938 Christus.
387 2875 497 2936 Varum
525 2877 589 2955 ipsa
617 2889 664 2938 est
690 2879 783 2941 Filius
805 2875 869 2939 liei.
911 2879 986 2940 Nam
1009 2895 1115 2939 omnes
1143 2877 1282 2938 homines
1303 2877 1393 2940 morti

165 2975 416 3052 „suntsubieoti
444 2975 645 3054 ltaquenemo
666 2977 724 3040 iam
746 2978 884 3057 ambigat,
907 2980 960 3040 sed
982 2995 1038 3056 pro
1062 2985 1143 3038 nerto
1166 2976 1273 3038 habeat
1294 2976 1392 3038 omnis

162 3078 301 3154 „domus
322 3075 427 3149 lsrael,
449 3075 530 3136 huno
550 3077 666 3150 lesuin,
689 3097 776 3156 quem
799 3077 893 3156 ligura
915 3078 1067 3139 hominem
1088 3077 1214 3151 vidistis,
1238 3076 1391 3156 signorum
1507 3101 1511 3114 ·

161 3185 402 3256 „tantorumque
418 3185 570 3239 auctorem
594 3195 729 3257 operum,
752 3197 827 3258 quae
849 3177 947 3239 nullus
967 3193 1097 3256 unquam
1120 3178 1187 3258 egit,
1210 3178 1307 3258 ipsum
1322 3175 1390 3242 ease

160 3278 343 3354 „Christum
365 3285 396 3338 et
416 3276 569 3340 dominum
593 3277 738 3340 omnium.
771 3277 905 3358 Namque
926 3277 1141 3340 iaetuslieetet
1158 3293 1277 3342 romtus
1291 3281 1387 3356 lesos,

158 3427 178 3454 „
189 3387 225 3441 ut
247 3386 332 3440 antea
354 3377 499 3454 diximus,
522 3397 582 3440 oon
606 3387 772 3442 esttamen
794 3379 923 3440 hamana
945 3379 1114 3442 conditione
1135 3380 1310 3456 diminutus,
1335 3383 1388 3444 sed

160 3479 305 3560 „potius‚
335 3497 402 3540 oum
425 3479 516 3540 homo
538 3481 633 3542 indus
656 3489 720 3553 ast,
741 3481 900 3543 virentium
923 3487 952 3542 et
973 3489 1159 3544 mortuorum
1181 3482 1320 3544 dominus
1343 3491 1390 3545 est

162 3581 363 3654 „declaratus
412 3581 493 3653 Quia
514 3585 607 3656 anim,
629 3590 664 3644 ut
684 3582 726 3644 ait
745 3582 924 3663 Apostolus,
945 3585 979 3643 ias
1000 3589 1151 3665 aopa'eotio
1172 3583 1230 3646 Dei
1249 3603 1314 3646 aon
1338 3601 1388 3646 eo-

69 3672 77 3692 '
162 3685 293 3760 ,mouit
318 3683 449 3744 modus
470 3663 567 3746 Deum
592 3701 653 3764 par
681 3688 875 3765 sapientiam,
901 3681 1020 3764 ploruit
1046 3684 1113 3748 ileo
1139 3701 1199 3765 per
1227 3683 1390 3784 stultitiam

195 3947 217 3994 g.
235 3934 335 3993 Sequor.
357 3933 415 3996 [leg.
439 3940 463 3981 et
485 3931 592 3981 Feleltn.
610 3933 634 3981 5.
652 3927 698 3980 stoi
714 3928 746 3979 τὸ
833 3931 857 3980 l.
876 3931 917 3980 Sic
935 3931 1076 3992 Sequarian.
1096 3931 1152 3992 nep.
1171 3929 1385 3996 Basilfflnglican,

157 3995 193 4063 τῇ
209 3991 292 4064 idm
311 3993 348 4048 dt.
383 3997 530 4048 saltent.
554 3991 649 4044 καὶτὸ
668 3997 701 4062 τῇ
719 3994 749 4045 δὲ
799 3997 908 4046 t'etatn.
921 3996 946 4044 l.
963 4004 987 4045 et
1004 3997 1028 4046 5.
1063 3997 1108 4046 ttii
1131 4002 1303 4052 reroatediti
1322 3995 1389 4050 attat

156 4059 251 4130 io'np.
289 4067 350 4116 Editi
376 4074 401 4115 et
426 4065 467 4114 aiii
490 4057 592 4112 καὶτὸ
616 4060 749 4130 epilam
800 4059 860 4129 μέν.

155 4131 313 4198 τρωθῆναι.
344 4191 349 4196 ¹
837 4145 852 4195 Ι.
878 4145 918 4195 Sia
941 4145 1040 4208 Sequer.
1059 4147 1115 4210 lisa.
1133 4151 1223 4214 lngiic.
1242 4159 1265 4201 et
1282 4151 1388 4202 rateto.

191 4233 216 4282 lt.
235 4233 376 4294 Saguntino.
392 4225 523 4280 τουτέστι.
546 4225 613 4280 'lior
632 4231 695 4281 idom
714 4223 752 4285 εἷς
803 4213 826 4264 ¹¹·
863 4213 892 4264 ⁸²
910 4216 983 4265 ΜΨ
1000 4223 1024 4264 ‘¹
1042 4216 1098 4266 ΕΜ
1117 4209 1305 4283 ἂμφιραλίω·

159 4291 210 4346 τὸν
226 4290 297 4364 ᾅδην
314 4292 361 4346 καὶ
377 4293 510 4350 κατέπιεν.
544 4298 649 4350 Feltini.
668 4299 692 4348 5.
710 4291 749 4353 alc
838 4311 871 4348 m.
890 4298 989 4362 Sequar.
1007 4295 1053 4348 καὶ
1070 4291 1084 4347 ὁ
1102 4297 1202 4368 κύριος.

160 4353 235 4425 ᾅδου·
271 4367 378 4417 Ffflffl·
391 4367 420 4428 st·
439 4367 496 4416 Μ
513 4358 559 4413 '‘“2
575 4362 708 4416 mm·
835 4397 858 4434 n.
876 4383 917 4434 stc
933 4385 1032 4446 Sequor.
1051 4386 1107 4446 ling.
1125 4383 1224 4435 Goblur.
1243 4385 1348 4436 Felsina.
1369 4385 1391 4434 l.

193 4464 208 4514 ἰ,
232 4467 333 4528 808!th
358 4475 382 4516 οι
403 4440 509 4516 ῂῐςὶῐῃ,
528 4467 552 4516 4
570 4459 624 4515 ὑπὸ
647 4460 747 4528 τρόπον
800 4449 826 4504 ¹¹·
843 4458 867 4502 Ol
885 4452 909 4501 5.
944 4453 988 4502 Alli
1003 4459 1087 4504 lolem
1105 4459 1129 4501 Ol
1147 4452 1204 4500 edlll
1223 4443 1344 4516 ῦῖπῦμᾶνι

159 4523 193 4576 τὸ
210 4527 240 4579 δὲ
257 4526 307 4582 odat
325 4524 361 4580 ἂν
377 4525 505 4598 ἐγεγόνει.
533 4535 746 4586 Gabienl'alalm.
835 4549 858 4583 ο.
877 4531 1187 4597 Sequeriaoysrndn‘vaa.
1220 4534 1392 4583 Gobleriamt

160 4595 186 4646 l.
203 4589 253 4648 int
270 4593 381 4650 τούτου.
401 4600 482 4650 τοῦτο
501 4594 532 4649 δὲ
550 4592 598 4649 οὐκ
616 4591 659 4648 ἄν.
802 4600 907 4652 lalalm.
927 4602 950 4652 l.
967 4597 1144 4666 γεννηθῆναι.
