3176 5304
681 311 852 354 rmsrsrto.
1344 297 1382 362 31

128 457 177 520 uhi
199 457 364 539 expedit,
391 477 452 538 pro
475 458 625 538 facilitate
643 459 765 539 lopests‘s
789 459 896 524 oolssat
918 461 1006 524 olna·
1024 479 1161 524 sansone
1184 461 1322 543 culpari,
1355 473 1387 526 ut

125 562 165 619 air
186 560 436 640 Hieronymus,
466 559 582 622 etiamsi
604 561 720 640 possint
748 561 927 640 elegantiora
954 565 1100 642 prolerre.
1144 563 1280 626 Ceterum
1303 567 1385 645 quod

123 663 159 722 de
197 660 343 722 crebris
377 659 590 724 sententiarum
622 661 850 741 repetitionibus
880 662 976 741 deque
1003 663 1108 724 ordine
1140 681 1237 726 rerum
1268 669 1383 746 passim

122 763 284 841 neglecto
314 762 519 843 reprehensus
534 771 581 822 est
594 762 785 836 Athanasius,
808 763 876 844 quis
904 781 965 824 non
991 763 1134 841 intelligat
1162 783 1228 826 eum
1251 778 1384 832 eoactum

117 865 239 936 fnisse,
274 874 319 926 ut
342 863 446 925 eadem
467 862 587 942 saepius
608 873 758 943 repeteret
779 875 809 927 et
829 865 994 945 repetendo
1017 864 1193 938 inculcaret,
1216 886 1305 946 quum
1327 871 1383 948 ipsi

116 983 231 1042 paene
252 965 442 1044 decemper
456 965 548 1026 lustra
564 973 666 1026 oontm
682 965 805 1028 eosdem
820 966 987 1028 haereticos
1004 965 1075 1027 viris
1092 965 1249 1047 equisque,
1263 977 1295 1030 ut
1309 969 1383 1032 dici-

114 1075 179 1136 tur,
213 1067 429 1146 pugnandum
446 1078 529 1128 esset
540 1084 595 1145 pro
611 1066 713 1128 eadem
729 1085 815 1129 causa
832 1076 970 1147 tanquam
992 1085 1047 1147 pro
1063 1067 1124 1127 sris
1141 1078 1171 1130 et
1186 1068 1288 1130 toras?
1311 1071 1385 1142 Quis

34 1231 35 1237 ἵ
116 1170 294 1241 sonetur,
322 1169 494 1248 episcopum
517 1175 562 1228 tot
584 1177 614 1228 et
636 1168 723 1230 tantis
747 1168 990 1247 occupationibus
1009 1168 1191 1243 distentum,
1223 1178 1267 1230 tot
1289 1172 1385 1234 tortu·

116 1289 181 1330 nae
209 1270 374 1350 procellis
395 1269 546 1348 agitatum,
569 1267 727 1349 quinquies
750 1269 822 1330 sede
843 1287 898 1332 sna
921 1269 1077 1350 expulsum
1100 1271 1240 1351 omnique
1262 1272 1385 1336 catamt-
1422 1271 1434 1280 “

28 1373 29 1404 ¹
115 1381 231 1433 tatnrn
265 1390 381 1451 genere
404 1369 544 1432 alttictnm
574 1388 634 1432 non
663 1371 762 1433 omnia
790 1371 915 1448 scripta,
948 1389 1024 1450 qnae
1044 1390 1100 1450 pro
1123 1372 1179 1434 tide
1202 1383 1231 1434 et
1253 1391 1309 1452 pro
1331 1393 1384 1436 ec·

116 1473 231 1535 clesia
264 1493 284 1534 a
310 1491 344 1534 se
365 1471 489 1552 flagitari
512 1479 645 1550 putaret,
674 1471 737 1550 pari
760 1471 860 1534 studio
888 1471 1024 1550 potuisse
1044 1472 1200 1553 expolire?
1242 1475 1303 1538 Nec
1325 1476 1383 1538 do·

115 1573 319 1648 hitandnm,
342 1573 413 1652 quin
435 1572 518 1654 plura
540 1571 683 1636 subitaria
705 1591 740 1636 er
764 1591 818 1634 ore
839 1573 940 1653 potius
968 1574 1104 1636 dictantis
1127 1585 1265 1656 excepta,
1295 1597 1382 1656 quam

117 1676 161 1738 ah
188 1679 279 1757 ipso
302 1674 470 1755 oonsnipta
492 1674 563 1736 sint.

230 1778 367 1840 Gravior
389 1785 437 1838 est
463 1775 598 1854 quaestio
625 1775 664 1836 de
685 1775 848 1854 scripturae
878 1794 979 1838 sacrae
1005 1775 1253 1856 interpretatione
1276 1787 1305 1838 et
1327 1797 1383 1842 usn

121 1879 158 1940 in
200 1875 432 1942 controversiis
462 1875 648 1955 theologicis.
691 1875 724 1938 ln
752 1895 811 1955 quo
843 1895 904 1938 non
936 1877 1116 1940 admiramur
1147 1877 1227 1958 quod
1250 1879 1383 1942 Semlero

123 1983 281 2063 aliisque
314 1977 529 2041 recentioribus
560 1978 651 2040 molta
684 1978 917 2058 displicuerunt,
950 1978 1003 2040 sed
1032 1980 1112 2058 qnod
1132 1979 1187 2042 hac
1208 1981 1382 2061 quoquein

125 2093 236 2162 parte
263 2083 455 2144 Athanasium
487 2080 609 2159 reliquis
641 2079 857 2142 eruditioribus
879 2078 989 2142 saecoli
1023 2079 1119 2158 quarti
1147 2081 1382 2160 disputatoribus

126 2183 326 2246 interiorem
358 2183 539 2255 iudicarant,
573 2182 602 2244 id
631 2190 751 2262 praeter
784 2180 959 2262 opinionem
992 2181 1108 2244 accidit.
1153 2181 1269 2244 Etenim
1301 2196 1379 2248 recte

129 2283 211 2348 iam
236 2285 398 2348 bichardus
421 2285 533 2358 Simon,
557 2284 678 2345 criticus
702 2283 732 2344 in
755 2283 813 2344 hoc
835 2283 1016 2362 scriptorum
1039 2301 1147 2362 genere
1169 2285 1378 2363 peritissimus,

132 2385 373 2458 observaverat,
396 2405 447 2448 eos
462 2386 511 2465 qui
525 2403 654 2465 pugnam
671 2384 807 2446 Arianam
824 2384 956 2446 secundo
971 2384 1076 2445 ordine
1098 2385 1297 2465 excepissent,
1320 2407 1380 2450 non

135 2489 331 2567 repudiasse
360 2505 440 2548 arma
460 2486 611 2548 Athanasii
640 2487 842 2566 antesignani,
871 2485 916 2548 vel
939 2495 972 2546 ut
993 2487 1114 2567 proprie
1142 2487 1253 2558 dicam,
1281 2499 1382 2568 patres

141 2589 212 2666 qui
232 2596 304 2666 post
324 2587 513 2648 Athanasium
536 2586 730 2666 scripsissent
750 2597 854 2650 eontra
875 2588 1020 2660 Arianos,
1056 2587 1124 2666 ipso
1157 2596 1278 2650 auctore
1307 2607 1381 2650 usos

152 2704 233 2746 esse
255 2694 286 2746 et
306 2685 463 2764 plerosque
481 2685 518 2745 lt.
540 2685 577 2744 T.
597 2685 691 2758 toros,
712 2706 839 2766 quorum
860 2705 997 2766 magnum
1020 2707 1178 2750 numerum
1202 2687 1384 2766 collegisset,

156 2785 267 2847 eadem
298 2786 362 2846 lere
392 2784 503 2846 ratione
531 2784 691 2862 explicatos
718 2787 775 2846 illis
805 2787 960 2848 haereticis
996 2789 1188 2868 opposuisse.
1233 2786 1299 2848 Vid.
1329 2787 1386 2850 lii-

147 2892 256 2952 stor're
279 2891 407 2968 critique
422 2887 471 2948 des
484 2889 673 2966 principans
689 2895 935 2946 comonntoteors
950 2888 989 2948 ds
1005 2888 1042 2948 Ν.
1061 2887 1092 2948 Τ.
1108 2907 1175 2966 cop.
1189 2885 1236 2948 vt.
1252 2907 1284 2966 p.
1294 2891 1344 2952 ill.
1357 2893 1384 2964 *J

148 2989 291 3052 Omnino
313 2985 442 3048 Basilius
463 2987 501 3047 hl.
532 2993 563 3047 et
586 2984 723 3064 Gregorii
743 2984 942 3048 Nazianzenus
963 2995 1052 3065 atque
1074 2987 1229 3064 Nyssenus
1251 2987 1383 3050 inlibris

147 3101 182 3154 ct
204 3088 397 3152 orationibus
420 3097 522 3150 contra
546 3085 729 3148 Ennomium
751 3103 814 3147 non
836 3095 881 3146 tot
909 3087 1073 3164 scripturae
1103 3085 1284 3160 testimonia,
1314 3099 1383 3168 quot

145 3192 187 3256 ab
209 3191 372 3254 Athanasio
393 3189 508 3270 prolata
531 3197 630 3263 erant,
653 3195 874 3268 exposuerunt:
898 3187 951 3248 sed
975 3193 1086 3248 unum
1107 3185 1204 3260 abest,
1234 3197 1264 3250 ut
1286 3189 1377 3270 expli-

145 3295 284 3358 cationes
307 3301 336 3354 et
357 3277 633 3372 argumentationes
668 3288 805 3369 episcopi
833 3286 1023 3350 Alexandrini
1051 3305 1085 3350 ex
1111 3297 1194 3368 parte
1224 3291 1376 3371 improba·

145 3395 264 3467 verint,
287 3392 367 3473 quod
390 3393 449 3472 ipsi
475 3391 599 3454 meliora
627 3389 726 3452 edocti
754 3396 873 3462 essent,
904 3397 938 3450 ut
957 3387 993 3449 ab
1015 3387 1064 3450 illo
1086 3393 1318 3454 conuorersiam
1341 3395 1377 3456 da

145 3496 297 3575 smipttua
318 3493 503 3574 profligatam
528 3494 584 3554 iam
607 3511 675 3554 esse
696 3491 862 3572 putaverint
884 3497 914 3552 et
927 3499 1084 3570 propterea
1105 3491 1264 3557 inducunt
1283 3497 1378 3574 magia

146 3597 302 3660 dialectica
324 3605 354 3655 et
374 3594 522 3658 rhetorice
551 3594 705 3675 disputare
733 3611 768 3654 er
796 3611 852 3654 suo
881 3591 1016 3672 ingenio,
1044 3611 1130 3672 quam
1152 3611 1229 3674 quac
1252 3593 1288 3656 ob
1312 3595 1377 3658 aliis

146 3700 226 3762 satis
248 3698 400 3778 explanata
422 3703 523 3758 essent
544 3705 696 3776 repetere,
724 3694 901 3775 praesertim
929 3712 1020 3773 quum
1051 3693 1231 3773 sophisticas
1254 3703 1285 3756 et
1306 3696 1379 3758 rhe-

146 3800 263 3864 toricae
285 3797 423 3860 Eunomii
453 3805 534 3860 artas
564 3795 796 3878 disputationem
829 3795 979 3858 eiusmodi
1013 3795 1165 3874 requirere
1197 3795 1377 3860 riderentur.

148 3903 235 3964 Geni.
260 3900 323 3961 1.1.
347 3917 410 3978 cap.
432 3900 493 3960 llll.
517 3905 547 3960 et
566 3897 641 3958 llll.
664 3917 694 3977 p.
720 3899 791 3960 104.
817 3900 888 3960 114.
911 3915 956 3975 sq.
982 3898 1053 3960 119.
1098 3895 1258 3970 Quomodo
1280 3907 1378 3960 antem

148 4006 259 4066 lactum
282 4003 336 4075 sit,
367 4010 401 4061 nt
422 3999 601 4061 Athanasius
629 3999 660 4060 in
689 3996 807 4076 scriptis
834 3995 988 4076 polemicis
1017 4006 1062 4060 tot
1088 3999 1246 4076 uniusque
1268 3996 1379 4060 codicis

218 4271 244 4332 ⁸¹)
263 4267 345 4322 Verba
362 4271 428 4320 Rich.
448 4270 554 4320 Simonis
572 4277 644 4319 sunt:
665 4270 699 4320 On
715 4275 778 4334 pest,
798 4267 883 4332 inquit,
903 4269 967 4328 dire,
988 4267 1045 4332 qu's‘l
1064 4283 1078 4316 o
1096 4267 1157 4315 servi
1175 4281 1259 4314 comme
1277 4269 1307 4318 de
1323 4269 1380 4334 {aad

145 4375 195 4408 sse
213 4364 294 4408 ostrei
312 4357 384 4417 Peras,
405 4357 444 4421 qm*
462 4363 502 4406 ont
521 4355 576 4405 terit
595 4357 661 4420 oprts
679 4353 719 4416 lup
737 4359 814 4403 contre
832 4353 865 4402 iss
884 4353 974 4402 triens.
1010 4351 1042 4399 lls
1060 4350 1082 4398 le
1100 4351 1190 4398 scirent
1201 4350 1379 4403 ordinairemeat

146 4445 207 4493 dass
224 4457 265 4491 ses
289 4441 440 4506 replicatione
465 4439 520 4490 d'no
544 4440 631 4502 prosis
647 4439 742 4488 nomlre
765 4439 794 4486 de
814 4450 927 4502 ραιιιςιι
946 4437 977 4484 do
996 4433 1106 4484 Nonam
1126 4433 1264 4496 Testnntent,
1290 4435 1347 4500 qs'tt
1365 4449 1381 4482 s

147 4525 283 4587 reusilliu
301 4525 444 4588 satialeisoot
463 4539 491 4574 en
508 4523 579 4574 trime
597 4529 653 4573 tems
671 4537 719 4572 sss
737 4521 865 4573 alterans
883 4521 912 4570 de
929 4533 967 4570 css
986 4517 1131 4580 ileretiqsss.
