3070 5242
452 373 952 451 coarmarommmroamssan.
1243 391 1307 457 937

29 555 194 618 nitatem
219 554 343 618 Deitatis
367 562 396 616 et
416 573 516 618 rerum
539 555 736 630 creationem,
765 555 856 618 homo
888 565 986 618 autem
1017 557 1115 637 quoad
1137 559 1393 636 generatio-ross.

29 675 126 718 nem
159 675 204 720 ex
228 656 353 718 muliere
376 664 405 717 et
425 652 642 720 incrementum
664 665 797 719 staturae
819 665 906 737 atque
932 656 1052 730 aetatis,
1080 658 1160 720 Deus
1189 677 1308 739 quoquc

29 777 106 838 pro
138 757 308 821 beneficiis
331 757 419 819 vitam
444 758 643 820 tribuentibus
666 766 696 818 et
716 766 826 838 potens
854 757 887 818 in
908 757 1060 820 miraculis
1091 761 1307 840 perpetrandis,

29 861 160 921 homo
188 877 263 921 sero
286 859 383 940 quoad
406 859 562 938 passiones
585 866 723 920 nostrum
747 857 854 919 similis
878 865 908 919 ot
923 858 1020 938 quoad
1038 869 1157 923 nostras
1179 862 1307 925 infirmi-

33 968 152 1022 tates.
206 961 249 1022 Ac
269 961 348 1022 Deus
372 960 444 1022 item
467 968 514 1020 est
536 957 679 1033 Verbum,
710 959 737 1020 si
756 967 918 1038 spectetur
949 959 1068 1039 quidem
1085 943 1307 1038 immortalitas,

35 1062 395 1142 incorruptibilitaset
416 1059 653 1134 immutabilitas,
688 1069 717 1122 et
743 1059 852 1135 homo,
886 1059 913 1122 si
941 1061 1148 1124 consideretur
1169 1063 1199 1124 in
1222 1084 1308 1129 cruce

38 1164 238 1243 suspensio
260 1172 291 1224 et
312 1162 464 1242 sanguinis
487 1163 612 1224 effluxus
635 1181 669 1224 ac
690 1162 828 1242 corporis
851 1161 1014 1241 sepultura,
1040 1181 1158 1226 necnon
1180 1165 1308 1230 descen.

40 1283 111 1326 sus
142 1265 186 1326 ad
211 1264 324 1327 interos
345 1274 432 1344 atquo
453 1263 635 1326 resurrectio
657 1283 674 1325 a
696 1261 831 1326 mortuis.
877 1264 927 1326 Sic
949 1264 1085 1328 Christus
1114 1282 1149 1328 ex
1180 1269 1307 1332 mortuis

47 1365 223 1428 excitatus
247 1375 302 1441 est,
326 1374 356 1428 et
376 1365 456 1428 Dcu's
480 1385 546 1428 cum
569 1365 610 1426 sit
630 1371 767 1426 mortuos
790 1364 905 1426 excitat.

159 1471 215 1533 te.
260 1468 332 1530 Vani
354 1467 443 1548 igitur
464 1477 550 1542 sunt,
567 1467 617 1546 qui
639 1474 690 1529 aut
712 1466 855 1528 divinitati
871 1467 935 1529 eius
950 1467 1123 1547 passionem
1137 1468 1310 1532 adscribunt

49 1575 117 1632 aut
142 1568 326 1632 humanitati
349 1567 414 1629 cius
436 1567 526 1629 fidem
547 1584 609 1628 non
631 1566 758 1642 hahent,
790 1574 842 1628 aut
863 1565 918 1646 'qui
947 1585 1039 1628 unum
1067 1569 1143 1630 dnos
1166 1588 1236 1632 esse
1259 1569 1307 1631 di·
1401 1607 1412 1630 .

53 1677 153 1743 cunt,
179 1671 246 1732 sire
268 1670 318 1749 qui
340 1669 436 1730 carnis
460 1669 524 1730 eius
547 1668 764 1731 dimensionem
786 1669 883 1730 iacere
905 1677 1060 1742 conantur,
1087 1679 1116 1732 ct
1138 1670 1188 1750 qui
1211 1689 1306 1751 quan-

55 1783 133 1834 tum
159 1779 193 1831 et
221 1769 372 1849 quomodo
405 1778 525 1850 praeter
546 1770 765 1850 Scripturarum
794 1770 998 1832 auctoritatem
1025 1772 1161 1850 prolerre
1188 1771 1307 1835 audent.

55 1867 255 1934 Huiusmodi
278 1871 357 1934 enim
379 1871 570 1951 opinionibus
591 1871 811 1934 haereticomm
826 1889 911 1933 mens
927 1871 1067 1951 prolapsa
1081 1881 1136 1946 est,
1158 1871 1308 1936 Marcione

58 1980 201 2056 propter
228 1973 453 2036 immoderatam
480 1951 695 2054 blasphemiam
722 1993 740 2036 a
771 1973 895 2034 veritate
928 1972 1108 2047 declinante,
1136 1972 1307 2036 Manichaeo

62 2075 108 2138 ob
134 2075 252 2156 peccati
274 2074 446 2154 opinionem
470 2075 603 2151 seducto,
626 2075 781 2138 Valentino
805 2073 970 2149 asciantia,
993 2074 1037 2136 uti
1052 2073 1238 2148 causabatur,
1254 2093 1306 2136 se-

64 2179 176 2252 ducto,
200 2176 292 2239 Paulo
315 2177 520 2239 Samosatensi
542 2195 608 2240 cum
631 2195 679 2251 co,
702 2177 752 2255 qui
767 2176 913 2238 Photinus
929 2183 1061 2251 vocatur,
1084 2194 1118 2238 ac
1135 2193 1239 2238 eorum
1255 2194 1307 2237 se-

63 2278 217 2360 quacibus
240 2279 278 2340 ob
301 2277 536 2342 incredulitatem
558 2279 704 2341 alleitate
725 2278 941 2352 deficientibus,
963 2279 1105 2358 Ario'pro
1127 2279 1230 2340 lurore
1250 2295 1307 2340 suo

68 2381 313 2461 blasphemante.
364 2380 425 2442 Vos
453 2383 551 2443 autem
581 2380 729 2442 similibus
757 2381 803 2442 usi
832 2380 1062 2443 cavillationibus
1092 2397 1167 2458 quae
1196 2377 1308 2459 scripta
1348 2389 1356 2406 “

68 2501 137 2544 non
160 2491 233 2544 snnt
253 2481 425 2561 loquimini,
456 2499 552 2562 eoque
581 2483 671 2544 modo
701 2481 864 2544 imbecillos
893 2481 1035 2544 ererdtis.
1086 2479 1201 2543 Sufficit
1228 2481 1308 2544 enim

71 2583 123 2658 iis,
147 2601 223 2662 quae
245 2583 398 2662 scriptaet
419 2591 501 2662 gesta
523 2579 756 2659 sunt,'credere,
780 2591 813 2646 ut
827 2584 867 2647 ait
883 2583 1013 2645 Paulus:
1033 2581 1095 2646 Pro
1111 2583 1309 2646 similitudine

71 2705 134 2769 per
157 2688 257 2746 omnio
284 2683 395 2764 absque
413 2697 552 2764 perroto,
581 2687 689 2749 Petrus
711 2695 824 2748 autem:
857 2685 977 2749 Chresto
1004 2689 1102 2766 tpitur
1127 2702 1188 2766 pro
1219 2685 1334 2747 nobie

73 2791 353 2870 praescissemus,
387 2797 416 2850 et
447 2805 500 2849 uos
523 2790 625 2852 eodem
648 2793 826 2870 copitotione
848 2791 1026 2865 armamini,
1061 2795 1091 2848 et
1116 2804 1156 2848 ne
1183 2785 1308 2848 ulterius

75 2887 261 2968 inquirentes
283 2887 437 2949 veritatem
458 2890 616 2969 respuatis.

113 3075 136 3123 b.
154 3075 254 3134 Segner
272 3071 305 3138 τῇ
323 3063 526 3153 drdpmndrnss.
552 3075 665 3127 lincam
716 3075 782 3126 Intra
800 3074 864 3124 idem
887 3067 934 3121 nat
956 3086 1005 3122 sou
1030 3065 1063 3132 δὴ
1082 3068 1229 3140 λεγομένου
1248 3085 1308 3139 φω-

80 3143 149 3193 editis
166 3138 198 3206 τῇ
215 3119 432 3210 ἐνανῦρωπῆσει.
716 3138 815 3192 seiron.
850 3141 902 3190 ldor
920 3144 1020 3202 segnes.
1040 3141 1137 3193 Gobler.
1159 3151 1183 3192 at
1200 3141 1305 3221 Fciclm,

55 3245 66 3256 “
116 3243 378 3326 estasiasmeno
410 3253 434 3294 et
463 3244 567 3294 cereum.
588 3245 610 3294 t.
629 3233 662 3292 ct
716 3210 767 3329 ba
769 3200 803 3328 gf
811 3199 1136 3342 agmaei'ffl'ffi'w
1167 3203 1307 3269 θεότητος.

81 3301 271 3380 sinspfloiipr'
244 3308 382 3380 ευφημίαΐ
399 3305 574 3368 ῙῌᾹΜΠΜ·
750 3361 773 3397 e:
789 3345 824 3396 Ita
842 3343 942 3406 Segber.
961 3344 1033 3395 basil.
1049 3345 1141 3410 duplic.
1176 3343 1306 3396 Editirsrn

115 3411 137 3473 d.
154 3411 249 3475 Seruer.
274 3415 338 3486 mpla
367 3407 513 3484 πρόφασιν
536 3409 663 3468 taurese.
717 3429 771 3465 cnm
789 3414 843 3464 aliis
863 3408 1031 3482 παραιτέρω.
