3250 5292
558 391 562 398 ·
579 397 688 440 curru
703 395 747 440 ur.
763 399 1030 442 conmissurus.
1057 451 1060 456 ¹
1085 437 1094 442 -
1330 385 1393 450 488

168 548 281 630 punse
302 545 482 618 deriderent,
504 563 600 625 neque
620 563 680 620 res,
702 565 778 626 quse
798 538 962 628 corporeis
975 538 1044 612 'nou
1067 555 1146 624 sunt,
1169 559 1308 632 tunquam
1324 571 1481 617 eor-rust

166 667 277 731 pureus
298 647 464 726 cogitantes
487 665 531 720 es,
555 665 630 726 qrrne
651 655 733 710 recte
748 647 824 710 ulicte
840 657 920 722 sunt,
942 649 999 728 ipsi
1015 667 1103 729 prere
1119 651 1394 732 interpretarentur.

168 751 226 812 Per
248 756 313 810 erut
334 747 450 826 utique,
473 745 539 808 illos
561 747 609 808 his
631 747 678 808 rel
700 747 797 810 solum
820 747 928 810 ruditis
950 757 1053 828 utpote
1076 750 1184 812 Christi
1205 753 1304 814 verbis
1326 771 1395 816 ere·

168 851 257 934 (ipre,
288 867 356 912 cum
382 847 507 928 simplex
535 848 610 909 fides
637 848 756 910 curiosi
785 848 951 928 eloquentia
974 849 1016 911 sit
1034 853 1243 929 praestantior.
1287 855 1396 918 Verum

169 951 309 1030 quonism
331 949 391 1039 boc
410 967 529 1028 quoque
547 948 717 1028 scripturae
739 950 805 1010 loco
829 949 866 1010 etl
888 967 973 1012 susm
996 949 1225 1038 confirmandum
1246 954 1396 1016 baeresim

170 1053 293 1132 prolnun
322 1049 490 1112 temeritate
516 1049 597 1112 nbuti
630 1059 792 1124 conentur,
825 1051 1028 1114 neeesserium
1058 1053 1195 1114 duximus
1223 1064 1252 1116 et
1279 1054 1397 1118 illorum

171 1153 347 1214 muriuoero
374 1149 611 1230 inprobitatem,
641 1161 668 1212 et
687 1166 767 1230 'quse
789 1169 857 1212 rere
880 1151 921 1214 sit
941 1151 1029 1214 huius
1051 1152 1109 1214 luri
1131 1153 1338 1234 interpretatio
1361 1155 1397 1218 si

172 1251 303 1314 fidelium
324 1253 509 1314 emunitatem
523 1253 699 1331 patefecere.
731 1251 901 1325 liquerim,
921 1241 1196 1333 utiliiopiuontur,
1219 1255 1267 1317 bis
1282 1257 1398 1319 verbis:

172 1351 237 1434 Epo
259 1357 292 1415 ist
312 1353 404 1416 Putre
425 1364 452 1416 et
475 1353 569 1416 Potor
588 1359 621 1415 in
640 1371 689 1414 nte
711 1363 756 1416 stt
778 1353 976 1433 significetur,
1005 1372 1060 1416 eos
1082 1355 1111 1414 in
1135 1373 1168 1418 se
1190 1356 1316 1419 inricern
1339 1358 1397 1420 iur-

171 1454 248 1518 mitti
271 1473 396 1534 seseque
418 1453 507 1518 veluti
527 1473 617 1516 rucur
637 1453 781 1534 quaedum
802 1473 872 1516 rrsn
894 1454 1018 1516 invicem
1039 1455 1173 1534 implere,
1196 1457 1236 1518 itu
1258 1466 1291 1520 ut
1312 1458 1400 1522 Peter

170 1555 235 1618 Filii
257 1564 287 1618 et
308 1555 400 1619 liilius
422 1553 519 1617 Putris
540 1553 713 1617 rrcuitrtem
742 1555 870 1640 rqolest,
901 1563 1067 1635 neuterque
1093 1556 1212 1618 illorum
1239 1558 1347 1638 plenus
1367 1569 1399 1623 et

169 1661 319 1738 perfertur
342 1657 392 1720 sit.
434 1656 587 1735 Siquidem
610 1656 639 1717 iri
660 1659 816 1737 proprium
832 1665 880 1719 est
893 1675 1065 1738 corporum,
1087 1675 1143 1720 neo
1157 1657 1268 1738 ubsque
1281 1677 1399 1724 summu

170 1759 323 1837 impietate
343 1757 392 1818 rel
415 1757 504 1818 etium
525 1757 583 1818 diui
610 1767 708 1836 quest.
751 1757 861 1820 Plenus
891 1758 969 1820 enim
997 1768 1028 1820 et
1054 1759 1205 1838 perlectus
1233 1767 1280 1822 est
1300 1760 1398 1834 Peter,

156 1868 202 1922 ·et
224 1860 290 1940 ipse
310 1855 404 1920 rurus
424 1855 579 1938 plenitudo
603 1867 650 1920 est
669 1855 777 1921 Patris.
820 1859 880 1922 Nee
901 1863 971 1922 reri
994 1859 1100 1922 eodem
1122 1859 1223 1936 modo,
1246 1879 1305 1940 quo
1321 1861 1399 1924 usus
1487 1869 1493 1884 '

172 1968 221 2021 est
241 1959 273 2022 in
286 1959 413 2022 snueus
434 1963 468 2019 ut
490 1977 544 2019 eos
565 1959 750 2033 comburet,
772 1960 811 2022 ite
833 1968 881 2022 est
904 1969 934 2022 et
949 1961 980 2022 ir
995 1959 1081 2022 Filio.
1125 1961 1194 2042 lpse
1210 1961 1288 2022 euim
1304 1962 1399 2024 virtus

173 2069 222 2122 est
244 2061 307 2122 sire
328 2060 423 2122 robur
443 2051 635 2139 et‘upieotiu
657 2059 769 2136 Putris,
803 2061 926 2141 eiusque
947 2059 1155 2124 communione
1183 2081 1234 2124 res
1255 2063 1347 2125 betae
1370 2062 1401 2124 in

172 2159 286 2242 Spiritu
318 2159 553 2235 srucfilienutur3
589 2161 654 2241 ipse
684 2170 782 2226 nutem
816 2161 908 2224 rurus
941 2180 1001 2225 non
1032 2161 1155 2226 alieuius
1189 2164 1399 2226 communione
1442 2179 1447 2188 ·

135 2301 146 2321 .
171 2263 251 2325 ilius
273 2271 329 2336 est,
351 2263 404 2325 sed
426 2261 566 2343 proprius
589 2269 637 2324 est
657 2263 755 2324 Petris
778 2266 866 2326 letus.
910 2263 971 2325 Nee
991 2263 1062 2326 item
1078 2263 1169 2326 iilius
1192 2265 1288 2328 estin
1311 2265 1398 2328 Putre

172 2365 274 2428 endem
296 2364 426 2440 ratione,
449 2381 537 2444 quem
559 2364 692 2426 indicant
713 2363 786 2426 huno
807 2364 914 2426 verbe:
945 2363 986 2427 'le
1007 2369 1074 2446 ipro
1096 2368 1224 2427 uiuimus
1248 2377 1277 2428 et
1296 2383 1399 2428 mooe-

169 2485 241 2530 ruu·
261 2477 291 2532 et
312 2485 428 2530 ursus.
472 2465 545 2526 Num
567 2465 633 2545 ipse
656 2483 691 2528 ex
713 2465 801 2528 Putre
824 2465 925 2527 existit
946 2475 1085 2546 torquem
1108 2483 1143 2527 ex
1165 2467 1248 2527 lunte
1269 2464 1346 2538 ritu,
1368 2465 1399 2526 in

172 2585 228 2646 qun
257 2568 355 2636 omnir
382 2569 448 2629 uim
478 2563 566 2627 ritum
599 2567 747 2647 rccipiunt
777 2575 839 2630 tum
868 2565 1046 2629 consistunt.
1091 2565 1157 2627 Non
1186 2565 1266 2627 euim
1289 2565 1346 2625 ritu
1369 2565 1398 2625 iu

173 2667 234 2726 rite
260 2667 345 2740 ririt,
377 2666 509 2744 alioquin
534 2665 595 2726 rite
621 2683 682 2728 uon
711 2677 807 2741 essm,
840 2669 895 2731 sed
923 2667 1025 2746 potius
1053 2665 1141 2728 ritum
1171 2665 1236 2745 ipse
1259 2661 1398 2726 omuibus

174 2765 315 2844 impertit.

259 2867 290 2929 2.
333 2863 395 2926 lum
417 2881 488 2926 reru
510 2865 639 2944 srquuss
661 2885 777 2947 quoque
799 2867 907 2928 Asterii
929 2863 1093 2944 sophistae,
1116 2861 1250 2928 moesis
1272 2861 1400 2940 petroni,

147 2966 327 3046 ·siplecet,
350 2963 551 3044 dispiciemus.
595 2965 650 3027 liic
669 2967 749 3028 enirn
771 2967 896 3028 ludaeos
920 2963 1085 3025 aemulatus
1108 2981 1152 3036 eu,
1175 2979 1253 3042 quse
1269 2978 1401 3041 sequun-

174 3076 240 3140 tur,
271 3063 402 3145 seripsit.
449 3063 663 3143 „Perspicuum
692 3067 771 3128 euim
801 3074 864 3138 est,
892 3063 1003 3142 iuquit.
1032 3062 1113 3124 illum
1140 3059 1252 3124 ideirco
1280 3061 1400 3136 dixisse,

174 3169 338 3248 „seipsum
361 3167 391 3228 in
413 3165 501 3230 Putre
524 3165 685 3227 etPetrcnr
709 3165 739 3225 in
763 3163 863 3242 seipso
886 3181 966 3236 esse,
989 3165 1068 3242 quod
1091 3183 1147 3226 uec
1169 3164 1267 3242 ipsum
1281 3161 1401 3242 quidem

174 3283 389 3343 „sermonem
420 3283 511 3344 quem
539 3265 726 3346 proferebat,
756 3264 803 3325 sui
831 3281 901 3326 esse
929 3263 1056 3338 diceret,
1084 3265 1136 3326 sed
1152 3249 1272 3337 ¹l’rtris,
1301 3282 1399 3344 equo

174 3368 338 3444 „videlicet
358 3365 463 3447 agendi
486 3357 622 3428 rirt'utenr
646 3371 830 3446 acceperet.“
862 3360 999 3426 Profecto
1022 3364 1050 3425 si
1064 3364 1206 3445 puerulus
1221 3365 1279 3427 iste
1293 3363 1400 3444 loque-

171 3481 264 3543 retur,
287 3469 402 3535 renium
419 3487 461 3530 'ex
482 3475 578 3530 uetste
599 3476 703 3546 posset
726 3467 878 3546 consequi.
914 3465 987 3528 Cum
1009 3474 1105 3527 sutem
1128 3466 1203 3528 brec
1216 3464 1265 3526 ille
1281 3465 1400 3538 scribet,

174 3572 224 3650 qui
246 3569 387 3650 Sophists
409 3577 580 3634 recuteret
601 3568 699 3630 omnm
729 3585 763 3630 se
789 3569 946 3649 profitetur
974 3585 1172 3646 cognoscere,
1201 3585 1259 3646 quo
1288 3583 1400 3646 quaeso

173 3669 361 3732 damnatione
389 3669 494 3748 dignus
524 3687 592 3730 esse
622 3668 792 3730 censendus
821 3667 891 3732 esti
922 3669 966 3729 An
996 3687 1056 3742 non
1086 3671 1174 3729 etium
1203 3667 1336 3744 seipsum
1364 3663 1401 3725 ub

173 3769 316 3848 Apostolo
334 3769 461 3830 alienum
483 3769 601 3848 probet,
624 3768 734 3848 qnippe
756 3769 804 3848 qui
828 3767 1073 3848 persuasibilibus
1097 3764 1261 3845 sapientise
1282 3782 1400 3826 sermo·

174 3867 263 3930 uibus
285 3868 435 3948 glorietur,
458 3869 566 3948 quibus
589 3877 619 3930 et
640 3869 715 3931 ulios
737 3885 770 3930 se
792 3867 929 3947 decipere
951 3885 1043 3945 posse
1066 3865 1202 3936 confidit,¹
1221 3881 1287 3924 cum
1303 3873 1401 3925 tumen
1469 3885 1472 3890 ·

209 4053 233 4103 t.
257 4053 298 4102 su
320 4053 377 4114 nu.
403 4053 426 4101 r.
450 4059 473 4102 u
496 4051 597 4110 sunu.
631 4051 659 4100 u
682 4049 723 4099 ur
742 4057 766 4099 u
815 4050 881 4098 roeo
906 4029 994 4097 serien
1019 4047 1080 4110 seg:
1105 4047 1127 4096 r.
1151 4055 1175 4096 u
1198 4047 1298 4108 siguo.
1316 4057 1403 4112 quw

175 4120 233 4170 editi
250 4111 309 4168 irre
327 4113 391 4177 ζωὴ,
410 4111 440 4166 ir
461 4101 483 4182 qi
502 4112 536 4165 τὰ
549 4109 646 4166 'noim
663 4113 765 4180 ζωεγο-
814 4104 901 4179 sirus,
921 4105 988 4162 ἀλλὰ
1006 4113 1055 4163 rori
1072 4108 1280 4181 πατρὸςμμῆτε.
1316 4118 1344 4163 At
1361 4114 1402 4164 ulii

174 4186 264 4235 νεῖται
280 4181 326 4236 καὶ
344 4182 513 4244 συνέστηκεν.
543 4183 664 4246 Reginoi.
684 4193 763 4233 tomen
816 4191 840 4232 et
857 4183 914 4232 editi
932 4191 1035 4248 φησιν,
1062 4173 1128 4230 ἀλλὰ
1145 4181 1194 4232 τοῦ
1210 4176 1316 4247 πατρὸς
1333 4169 1403 4231 sins

175 4253 247 4304 bibet
264 4247 443 4318 ζωογονεῖταί
458 4265 487 4301 re
504 4245 551 4299 rui
567 4246 736 4310 curiorum.
813 4243 893 4316 μηδέ,
1148 4303 1159 4330 ς
1366 4299 1377 4326 ,

209 4334 230 4371 e.
249 4322 290 4371 Sic
307 4323 395 4380 iterius
413 4333 505 4382 primus
524 4321 658 4381 ussurus.
685 4317 764 4368 ttslil
850 4320 865 4368 l.
885 4315 1168 4384 Feleim.2.etetlitlp.
1198 4316 1402 4372 telesinum.

175 4395 200 4435 et
216 4388 274 4438 etllti
299 4382 346 4435 διὰ
370 4385 451 4434 τοῦτο
473 4378 563 4450 εἴρηκε
583 4379 636 4452 μὲν
652 4377 759 4434 ἔαυτόν.
848 4399 871 4446 p.
889 4385 946 4446 lter.
970 4384 991 4434 l.
1009 4378 1039 4434 ir
1055 4385 1163 4437 rtreielc
1180 4379 1284 4449 σοφίας
1299 4375 1400 4444 λόγοις,

174 4453 248 4506 uuit.
267 4445 532 4504 meinriirrnmittit.
569 4453 762 4514 intuentem.
813 4459 881 4502 utet
899 4451 970 4501 lubet
992 4447 1123 4516 Scriptura.
1160 4449 1354 4501 l‘elcirnrunib.
1373 4437 1403 4492 tv

173 4521 276 4581 Sequer.
301 4521 399 4572 Gobier.
417 4529 441 4570 et
459 4520 562 4570 tetrum.
584 4521 605 4568 l.
619 4512 691 4598 μήτε
713 4513 764 4567 τὸν
813 4517 908 4567 πειθοῖ
930 4513 1035 4582 σοφίας
1056 4511 1147 4582 λόγων.
1180 4517 1244 4565 Erilli
1262 4508 1292 4562 ir
1309 4509 1405 4560 eruet

171 4579 266 4652 λόγον.
308 4589 354 4639 stit
377 4595 402 4638 et
426 4588 483 4638 editi
504 4579 576 4652 perii
599 4597 649 4634 ror
669 4579 761 4650 λόγον.
813 4585 916 4652 σοφίας
931 4579 1032 4649 λόγοις.
1354 4589 1357 4596 ’
