3258 5276
588 357 695 402 eaurro
710 357 732 401 r.
748 357 865 404 eourru
879 359 1015 404 amanus.
1345 347 1407 416 275

175 507 306 581 tionem,
336 523 392 586 qua
415 505 530 568 seilicet
549 525 648 582 mers,
677 525 752 588 quae
774 509 845 571 olim
867 521 1060 590 regnaverat,
1083 513 1233 576 desuucta
1256 523 1310 578 est
1356 515 1495 582 Si·r.tee.

178 607 296 688 quidem
320 624 354 667 ea
375 603 491 668 ratione
515 607 580 670 eius
602 607 823 672 administratio
845 613 1045 690 praestantior
1067 615 1142 676 laeta
1164 624 1220 690 est,
1243 617 1310 696 quia
1328 621 1410 700 qued

178 708 229 770 leur
254 710 359 788 [erere
386 727 449 770 nou
475 721 614 788 peteret,
651 709 707 771 eli
727 727 787 789 per
816 729 937 774 earnem
964 713 1091 792 infirme
1119 728 1200 785 mot,
1228 718 1301 795 seer't
1324 719 1407 782 lietu

176 815 270 872 ruisse
293 808 371 871 lilio
395 827 451 871 suo
472 813 506 872 ria
528 809 725 872 similitudine
748 813 851 873 cornia
870 815 998 892 peceati,
1021 825 1050 875 et
1072 813 1107 874 de
1124 825 1247 892 perroto
1262 819 1408 881 *madern-

177 915 264 974 suoa't
285 921 440 990 pareutum
461 913 496 972 r'n
517 927 629 982 aurae,
651 913 769 972 rem'ote
792 909 829 970 ab
852 927 886 971 ea
908 909 1026 985 delicte,
1050 929 1109 992 quo
1122 911 1243 992 eapuva
1264 925 1407 996 perpetue

180 1011 344 1084 tenebatur,
368 1010 443 1071 adeo
466 1017 498 1070 ut
519 1010 650 1072 divinum
672 1029 794 1073 sensnm
816 1029 878 1072 nou
901 1011 1010 1073 valeret
1030 1011 1175 1092 recipere.
1221 1013 1409 1080 cluentem

177 1131 297 1174 earnem
319 1111 437 1191 digium
458 1111 588 1174 reddidit
609 1131 684 1192 quae
705 1111 834 1174 Verbum
856 1113 1012 1194 reciperet,
1035 1115 1114 1188 lecit,
1136 1121 1169 1176 ut
1190 1133 1247 1178 nes
1267 1133 1331 1178 nen
1345 1133 1409 1177 atn-

178 1213 257 1293 plius
280 1213 445 1276 seeundum
466 1232 585 1276 earnem
608 1212 661 1276 sed
677 1213 839 1276 seeundum
857 1215 992 1294 spiritum
1007 1216 1236 1291 ambularemus,
1259 1231 1410 1298 saepeque

178 1314 326 1376 dicamus:
350 1313 413 1376 Nos
435 1333 505 1376 rere
527 1333 589 1378 non
611 1333 715 1378 sumus
737 1315 768 1378 in
790 1333 896 1389 carne,
920 1317 973 1378 sed
995 1317 1025 1378 in
1048 1316 1166 1396 spiritu,
1189 1325 1218 1380 et
1238 1316 1308 1398 quia
1327 1319 1495 1388 venitm.

179 1415 232 1477 llei
254 1415 348 1478 Filius
370 1415 400 1476 in
422 1417 585 1491 mundum,
607 1436 671 1481 aea
692 1427 728 1480 ut
749 1419 899 1480 indueret
919 1419 1073 1490 muudum,
1097 1420 1150 1481 sed
1172 1427 1205 1480 ut
1226 1437 1333 1482 omnes
1356 1437 1407 1482 re-

178 1517 316 1590 dimeret,
339 1525 369 1578 et
390 1520 520 1582 muudus
540 1537 599 1598 per
621 1523 721 1600 aprum
741 1530 935 1580 seruaretur.
980 1517 1172 1581 'lunoenim
1186 1521 1315 1583 mundus
1338 1529 1407 1584 tan·

179 1638 267 1698 quam
288 1637 359 1682 reus
382 1618 485 1698 alege
514 1619 713 1694 indicabatur,
744 1638 824 1680 nunc
851 1635 922 1679 rere
945 1619 1074 1680 Verbum
1097 1619 1128 1681 in
1149 1639 1182 1682 se
1203 1621 1338 1703 suseepit
1358 1619 1407 1684 iu-

179 1720 290 1780 dieium
318 1727 350 1781 et
376 1738 504 1800 eorpore
532 1738 588 1798 pro
617 1719 755 1782 omnibus
783 1718 923 1798 patiendo
952 1719 1078 1782 salutem
1107 1721 1226 1784 donarit
1258 1723 1408 1786 omnibus.

112 1848 117 1853 ·
182 1819 271 1891 Quot
293 1838 360 1882 eum
383 1821 567 1898 exploratum
588 1819 711 1883 baberet
732 1821 891 1894 lebannes,
914 1821 1106 1884 exclamabat:
1130 1821 1192 1884 ben
1204 1841 1263 1902 per
1278 1819 1409 1902 Mopsum

182 1921 255 2006 doto
278 1931 332 1989 est,
355 1925 457 2000 pretio
478 1929 508 1981 et
528 1924 643 1982 aeritur
661 1939 722 2001 per
742 1921 843 1984 lerunt
867 1919 1019 1984 Cirr'stum
1038 1924 1123 2003 sueto
1150 1935 1204 1986 ear.
1249 1923 1409 1986 Praestan-

181 2021 242 2084 tior
263 2027 361 2082 autem
384 2027 432 2081 est
453 2020 544 2100 gratia
568 2039 656 2102 mam
676 2021 724 2084 lex
746 2029 775 2083 et
797 2021 907 2084 verim
930 2041 1018 2102 quam
1040 2023 1153 2085 umbra.

267 2227 319 2288 et.
364 2221 428 2284 llee
456 2240 527 2302 ergo
555 2223 635 2304 quod
654 2227 896 2304 praestantioris
919 2223 1060 2285 vocabulo
1082 2225 1273 2306 exprimitur,
1302 2243 1409 2306 quen·

180 2323 343 2386 admodum
364 2323 473 2386 dietum
496 2332 552 2398 est,
574 2343 630 2404 per
651 2325 741 2386 alium
764 2324 829 2386 lieri
850 2343 912 2385 nen
934 2331 1050 2404 poterat
1071 2326 1128 2387 nisi
1150 2344 1203 2406 per
1220 2327 1336 2402 Filium,
1359 2327 1411 2406 qui

180 2425 219 2487 ad
240 2424 390 2488 dexteram
411 2426 509 2490 Patris
538 2425 634 2488 sedet.
684 2423 765 2498 Quid
792 2433 889 2486 autem
916 2424 997 2488 istud
1025 2426 1185 2506 signifieat,
1217 2429 1278 2490 nisi
1307 2443 1412 2490 rerunt

152 2600 157 2608 p
179 2527 262 2590 illum
284 2545 355 2590 esse
375 2527 499 2602 Filium,
529 2525 715 2605 eandemque
736 2525 833 2587 Patris
855 2537 884 2590 et
903 2527 970 2590 Filii
993 2546 1059 2590 esse
1081 2525 1290 2590 divinitatem?
1334 2525 1412 2598 Quia

179 2627 259 2690 enim
281 2629 389 2690 eodem
411 2628 507 2689 Patris
529 2644 623 2704 regno
645 2625 757 2705 potitur
771 2627 873 2702 Pilius,
896 2629 926 2689 in
949 2627 1056 2691 eedem
1071 2629 1208 2692 similiter
1226 2629 1336 2689 tbrono
1353 2639 1413 2704 quo

182 2727 271 2790 Pater
294 2727 394 2800 sedet,
424 2745 549 2806 eumque
577 2727 644 2806 ipse
664 2725 759 2792 Patris
781 2730 932 2794 divinitate
962 2730 1112 2799 videatur.
1141 2731 1212 2792 bine
1238 2725 1415 2788 sanaberis

184 2834 232 2888 est
252 2826 393 2898 Verbum,
415 2835 445 2887 et
466 2827 516 2906 qui
539 2827 618 2888 videt
638 2828 763 2903 Filium,
787 2831 904 2892 Patrem
925 2829 1016 2904 ridet,
1039 2837 1126 2909 atque
1148 2829 1208 2891 boe
1228 2833 1315 2907 pacto
1336 2841 1414 2888 unus

184 2936 234 2990 est
254 2926 346 2990 Deua.
389 2927 490 3006 ltaque
511 2946 528 2989 a
551 2927 661 2990 dextris
683 2930 793 2992 sedens
817 2931 973 2992 sinistrum
996 2947 1058 2990 nen
1079 2929 1179 2990 reddit
1198 2927 1332 3001 Patrem,
1362 2925 1417 2988 sed

184 3027 268 3108 quod
290 3028 425 3089 derbem
448 3035 479 3090 et
500 3027 674 3090 honorabile
696 3039 744 3092 est
765 3031 796 3092 iu
817 3031 916 3102 Patre,
936 3029 996 3090 boe
1017 3027 1105 3088 etium
1129 3025 1218 3088 babet
1238 3023 1339 3096 Filius,
1365 3025 1416 3106 qni

184 3129 251 3209 ipse
273 3128 329 3190 ait:
356 3127 464 3191 onmia
485 3148 678 3210 quaeeunque
702 3129 788 3193 belet
810 3131 913 3199 Peter,
939 3145 1006 3190 mee
1029 3137 1111 3189 auat.
1157 3127 1303 3200 Quoeirea
1323 3125 1415 3190 Filias

185 3249 204 3293 a
225 3230 340 3292 dextris
361 3229 457 3292 Patris
480 3231 590 3292 sedens
613 3230 693 3291 ridet
714 3231 780 3310 ipse
796 3229 935 3291 similiter
948 3228 1097 3289 Patrama
1119 3227 1231 3290 dextris
1251 3229 1414 3303 sedentem,

183 3331 318 3409 quamvis
340 3329 381 3412 {ut
407 3331 497 3394 bomo
526 3333 620 3393 laetus
650 3332 745 3393 dieat:
774 3331 976 3394 Preer’dabnm
1004 3328 1165 3392 Dominum
1192 3333 1226 3394 r'rt
1255 3341 1415 3414 eonapeets

181 3451 247 3495 eaeo
276 3450 408 3512 seraper,
438 3438 509 3514 puio
537 3452 556 3493 n
584 3433 703 3495 destris
734 3445 781 3494 est
808 3432 896 3504 midi,
926 3451 964 3495 ne
994 3445 1190 3496 eommovear.
1234 3431 1307 3493 lude
1334 3433 1415 3494 enim

184 3533 273 3596 etiam
295 3535 391 3614 palam
414 3535 462 3608 tit,
490 3534 648 3596 etlilium
677 3534 708 3595 iu
728 3534 816 3596 Patre
840 3541 870 3594 et
889 3530 1006 3594 Patrem
1029 3531 1059 3594 in
1081 3531 1155 3594 Filio
1178 3551 1255 3596 esse.
1300 3532 1414 3606 Onam·

186 3633 231 3695 vis
253 3619 333 3696 enim
355 3636 459 3697 denter
480 3644 529 3698 est
548 3635 653 3710 Pater,
675 3655 692 3697 a
714 3635 827 3697 dextris
852 3643 948 3696 umen
971 3634 1059 3696 etiam
1081 3641 1130 3696 est
1151 3633 1260 3705 Filius,
1288 3639 1320 3693 et
1340 3631 1415 3693 Filio

186 3754 204 3795 a
226 3735 336 3797 deruis
358 3731 495 3810 sedente,
530 3737 561 3798 in
583 3737 657 3798 Filio
687 3745 734 3799 est
755 3737 821 3817 ipse
843 3737 940 3798 Pater.
985 3735 1022 3798 Et
1043 3734 1145 3813 Angeli
1168 3733 1287 3812 quidem
1309 3750 1415 3795 aseen-

224 4037 246 4072 e.
265 4021 306 4072 Sic
323 4023 465 4084 sapuerim·
484 4021 582 4072 Gobler.
602 4019 779 4070 attritioni.
866 4020 889 4068 b.
908 4017 1058 4079 susurre.
1094 4019 1121 4066 tt
1138 4016 1178 4066 elii
1198 4023 1222 4066 et
1238 4015 1295 4068 editi
1308 4005 1401 4064 abab.

187 4090 217 4140 At
235 4089 276 4138 alii
295 4097 319 4138 et
335 4089 392 4140 editi
412 4083 443 4136 td
462 4082 493 4137 dd
508 4081 649 4152 aprinos.
854 4087 882 4164 ι1.
902 4087 943 4162 sle
956 4085 1054 4146 Sepeer.
1091 4083 1153 4134 liditi
1170 4099 1226 4166 rere
1243 4076 1420 4166 npoupalpspv

834 4165 883 4202 τον
897 4165 1002 4222 supter,
1022 4141 1065 4200 dtr
1081 4143 1110 4200 lat
1121 4147 1218 4208 defruar
1227 4165 1283 4220 μου
1292 4144 1351 4200 lori
1361 4143 1421 4198 dser-

188 4191 301 4307 remp
316 4187 782 4308 bsfmibhaliiigierffitaee'd'editidmddsetid
832 4215 943 4339 {gxii
982 4219 1056 4270 Paulo
1074 4230 1130 4284 post
1147 4223 1246 4283 sepner.
1266 4211 1303 4272 ὥς
1320 4211 1335 4265 ὃ
1354 4209 1420 4270 υῖός.

76 4341 80 4352 ·
191 4325 252 4375 haee
275 4326 360 4375 rerba:
384 4319 430 4372 καὶ
453 4319 504 4384 τὴν
526 4315 647 4384 deuitare
666 4322 714 4374 τοῦ
731 4337 782 4372 arer-

190 4385 257 4457 τρὸς
274 4383 378 4452 ταύτην
394 4380 465 4442 eluar
481 4391 531 4440 reri
549 4383 617 4444 eled.

833 4357 849 4407 F
867 4357 873 4408 Ι
891 4287 1001 4407 11111.ιίἰί
1011 4279 1217 4422 ώῖαῗῖἓςπαξρέ
1241 4287 1353 4405 explieat
1355 4291 1424 4402 1111ιῖ1

852 4373 889 4407 ec
959 4393 968 4435 ,¹
1005 4394 1012 4407 .
1182 4373 1225 4416 a.

243 4495 368 4556 pagum.
395 4493 493 4545 Gebler.
518 4502 542 4543 st
566 4493 670 4544 deletur.
691 4494 713 4543 l.
736 4485 783 4542 sni
832 4437 1234 4553 mlunli‘etgeimblaretl'elelm.
1248 4489 1270 4538 l.
1289 4481 1304 4536 d
1322 4477 1422 4548 nordp-

189 4509 304 4624 ῥλὲτων.
340 4561 393 4613 llos
410 4563 509 4624 Sepuer.
526 4554 573 4609 eat
590 4545 670 4616 οὗτος
687 4545 732 4613 ele.
834 4559 861 4610 la
880 4560 934 4610 aliis
951 4558 1065 4612 deditis
1081 4548 1097 4604 ὃ
1115 4558 1191 4607 deest.

1165 4634 1219 4686 te*
