3070 5242
445 351 563 396 naarai
578 351 796 398 araurnmrutr
812 346 899 398 aman
913 353 946 398 ιι.
1143 385 1147 391 -
1230 341 1299 408 929·

21 517 136 568 tuum
166 505 274 570 uidere
297 471 534 583 corruptionem.
578 501 650 564 ldeo
673 509 702 564 et
721 500 867 564 Dominus
890 499 1001 564 aiebat:
1024 503 1116 568 Nema
1132 507 1215 572 tollit
1228 529 1294 572 eam
1303 523 1381 568 naen

21 625 42 668 a
73 625 151 680 me,
184 605 236 669 sed
257 623 309 686 ega
326 622 412 686 pana
435 623 499 666 eam
521 624 540 666 a
561 608 684 685 meipsa,
708 603 738 664 id
759 612 807 670 ast
820 621 963 684 praeseus
986 604 1057 667 illud
1080 606 1208 671 declaro.

142 811 201 872 15.
244 807 358 870 Idcirco
381 807 412 868 in
430 805 526 868 anima
541 805 660 886 quidem
677 803 787 866 Christi
802 805 910 866 martis
925 777 1083 885 imperium
1100 807 1294 888 destructum,

20 909 242 978 resurrectio
261 910 336 970 lacta
359 927 393 968 ex
416 907 533 968 inferno
563 914 592 966 et
614 905 769 967 animabus
790 905 991 984 praedicatum
1013 916 1076 982 est,
1105 910 1136 972 in
1167 931 1295 991 corpore

24 1019 155 1072 autem
189 1007 299 1072 Christi
327 1006 479 1085 corruptio
511 1005 620 1068 abolita
653 1014 701 1068 est
728 1012 759 1068 et
786 1005 971 1088 incorruptio
1001 1027 1036 1069 ex
1058 1007 1125 1090 ipsa
1156 1012 1295 1092 sepulcra

24 1113 194 1176 emicuit.
239 1111 340 1190 ltaque
361 1127 418 1172 nec
438 1109 529 1170 hamo
552 1128 568 1170 a
590 1108 653 1169 lieo
683 1105 912 1187 segregabatur,
939 1126 996 1172 nec
1016 1109 1096 1173 Deus
1124 1111 1239 1174 homini
1260 1131 1294 1176 se

29 1233 118 1276 eum
150 1213 344 1276 deserturum
368 1211 574 1288 annunciabat,
597 1228 694 1289 neque
715 1209 822 1271 obitus.
832 1209 1018 1292 spiritusque
1033 1211 1177 1274 discessio
1192 1221 1294 1276 trans·
1395 1215 1401 1228 '

29 1317 109 1378 itus
140 1322 211 1376 erat
232 1311 285 1374 Dei
309 1331 324 1374 a
348 1329 486 1392 corpore,
509 1312 562 1372 sed
585 1310 700 1372 animae
723 1328 739 1371 a
763 1329 890 1390 corpore
912 1311 1072 1392 separatio,
1094 1322 1199 1378 nostra
1214 1314 1294 1390 enim
1318 1379 1324 1392 ,

31 1417 84 1478 ibi
113 1433 209 1478 mors
231 1414 378 1494 descripta
400 1412 465 1474 luit
511 1413 598 1486 Quod
621 1412 647 1473 si
669 1411 748 1474 Deus
771 1430 787 1473 a
810 1430 937 1492 corpore
958 1421 1114 1493 separatus
1136 1425 1181 1478 est
1199 1435 1295 1496 eoque

31 1517 149 1578 modo
176 1535 258 1578 mors
282 1514 414 1592 contigit,
438 1513 589 1592 quomodo
612 1531 721 1591 corpus
743 1509 779 1573 ab
795 1512 1012 1592 incorruptibili
1026 1514 1088 1577 lieo
1106 1525 1293 1596 segregatum

35 1616 288 1696 incorruptibile
310 1613 467 1694 apparuit?
511 1615 670 1688 Quomodo
693 1615 780 1675 etiam
804 1613 931 1698 Verbum
953 1615 1131 1678 descensum
1153 1636 1239 1680 suum
1255 1619 1378 1682 adessa.

35 1720 174 1780 inferos
196 1713 337 1796 peregit?
370 1725 421 1778 aut
452 1735 511 1794 quo
538 1723 625 1794 paeto
654 1715 690 1776 ab
718 1713 823 1776 inieris
850 1717 1101 1790 resurrectionem
1135 1718 1293 1784 exhibuit?

38 1809 212 1897 Numqtiid
235 1817 299 1896 ipse
323 1817 383 1877 riae
405 1817 520 1879 animae
543 1825 665 1878 nostrae
680 1817 854 1908 resurrexit,
877 1825 910 1880 ut
927 1823 1048 1879 nostrae
1062 1821 1293 1883 resurrectionis

39 1919 221 1998 imaginem
244 1916 459 2009 concinnaret?
501 1918 610 1998 Atqui
633 1917 697 1981 lieri
719 1925 835 1999 petest,
865 1926 898 1978 ut
928 1918 994 1979 talia
1025 1919 1062 1981 de
1088 1919 1149 1980 Deo
1179 1923 1292 2000 cogite·

42 2019 155 2082 mus?
199 2021 303 2110 Vestra
326 2020 417 2098 igitur
437 2017 571 2080 definitio
594 2039 609 2080 a
633 2019 727 2082 saeris
750 2018 911 2098 scripturis
933 2018 1027 2082 aliena
1052 2028 1114 2096 est,
1137 2030 1295 2101 vestraque

44 2121 210 2183 sententia
232 2139 299 2182 cum
320 2128 438 2200 peracta
467 2120 496 2197 ip
521 2119 641 2182 Christo
665 2120 839 2182 oeconomia
861 2138 922 2182 nan
945 2122 1104 2184 consentit.
1147 2119 1186 2184 Et
1207 2121 1294 2184 illud:

16 2219 17 2224 ’
46 2223 136 2286 Sede
159 2241 179 2284 a
202 2222 319 2284 destris
340 2226 424 2293 meis,
447 2239 507 2282 non
530 2221 660 2282 bominis
684 2220 812 2302 dignitas
836 2229 891 2296 est,
915 2222 969 2307 sed
990 2222 1052 2284 bei.
1096 2223 1134 2284 At
1156 2223 1293 2302 quando-

47 2323 181 2402 quidem
204 2321 257 2384 Dei
280 2321 562 2400 dignitas.hominis
578 2321 705 2400 dignitas
727 2323 801 2384 iacta
825 2329 879 2396 cst,
902 2323 1082 2385 sithominis
1098 2323 1225 2402 dignitas
1241 2322 1294 2384 Dei

15 2429 16 2432 ’
50 2423 189 2501 dignitas
211 2422 392 2496 crederetur,
416 2423 524 2484 dictum
548 2435 608 2486 est:
631 2423 706 2486 Sede
728 2443 746 2486 a
769 2425 887 2487 destris
908 2429 994 2501 meis,
1017 2433 1047 2486 et
1070 2423 1217 2504 Glarifiaa
1237 2443 1294 2498 aaa,

14 2609 16 2614 ,
51 2523 172 2593 Pater,
200 2533 326 2586 aeterna
346 2521 455 2602 glarola
501 2523 562 2586 Nea
583 2521 641 2585 hoo
662 2523 747 2614 dicit,
777 2525 856 2606 quod
879 2525 971 2606 gloria
993 2523 1126 2614 privatus
1154 2525 1209 2600 sit,
1239 2523 1293 2586 sed

14 2629 18 2664 ’ν
54 2622 174 2702 quod'
166 2641 197 2684 ιιι
219 2607 367 2702 inglorio
369 2643 496 2702 corpore
519 2624 655 2704 degeret,
684 2635 716 2687 ut
742 2626 839 2705 palam
871 2629 982 2688 laceret
1002 2643 1064 2686 non
1087 2633 1294 2706 separatama

53 2723 160 2786 divina
182 2721 275 2804 gloria
297 2742 365 2785 esse
386 2725 464 2784 servi
486 2725 628 2800 formam,
662 2726 715 2788 sed
743 2728 867 2789 eandem
900 2727 1025 2806 gloriam
1051 2744 1125 2807 prae
1147 2745 1181 2788 se
1202 2727 1292 2789 serre.

56 2815 253 2906 Quapropter
274 2825 330 2886 ait:
358 2824 397 2886 Et
424 2825 600 2906 glorificavi
626 2837 655 2889 et
683 2846 810 2890 rursnm
837 2826 1029 2908 glorificabo.
1073 2827 1183 2906 Sioque
1205 2841 1294 2887 unam

57 2925 246 3006 eandemque
275 2934 305 2986 et
336 2933 404 2988 ante
433 2945 542 3006 corpus
571 2937 737 2990 assumtum
768 2935 797 2988 et
825 2927 855 2988 iu
885 2946 1011 3008 corpore
1043 2926 1169 3008 gloriam
1201 2925 1296 2988 luisse

14 3041 15 3044 ’
60 3027 204 3100 ostendit,
227 3034 260 3088 ut
282 3026 322 3088 ait
342 3027 519 3106 Apostolus:
545 3029 638 3092 Tanta
660 3029 772 3090 melior
792 3029 913 3108 Angelis
936 3031 1080 3112 effectas,
1104 3038 1216 3110 quanta
1239 3045 1295 3090 es-

62 3127 222 3190 sallentino
244 3146 324 3209 praa
352 3125 413 3192 illis
442 3148 550 3190 namara
576 3129 785 3192 haereditavit.
832 3129 889 3192 dlii
915 3135 993 3192 enim
1022 3131 1100 3192 dixit
1132 3127 1294 3208 aliquanda

61 3227 264 3306 Angelorum:
299 3225 373 3290 Side
397 3247 415 3290 a
438 3230 556 3291 destris
577 3227 676 3290 meis?
718 3229 780 3291 Nec
800 3247 873 3291 sane
894 3229 1075 3309 Angelorum
1099 3228 1196 3308 opifex
1219 3228 1294 3288 Ver-

61 3327 134 3390 bum
156 3328 263 3391 melius
285 3330 393 3391 iactum
417 3339 481 3399 est,
510 3330 595 3408 quasi
619 3329 743 3391 iuferius
766 3338 833 3392 ante
856 3330 982 3402 luisset,
1012 3329 1118 3391 sedin
1142 3348 1175 3390 se
1198 3337 1294 3391 ortam

65 3427 143 3491 servi
165 3431 290 3491 sormam
312 3431 435 3509 Angelis
459 3451 512 3492 scu
535 3432 636 3510 potius
659 3431 740 3491 omni
764 3441 898 3492 creatura
926 3430 1174 3511 praestantiorem
1208 3428 1293 3490 exbi-

62 3531 137 3602 buit,
159 3529 396 3610 quandoquidem
421 3551 486 3592 cum
509 3533 605 3610 imago
629 3539 710 3594 esset
729 3531 782 3592 ttei
803 3531 969 3604 invisibilis,
992 3530 1208 3610 primogenitus
1225 3547 1292 3590 om-

64 3631 111 3691 nis
134 3642 282 3694 creaturae
304 3633 412 3694 lactum
436 3641 492 3702 est,
516 3641 545 3694 ut
560 3633 712 3712 'scriptum
735 3643 782 3694 est
804 3633 834 3695 in
849 3633 1030 3712 Evangeliis:
1053 3632 1156 3694 Donec
1174 3634 1296 3712 peperit

67 3731 173 3794 Filiam
194 3751 282 3794 saum
300 3738 542 3812 primogenitam.
587 3735 659 3794 l'rleo
683 3739 804 3815 inipso
827 3745 930 3797 ereata
950 3746 1023 3797 sant
1047 3737 1155 3804 amnia,
1178 3731 1292 3812 inipso

103 3965 123 3999 c
141 3961 200 3996 ουτε
207 3963 232 4025 η
222 3940 390 4025 ‘adsparsae
402 3942 447 3994 sal
466 3961 514 3994 aaa
500 3941 652 4023 υ’τινειμα-
738 3951 754 3998 l.
779 3949 814 3998 lta
833 3949 933 4009 Segner
952 3949 1044 4009 Anglic.
1062 3948 1159 4000 Gabler.
1172 3949 1294 4000 etFelcl

70 4029 114 4068 τυς
123 4007 304 4080 αιιυχωρηαις
323 4007 418 4063 θευῦ’
404 4027 457 4066 nara
468 4028 597 4080 σωματος
606 4025 651 4066 etc
704 4015 826 4065 mannil.
868 4015 930 4064 Editi
954 4023 978 4064 et
1002 4015 1091 4064 caeteri
1115 4029 1173 4064 mss
1198 4007 1244 4064 ἵνα
1260 4007 1293 4064 τὸ

71 4085 110 4132 Sic
127 4083 220 4145 Seguar
233 4083 329 4162 anglic
349 4085 401 4134 Get
405 4084 447 4130 ier
467 4091 489 4130 et
507 4083 612 4132 Fetelnr
628 4084 651 4133 1.
703 4081 753 4132 τοῦ
772 4074 923 4147 ἀνθρώπου
940 4073 1049 4148 ἀξίωμα
1065 4081 1202 4148 πιστωθῇ

71 4151 129 4198 Editi
146 4141 492 4228 acroaoren‘ainpaaaas,²
478 4163 564 4228 anagn
565 4143 652 4228 ignara
738 4151 875 4212 gGo.bler
888 4151 1028 4200 eatetctm.
1042 4150 1062 4199 1.
1077 4099 1217 4198 τυσοῦτον
1242 4150 1295 4201 idox

72 4208 652 4283 aratiiaien.tasit.toidem’oea01ai-
705 4209 1295 4294 Seguer.earnGraecaScriptaraetertuaap

73 4297 146 4354 gtdts
705 4285 815 4347 (Segner.
834 4285 899 4334 addit
916 4279 971 4344 καὶ)
989 4277 1208 4354 διαφορώτερον.
1231 4285 1296 4338 Editi

106 4353 126 4403 d.
143 4353 174 4403 lta
192 4353 292 4414 Segasa.
309 4351 399 4416 Anglic.
419 4353 516 4404 Gobler.
535 4353 652 4403 etl'elcl·
706 4345 773 4401 baar
790 4345 1009 4434 διαφορώτερον.

75 4421 186 4470 mannil.
223 4422 250 4471 ln
274 4421 344 4470 editis
370 4429 394 4470 et
413 4424 513 4473 caeteris
532 4437 590 4472 mss.
610 4435 653 4469 au·
740 4423 763 4470 b.
782 4423 881 4500 Saguer.
904 4434 1036 4487 spctatam
1057 4412 1210 4486 γέγονεν’
1188 4433 1227 4474 nac
1250 4431 1294 4479 ητ·

75 4489 210 4542 rucdeest.
705 4502 762 4536 rara
779 4480 828 4545 da,
848 4489 1113 4568 etwsictegitllsanins.
1138 4481 1294 4554 Editiapslr·

108 4571 126 4604 a.
141 4557 236 4618 signer.
257 4545 409 4605 ἀνίσταται.
477 4610 481 4616 ,
705 4569 761 4604 των
777 4550 898 4624 γεγονώς
915 4549 1048 4618 ἡττόνων,
1068 4557 1193 4608 mendose.

93 4643 224 4712 ¹Arsrnaan
237 4653 289 4688 aar.
301 4653 373 4688 naas.
388 4653 437 4684 ιιι.
1057 4639 1090 4691 59
