3258 5276
579 383 686 450 omaro
702 405 734 450 n.
751 405 867 450 conam
880 407 1017 472 amenas.
1338 391 1401 462 aab

178 557 343 636 disputent,
366 555 393 618 si
414 553 514 616 Sancti
537 554 574 617 de
596 554 694 616 Verbo
716 555 782 634 ipso
803 555 961 635 loquentes
983 557 1050 620 loeo
1073 564 1126 640 qui
1144 563 1249 641 penult
1271 559 1400 622 dixerint
1408 574 1485 622 nur.

173 664 224 742 pai
242 659 325 738 serit.
369 657 457 718 blodo
480 656 559 717 enirn
581 655 619 716 de
641 673 695 729 eo,
717 655 796 734 quod
819 666 981 718 ornatura
1004 667 1063 730 est,
1087 662 1292 734 consentiant,
1314 661 1399 744 parri

172 759 294 821 omnino
315 757 418 829 refert,
440 773 497 834 qua
520 773 593 816 aare
616 755 672 816 hao
691 755 723 816 in
745 764 929 818 tentantur.
974 755 1036 816 Neo
1052 757 1131 818 enim
1152 779 1239 821 voees
1263 771 1399 824 naturam

167 860 329 940 perimunt,
352 857 405 919 sud
426 856 527 935 potius
549 855 614 936 ipsa
636 865 741 918 natura
764 873 853 916 voees
875 856 912 916 ad
934 875 968 916 se
983 857 1187 920 accommodat
1201 867 1231 919 el
1245 863 1398 926 convertit.

166 961 240 1022 llam
264 977 324 1020 non
347 975 436 1018 voees
460 957 575 1019 naturis
598 963 668 1018 aunt
688 955 818 1035 priores,
840 955 894 1016 sed
916 963 1039 1018 naturae
1060 957 1180 1036 priores
1202 967 1274 1019 sunt
1295 968 1325 1020 et
1344 980 1399 1022 ro-

166 1081 216 1122 oes
243 1060 356 1122 naturis
378 1059 574 1137 posteriores.
619 1056 701 1120 Unde
723 1056 842 1135 quando
864 1065 988 1120 naturae
1009 1059 1102 1120 lautae
1124 1067 1195 1122 aunt
1209 1059 1255 1120 vel
1275 1067 1400 1134 creatae,

164 1173 241 1226 tuno
262 1160 402 1240 propriae
424 1159 461 1220 de
482 1158 540 1220 illis
562 1157 787 1242 haendietiones
811 1167 994 1237 usurpantur
1014 1161 1097 1240 feeit,
1119 1161 1206 1240 sorta
1228 1172 1290 1232 eal,
1316 1179 1402 1224 erea-

160 1268 228 1339 m't,
259 1261 368 1342 quihus
397 1277 474 1339 opus
497 1260 690 1339 significatur.
735 1259 861 1332 Quando
889 1267 989 1321 autem
1014 1270 1121 1323 nature
1150 1269 1199 1322 eat
1220 1263 1349 1324 atialus
1372 1271 1402 1324 et

157 1366 257 1430 lilius,
281 1371 352 1424 tune
373 1360 492 1424 eaedem
514 1360 661 1422 dictiones
682 1360 766 1439 seuit,
787 1361 873 1440 faeta
894 1371 940 1422 eet
961 1369 992 1422 et
1014 1367 1130 1426 creauit
1150 1379 1213 1424 nan
1234 1361 1356 1442 proprie
1373 1362 1401 1424 ei

157 1464 369 1528 attribuuntur
391 1479 486 1540 neque
508 1481 585 1541 opus
607 1459 784 1539 significant,
807 1461 860 1522 aed
882 1479 937 1540 pro
961 1461 1090 1524 dictione
1103 1467 1208 1543 penult
1221 1463 1312 1525 dictio
1326 1464 1402 1543 feeit

158 1569 280 1646 absque
304 1564 364 1626 nlla
387 1563 559 1626 discrimine
581 1569 751 1642 usurpatur.
796 1561 882 1623 Certe
904 1580 966 1624 non
989 1581 1058 1624 raro
1079 1571 1179 1642 patres
1208 1564 1284 1626 hlioa
1306 1582 1340 1625 ex
1363 1583 1398 1626 ee

159 1666 284 1748 genitos
305 1683 379 1726 suas
401 1683 505 1726 servos
528 1664 691 1744 appellent,
724 1681 782 1724 neo
809 1671 906 1724 tamen
930 1665 1010 1743 qood
1033 1674 1154 1727 naturae
1176 1665 1328 1746 proprium
1351 1675 1400 1729 est

161 1767 346 1828 infloiautur.
384 1766 480 1844 Saepe
503 1765 590 1825 etiam
613 1781 719 1826 serres
741 1763 966 1826 beneuolentiae
987 1765 1079 1844 gratia
1100 1765 1179 1827 lilios
1200 1774 1316 1839 vocant,
1338 1785 1397 1846 qua

164 1885 240 1929 sane
261 1867 384 1928 nomine
405 1883 467 1926 non
488 1863 686 1936 dissimulant,
708 1863 776 1925 ihas
792 1865 829 1926 ab
844 1865 930 1926 initio
952 1865 984 1927 iu
1007 1867 1054 1928 sui
1075 1867 1170 1929 luisse
1192 1865 1322 1938 ditinum
1344 1867 1398 1928 sed

167 1976 270 2047 potres
293 1967 372 2027 lilios
394 1983 467 2026 snos
490 1983 594 2026 seruos
616 1983 672 2045 pro
696 1984 749 2028 sua
771 1966 946 2028 auctoritate
968 1975 1088 2040 nonant,
1118 1977 1148 2028 et
1170 1975 1272 2029 eontra
1294 1984 1397 2028 seruos

166 2069 246 2129 lilios
275 2085 332 2146 pro
360 2085 413 2130 sua
442 2085 510 2146 erga
538 2084 590 2128 eas
622 2065 815 2147 benignitate.
859 2067 909 2132 Sia
931 2067 1004 2130 Sara
1025 2069 1223 2130 Abrabamum
1245 2067 1399 2132 dominum

166 2171 258 2238 dixit,
292 2167 425 2248 quamvis
452 2187 513 2232 non
543 2169 607 2231 eius
635 2177 715 2232 esset
744 2168 851 2232 aneilla
878 2170 932 2232 sed
962 2188 1046 2232 uxor.
1088 2169 1250 2250 Apostolus
1278 2187 1398 2250 quaque

166 2271 343 2333 Onesimum
372 2289 489 2333 serrum
517 2290 582 2334 oum
609 2271 785 2334 Philemone
812 2271 889 2332 bero
918 2279 1055 2350 tanquam
1083 2272 1205 2334 fratrem
1233 2271 1396 2334 coniunxit.

164 2371 314 2433 Bersabee
336 2371 405 2434 item
428 2373 544 2436 tametsi
566 2383 662 2436 mater
683 2373 776 2434 hhnm
804 2391 924 2434 servum
945 2372 1116 2454 appellarit,
1145 2391 1212 2436 rum
1239 2375 1317 2454 patri
1338 2373 1394 2437 ait:

165 2473 295 2537 Servum
311 2487 395 2536 tuum
409 2473 612 2546 Salomonem,
636 2474 852 2552 ingressusque
873 2482 978 2552 postea
999 2473 1115 2536 Nathan
1129 2475 1279 2554 Propheta
1294 2473 1398 2534 eadem

163 2594 238 2654 quae
266 2575 314 2636 illa
344 2575 444 2636 baridi
472 2575 563 2635 dixit:
598 2571 791 2636 Salomonem
818 2594 941 2638 aereum
969 2588 1073 2650 mum3
1105 2593 1160 2636 neo
1187 2573 1331 2636 curabant
1357 2571 1398 2634 illi

166 2658 244 2751 qnod
266 2675 359 2734 hlium
382 2693 502 2734 servum
526 2673 667 2734 dicarent.
710 2673 783 2738 Nam
806 2683 836 2738 ot
863 2676 911 2738 ille
941 2677 1066 2738 audiena
1095 2681 1229 2736 naturam
1251 2687 1398 2750 agnosce-

166 2772 235 2842 bat,
263 2783 294 2833 et
314 2773 345 2831 hi
367 2791 434 2833 rum
457 2773 496 2832 ita
518 2773 724 2851 loquerentur,
754 2795 855 2838 aarum
879 2795 947 2839 eum
970 2795 1039 2838 esse
1061 2776 1154 2838 lilium
1175 2772 1254 2834 haud
1276 2772 1399 2850 ignara·

166 2869 248 2933 bant.
293 2873 394 2950 ltaque
415 2872 568 2950 rogabant
593 2885 626 2935 ut
647 2874 694 2936 ille
716 2877 810 2956 patris
833 2877 939 2938 haeres
960 2877 1056 2945 lieret,
1079 2893 1169 2953 quem
1184 2869 1263 2934 servi
1278 2870 1400 2932 nomine

167 2971 365 3052 appellabant
409 2971 550 3035 Salomon
572 2975 651 3036 enim
673 2984 738 3038 erat
759 2980 863 3040 natura
884 2977 963 3038 lilius
986 2974 1117 3037 Doridis.

251 3178 282 3237 l.
328 3172 585 3246 Quemadmodum
608 3192 678 3253 erqo
700 3193 768 3248 nas,
791 3175 841 3253 qui
863 3175 920 3236 ista
942 3172 1076 3251 legimus,
1100 3191 1135 3234 ea
1156 3179 1236 3234 reete
1258 3169 1397 3250 inlelligi-

164 3291 242 3344 mus,
267 3292 363 3352 neque
384 3291 452 3334 eum
475 3273 665 3336 Salomonem
688 3293 808 3338 serram
830 3273 1007 3355 appellatum
1030 3272 1176 3346 audimus,
1199 3271 1280 3334 illum
1300 3271 1395 3334 hisso

161 3393 281 3436 servum
306 3373 526 3446 existimamus,
549 3375 602 3436 sed
624 3375 789 3436 naturalem
812 3385 843 3437 et
864 3393 965 3438 rerum
987 3374 1096 3448 lilium3
1124 3375 1163 3436 ita
1183 3373 1210 3434 si
1232 3371 1269 3434 de
1291 3371 1394 3434 Salva·

161 3483 238 3548 tore,
261 3493 351 3554 quem
374 3473 563 3536 venalitium
580 3495 649 3538 esse
663 3483 781 3537 constat
798 3476 907 3556 quique
922 3475 1055 3538 naturale
1070 3474 1198 3538 Verbum
1214 3482 1271 3546 est,
1294 3472 1394 3535 Sanoti
1486 3531 1489 3538 Δ

163 3575 234 3636 baec
255 3576 371 3638 dicunt:
397 3576 462 3648 Qui
479 3576 579 3656 fidelia
603 3589 647 3640 eat
669 3583 705 3648 ei,
728 3581 781 3658 qai
798 3578 872 3657 fen't
894 3577 998 3652 illum,
1028 3576 1073 3638 rel
1095 3575 1121 3638 si
1142 3575 1208 3656 ipse
1230 3575 1268 3636 de
1290 3574 1393 3654 seipsa

163 3675 219 3736 ait:
241 3675 390 3738 hominus
414 3682 530 3739 creauit
549 3697 605 3749 me,
629 3685 674 3740 et:
698 3677 761 3757 Epo
782 3697 893 3741 aereus
917 3689 988 3740 tuus
1011 3688 1040 3740 et
1061 3677 1146 3758 filius
1170 3675 1300 3738 ancillae
1314 3685 1396 3744 tuoe,

163 3773 277 3854 aliaque
298 3775 388 3838 huius
410 3777 539 3855 generis,
562 3796 623 3839 non
647 3777 715 3840 ideo
738 3797 807 3840 eum
822 3779 918 3840 Patris
934 3775 1090 3859 proprium
1107 3793 1177 3837 esse
1192 3793 1301 3852 argare
1314 3774 1393 3847 lieet,

92 3929 101 3948 ,
165 3874 221 3936 aed
242 3876 282 3938 ita
304 3877 341 3938 de
361 3877 450 3938 Patre
472 3887 503 3938 et
523 3877 597 3938 Filio
619 3886 654 3938 nt
674 3878 712 3940 de
734 3879 893 3940 Salomone
916 3877 1071 3942 alliaride
1092 3883 1172 3936 reolo
1193 3882 1241 3937 est
1262 3874 1396 3938 sentien-

197 4127 221 4177 d.
242 4127 382 4190 Sequerirn.
410 4127 508 4176 uenter.
533 4124 672 4176 Felrlrm.l.
692 4126 756 4176 etl.
809 4125 865 4176 rael.
883 4120 1046 4193 Σαλομῶνα.
1085 4123 1136 4176 lior
1154 4125 1252 4178 Gohler.
1271 4123 1397 4177 etFelek·

161 4195 276 4244 omittant
292 4189 339 4244 ani
357 4189 388 4242 ri
407 4187 518 4243 ἔκτισεν.
808 4209 872 4244 man.
889 4193 908 4243 l.
929 4209 974 4257 pra
993 4185 1120 4246 εἰσελθών
1138 4193 1228 4244 babent
1245 4183 1393 4242 συνελθόν.

196 4278 217 4310 e.
237 4263 446 4324 sequeremur.
458 4261 563 4312 Selclm.
576 4261 597 4312 l.
614 4259 672 4312 etl.
685 4257 755 4328 lib·
840 4294 864 4343 tr.
884 4294 973 4356 anglio.
992 4295 1048 4358 lleq.
1068 4293 1165 4345 Gobler.
1185 4302 1208 4344 et
1227 4291 1396 4344 l'elehrnan.l.

161 4323 274 4384 aniam.
419 4391 425 4408 ι
509 4386 674 4410 ‚.‚.
733 4388 742 4406 Ι
804 4353 919 4412 ἔξω.

196 4397 212 4446 l.
239 4398 344 4448 Felrtrm.
355 4399 378 4446 5.
397 4411 448 4458 την
464 4387 494 4452 ἒξ
503 4409 754 4464 αρχηςαυτωνφυ-
817 4375 839 4427 μ

162 4473 208 4512 em
224 4457 271 4511 arai
287 4461 403 4530 eriam„
839 4466 853 4513 l.
878 4465 920 4514 Sia
938 4463 1037 4525 Sequar.
1057 4463 1114 4523 lleq.
1129 4460 1202 4510 besil.
1220 4458 1312 4520 huglio.
1330 4456 1396 4508 Gob-

196 4545 218 4592 ι.
236 4534 277 4582 Sia
295 4539 393 4596 separer.
414 4531 511 4583 anler.
530 4531 633 4582 Saleium.
646 4531 669 4580 l.
688 4539 711 4581 at
726 4530 751 4580 l.
804 4530 887 4580 lerino.
907 4539 931 4579 et
949 4531 1053 4582 Falehm.
1069 4529 1091 4578 1.
1110 4537 1132 4576 el
1151 4529 1173 4578 4.
1210 4531 1238 4574 m
1256 4521 1395 4576 Saleianb.

161 4603 190 4647 ar
207 4609 231 4646 et
248 4601 318 4652 inira.
353 4600 383 4651 hl
404 4599 445 4650 atii
474 4613 528 4650 enm
554 4597 659 4650 adulans
677 4599 752 4650 Com·
803 4593 920 4662 urnam
938 4589 979 4646 da.
1016 4595 1078 4646 Editi
1095 4589 1229 4658 λέγουσιν.

196 4687 323 4732 hrainein
337 4699 390 4732 aar.
403 4696 475 4730 naen.
489 4697 538 4729 ara.
568 4681 571 4688 ⁴
1157 4675 1188 4726 19
