3150 5254
536 365 646 410 onrro
661 367 705 410 ιιι.
722 368 840 412 coarat
853 369 991 414 munos.
1123 361 1128 374 “
1292 364 1354 430 583

123 514 228 576 need
245 532 319 576 eoas.
362 514 534 578 Perturbari
557 516 635 578 enim
658 517 757 578 carnis
779 518 936 598 proprium
958 528 1014 593 est,
1039 521 1091 584 sed
1106 531 1282 602 potestatem
1297 530 1439 594 ιιι-ΡΜ

122 615 198 676 bero
218 613 344 676 anhnam
368 635 423 678 suo
445 616 566 678 arbitrio
588 617 718 696 ponendi
742 627 771 680 et
793 619 930 680 sumendi
952 619 981 681 id
996 621 1098 701 utiquo
1112 641 1175 685 non
1189 626 1352 718 hominum,

122 716 178 778 sed
200 717 352 795 potentiae
374 717 462 778 Verbi
483 718 638 798 proprium
662 727 717 780 est.
760 719 822 782 Nec
844 721 923 782 enim
945 721 1036 782 homo
1052 741 1105 785 sua
1119 733 1279 805 potestate,
1302 733 1355 796 sed

120 825 248 880 naturae
269 818 449 880 necessitate
470 818 641 898 invitusque
663 820 801 882 moritur.
845 821 882 882 At
896 820 1051 897 Dominus,
1074 823 1124 902 qui
1146 824 1213 905 ipse
1235 831 1354 909 quidem

118 919 300 982 immortalis
329 927 390 992 est,
419 919 472 980 sed
501 920 656 982 mortalem
679 931 865 984 assumserat
886 941 1021 996 carnem,
1049 933 1228 1003 potestatem
1250 931 1354 996 babuit

118 1029 153 1082 ut
174 1020 257 1082 Deus
279 1019 452 1082 discedendi
474 1039 489 1082 a
512 1038 640 1100 corpore
662 1021 792 1101 illudque
814 1023 923 1086 iterum
946 1025 1133 1100 assumendi,
1157 1045 1223 1091 cum
1246 1033 1350 1095 solue-

115 1121 168 1184 rit.
218 1123 283 1196 Qus
306 1123 343 1184 de
364 1141 398 1182 re
421 1121 459 1184 ita
482 1120 588 1184 cecinit
609 1121 716 1184 David:
745 1123 817 1196 llos
839 1125 1029 1208 aerataeque
1051 1131 1183 1192 cremum
1203 1149 1297 1196 manaa
1319 1139 1352 1198 ria

114 1223 264 1302 r’rtserno,
293 1243 386 1304 nepae
408 1223 491 1285 dubis
513 1221 661 1286 Scottum
683 1235 769 1286 tuum
791 1227 893 1289 nidere
916 1231 1153 1310 correptionem.
1198 1230 1351 1311 Siquidem

113 1323 246 1386 decebat
267 1342 400 1396 manem,
423 1341 499 1404 quae
521 1323 707 1404 corruptioni
730 1333 794 1387 erat
815 1324 962 1401 obnoxia,
985 1347 1045 1390 non
1067 1329 1194 1409 amphus
1215 1350 1271 1412 pro
1293 1352 1350 1396 na-

113 1432 188 1485 tura
212 1443 265 1487 sua
287 1425 441 1487 mortalem
464 1443 595 1500 manere,
618 1425 672 1486 sed
695 1434 820 1506 propter
834 1427 974 1504 Verbum,
998 1431 1078 1509 quod
1101 1431 1179 1494 illam
1203 1433 1349 1510 induerat,

111 1525 324 1604 corruptionis
348 1534 498 1604 expertem
520 1544 598 1588 esso.
643 1526 717 1588 Nam
741 1535 773 1590 ut
793 1527 858 1606 ipse
880 1539 986 1592 nostro
1009 1539 1131 1612 accepto
1147 1551 1274 1614 corpme
1289 1555 1349 1598 no-

112 1635 182 1688 sha
204 1635 250 1689 est
269 1626 417 1702 imitatus,
440 1627 482 1688 ita
504 1645 560 1688 nos
584 1635 724 1708 suscepto
747 1627 844 1690 Verbo
866 1629 1097 1694 immortalitatis
1121 1633 1254 1698 eiusdem
1275 1655 1348 1715 par-

115 1727 228 1812 ticipes
249 1729 405 1790 efficimur.

208 1831 258 1894 58.
302 1829 425 1892 Frustra
447 1847 518 1908 ergo
542 1829 713 1892 scandalum
734 1828 794 1908 pati
818 1828 959 1892 simulant
981 1839 1011 1892 et
1031 1831 1099 1894 vilia
1115 1833 1151 1894 de
1162 1833 1259 1897 Verbo
1275 1856 1348 1899 sen-

114 1931 200 1994 tiunt
219 1930 335 2005 Ariani,
369 1930 450 2009 quod
472 1930 572 2010 ipsum
593 1929 800 2010 perturbatum
822 1931 916 1992 luisse
939 1939 970 1992 ct
990 1933 1109 1996 llevisae
1131 1934 1275 2014 scriptum
1298 1939 1346 2002 sit.

115 2033 199 2094 Hinc
220 2032 298 2094 enim
321 2053 359 2094 ne
382 2033 542 2094 humanum
565 2031 684 2110 quidem
708 2049 832 2094 sensum
853 2031 964 2094 habere
986 2033 1136 2108 videntur,
1166 2035 1275 2116 quippe
1298 2039 1349 2118 qui

113 2133 275 2194 hominum
302 2133 441 2213 ignorent
467 2139 601 2194 naturam
631 2138 661 2192 et
686 2132 903 2212 proprietates,
932 2132 970 2194 ob
999 2153 1072 2213 quas
1096 2145 1175 2198 certe
1198 2157 1234 2199 eo
1255 2140 1348 2220 magis

116 2234 307 2296 admirationi
330 2253 398 2296 esse
421 2233 532 2308 debuit,
555 2233 634 2312 quod
658 2231 786 2294 Verbum
808 2234 839 2294 in
857 2233 1032 2298 huiusmodi
1054 2255 1142 2299 carne
1165 2239 1269 2313 luerit,
1293 2259 1349 2302 noc

114 2333 306 2415 prohibuerit
326 2334 528 2407 insidiatores,
551 2353 607 2396 nec
629 2333 836 2395 interfectores
860 2333 952 2396 ultum
976 2336 1033 2409 sit,
1055 2337 1188 2416 quamvis
1210 2339 1239 2398 id
1263 2341 1346 2400 facile

116 2436 169 2498 ille
189 2429 354 2514 potuisset,
383 2435 433 2514 qui
456 2435 492 2496 ab
515 2433 580 2496 aliis
603 2441 730 2496 mortem
749 2433 889 2514 prohibet
911 2443 943 2497 et
964 2443 1101 2498 mortuos
1123 2435 1159 2498 ad
1182 2437 1270 2498 vitam
1294 2457 1345 2498 re-

59 2525 66 2534 *
117 2545 215 2596 vocat.
259 2535 365 2596 Verum
394 2553 503 2614 corpus
532 2552 619 2596 snum
649 2533 710 2612 pati
730 2535 884 2613 permisit,
912 2535 1167 2616 quandoquidem,
1195 2543 1228 2598 nt
1256 2555 1346 2619 supra

119 2635 193 2708 dixi,
215 2635 324 2698 idcirco
346 2646 482 2708 venerat,
506 2643 539 2696 ut
560 2652 649 2696 carne
670 2641 838 2714 pateretur,
867 2655 963 2716 eoque
985 2643 1071 2715 pacto
1087 2641 1163 2698 'caro
1185 2635 1216 2697 in
1238 2645 1431 2718 poste-eaor.
1495 2625 1500 2632 ⁵

118 2753 186 2798 rum
209 2735 398 2816 inpassibilis
421 2737 596 2798 redderetur
611 2736 843 2810 stimmortalis,
867 2747 965 2816 atque,
989 2735 1236 2815 quemadmodum
1253 2755 1343 2818 saepe

116 2836 265 2912 diximus,
294 2847 325 2900 ut
352 2838 476 2900 iniurias
507 2845 661 2916 ceteraque
683 2836 763 2898 uelut
784 2838 835 2899 illo
857 2837 988 2916 patiente
1009 2853 1044 2897 ea
1064 2837 1101 2898 ad
1125 2835 1263 2898 homines
1286 2838 1344 2900 iam

114 2955 179 3000 non
201 2939 327 3019 amplius
350 2939 495 3002 auderent
516 2938 667 3010 accedere,
689 2937 743 3000 sed
766 2937 802 2998 ab
824 2937 891 3016 ipso
907 2935 1026 3016 penitus
1042 2935 1220 3010 delerentur,
1243 2935 1344 3016 illique

112 3039 259 3118 deinceps
291 3047 437 3120 perpetuo
471 3037 634 3116 incorrupti
664 3045 801 3116 tanquam
834 3036 976 3115 templum
1003 3035 1092 3098 Verbi
1123 3046 1344 3116 permanerent.

117 3140 153 3202 Si
181 3141 253 3202 haec
281 3159 382 3202 secum
406 3139 515 3202 Christi
545 3139 649 3200 hostes
678 3137 875 3215 cogitassent,
898 3135 1198 3216 Ecclesiasticumque
1219 3157 1344 3220 scopum

117 3249 258 3319 tanquam
286 3241 353 3304 hdei
381 3241 540 3304 anchoram
562 3238 770 3318 agnovissent,
799 3237 971 3316 neutiquam
994 3235 1071 3298 circa
1093 3235 1180 3300 lidenr
1203 3239 1345 3304 iecissent

115 3341 311 3422 naufragium,
335 3343 526 3422 usqueadeo
549 3347 651 3402 essent
671 3337 870 3418 impudentes,
893 3346 927 3400 ut
947 3336 994 3398 his
1016 3337 1213 3412 resisterent,
1236 3339 1343 3418 quise
1415 3396 1423 3406 .

113 3442 219 3522 lapsos
248 3452 393 3506 conantur
420 3441 550 3522 erigere,
579 3455 635 3502 nee
660 3438 729 3502 illos
752 3438 809 3502 sibi
831 3439 967 3502 inlensos
990 3436 1150 3513 haberent,
1179 3439 1230 3518 qui
1251 3458 1285 3502 se
1306 3441 1343 3501 ad

115 3558 218 3606 aeram
239 3543 378 3623 pietatem
401 3543 634 3622 amplectendam
657 3541 859 3605 cohortantur.
905 3540 1057 3614 Sedenim,
1081 3547 1114 3602 ut
1127 3539 1253 3612 ridetur,
1268 3539 1343 3602 malo

115 3643 251 3724 prolecto
278 3662 330 3706 res
358 3652 406 3706 est
430 3643 614 3718 haereticus,
641 3641 821 3724 penitusque
852 3650 1026 3722 corruptum
1049 3650 1080 3702 et
1100 3639 1137 3702 ad
1162 3639 1344 3721 impietatem

112 3901 173 3972 post
195 3895 295 3974 lleg31.
314 3903 338 3974 et
361 3895 501 4011 ὃὲξιιιιιιιι.
521 3887 583 3944 οὔτε
600 3887 704 3943 ἐκύλιε.
756 3893 862 3969 l'elchm.
877 3891 1001 4005 §.a‘lbid
1026 3892 1082 3968 ling.
1102 3892 1124 3940 l.
1149 3899 1174 3970 et
1188 3890 1289 3968 §agape
1308 3879 1346 3965 ὥς

111 3961 166 4078 alp
181 3957 533 4110 ‘dezdnbodttfsegssddofdsd
550 4027 632 4078 τοῦτο
642 4021 704 4093 ,γὰρ
754 3971 1003 4076 machmathath.
1015 3958 1345 4090 ogdldts'ebt‘ogr'd'tez‘dxpcq'r'dtv

112 4089 172 4240 'l‘l
190 4096 705 4240 elesperasset
754 4117 1060 4235 ttamen
1074 4106 1343 4245 {tralatus

113 4227 234 4304 ''dm‘'
271 4231 316 4281 ⁵¹⁵⁵
341 4239 365 4282 ἰ
382 4231 440 4282 “¹5²5
456 4224 503 4278 καὶ
518 4223 617 4278 λὐὼ
632 4241 704 4277 “⁷¹⁰‘'
754 4257 861 4315 gnerian.
879 4244 1070 4315 tnsytvoesor.
1105 4251 1150 4301 llll
1168 4259 1192 4300 et
1215 4249 1273 4301 editi
1290 4242 1344 4313 tyt-

110 4293 174 4356 t'Vl'-
755 4331 871 4368 ructor.

141 4377 171 4428 g.
189 4363 246 4426 lleg.
274 4363 295 4412 1.
320 4371 345 4414 et
368 4365 468 4428 Ssgnar.
492 4355 531 4417 sis
552 4355 638 4412 eleb
655 4359 705 4421 td?

111 4417 223 4556 ἔξω.
259 4431 339 4482 emi
366 4439 390 4482 e,
413 4431 470 4482 ,dm
493 4423 531 4484 ,pf
553 4421 639 4480 apag,
657 4421 705 4479 „aa
755 4411 888 4530 &alleg
903 4410 1041 4474 l.stSegn.
1055 4401 1125 4460 odra.
1161 4405 1375 4464 Cetarietediti,

146 4565 171 4613 le
190 4553 338 4630 ἄφθαρτοι
355 4565 424 4616 abest
441 4579 454 4616 ι
471 4565 544 4616 hasil.
562 4566 619 4629 lteg.
637 4564 661 4615 2.
680 4571 705 4616 et
788 4564 807 4614 l.
824 4563 923 4628 Seguer.
940 4553 1073 4627 πονηράν.
