3162 5308
364 1207 588 1284 strtcrl
622 1205 843 1281 PATRIS
879 1204 1111 1280 Nosret

516 1365 962 1484 ATHANASII

417 1527 738 1580 taratartscort
758 1499 1056 1578 tta'xtrtomtr

287 1644 1183 1712 artsrotttosatttrtortatt

549 1782 744 1834 mammona
762 1781 931 1834 priscorum

471 1909 552 1950 contra
571 1901 626 1951 iiior
645 1903 684 1966 qai
702 1901 869 1965 blasphemant
887 1907 910 1950 at
927 1899 1008 1950 dicant

483 1986 597 2050 Spiritum
612 1995 719 2036 naamam
737 1999 788 2036 ram
806 1993 909 2038 creatam
928 1999 989 2034 ema.

578 2177 887 2190 m

109 2429 111 2436 .
162 2397 166 2404 ’
215 2379 243 2440 1.
286 2374 414 2436 Litteras
436 2391 537 2434 aaorae
566 2381 632 2434 tuae
654 2371 781 2464 caritatis
803 2373 833 2432 in
856 2389 955 2434 eremo
978 2369 1086 2451 accepi.
1129 2369 1202 2432 Nam
1223 2370 1424 2432 tametsirmr.

130 2477 234 2540 acerba
256 2478 410 2538 adversum
432 2495 488 2536 noa
509 2474 677 2554 persecutio
700 2473 845 2548 distabat,
869 2481 898 2535 et
918 2473 1008 2536 marita
1029 2472 1204 2553 perquisitio
1227 2489 1341 2546 eorum,

130 2577 181 2654 qui
203 2596 304 2638 necem
326 2575 412 2638 nobis
434 2577 645 2650 moliebantur,
673 2585 770 2638 tamen
791 2575 884 2638 Potor
911 2575 1191 2638 misericordiarum
1212 2585 1240 2636 ot
1258 2573 1342 2636 Doara

132 2681 224 2740 totius
252 2663 467 2742 ooaaolatiomia
496 2679 555 2742 taio
583 2697 639 2740 nos
665 2677 771 2740 titteris
801 2685 847 2738 eat
874 2679 1053 2740 consolatus.
1098 2675 1178 2736 Tuae
1204 2674 1282 2736 enim
1314 2682 1344 2734 et

132 2777 264 2839 omnium
286 2778 401 2840 sineere
423 2781 583 2842 amioorum
605 2780 824 2842 benevolentiae
846 2779 1018 2841 reeordatus
1048 2776 1114 2838 ilios
1138 2783 1206 2838 tuno
1225 2793 1342 2836 meeum

129 2888 303 2960 praesentes
326 2880 425 2942 ridere
445 2881 516 2943 mibi
537 2882 665 2944 videbar.
708 2882 810 2961 ltaque
832 2880 959 2959 acceptis
982 2878 1041 2940 tuis
1062 2877 1168 2940 titteris
1190 2875 1275 2938 valde
1288 2895 1340 2955 ga-
1413 2865 1419 2878 ’

130 2981 213 3042 visua
234 2999 315 3054 sam,
344 2981 397 3042 sed
419 2981 534 3044 rixdam
556 2983 620 3044 ilias
642 2985 840 3063 perlegeram,
864 2999 928 3042 oum
950 2999 1053 3042 ruraus
1074 2980 1263 3041 vehomenter
1284 2977 1340 3040 do-

129 3082 191 3144 lere
212 3082 346 3161 incoepi,
380 3101 482 3144 aarum
504 3083 664 3162 pervicacia
692 3091 806 3156 motus,
836 3081 885 3160 qui
915 3089 1016 3142 eontm
1037 3081 1189 3142 veritatem
1210 3099 1341 3160 pugnare

129 3183 222 3246 semel
250 3183 280 3244 in
307 3183 436 3246 animum
464 3185 648 3247 induxerant.
699 3183 849 3263 Siquidem
879 3191 939 3244 tute
967 3183 1047 3262 ipse,
1082 3182 1186 3245 dilecte
1214 3201 1422 3263 rarequerms.

129 3285 331 3366 optatissime,
355 3303 415 3346 non
438 3287 502 3348 aina
525 3287 627 3348 dolore
648 3285 719 3348 mibi
741 3285 927 3364 significasti,
949 3284 1092 3364 quosdam
1114 3283 1233 3364 impiam
1254 3283 1339 3346 Aria·

126 3405 234 3448 norum
257 3387 288 3448 iu
309 3387 362 3449 Dei
384 3388 489 3450 Fitiam
511 3389 649 3451 baeresim
672 3389 851 3450 detestantes
873 3387 909 3449 ab
932 3385 989 3448 illis
1013 3381 1128 3466 quid'em
1150 3386 1339 3460 disoesaisae,

124 3541 241 3606 proriam
265 3542 349 3603 ieoitar
372 3557 401 3590 ea
423 3557 465 3592 mo
498 3545 588 3592 cerebro
617 3543 709 3594 titatium
760 3541 858 3591 miratur
875 3543 977 3591 tortasse
997 3539 1114 3604 quispiam
1133 3540 1222 3590 nattam
1240 3539 1338 3589 iabisce

127 3611 219 3659 arrodit
238 3615 259 3657 et
274 3613 413 3673 praeposuit.
759 3595 959 3673 disputatim‘ribua
978 3607 1108 3658 macedonii
1132 3610 1276 3658 mentionem
1295 3621 1337 3656 oe-

161 3677 184 3722 tr.
204 3675 319 3724 Emineat.
339 3675 432 3726 Cardia.
452 3677 531 3726 ottob.
552 3667 705 3726 todaao'rrre·
759 3692 862 3726 currere.
898 3677 982 3726 terum
1008 3685 1031 3726 ut
1053 3677 1109 3740 quid
1128 3677 1172 3724 bao
1190 3675 1219 3724 de
1237 3688 1262 3724 re
1280 3689 1336 3724 aen·

127 3733 251 3822 δρθησάν
268 3755 324 3806 μοι.
362 3745 451 3792 ibidem
471 3753 570 3857 martiae
589 3745 644 3806 tteg.
662 3741 708 3793 arai
758 3754 814 3794 tram
832 3745 916 3807 paucio
934 3746 1047 3802 ettotam,
1066 3757 1113 3792 non
1131 3744 1223 3792 ridetur
1241 3742 1270 3790 de
1289 3741 1338 3790 tta·

126 3811 220 3857 errat.
261 3809 339 3858 Ceteri
364 3819 387 3858 et
413 3811 468 3858 editi
492 3825 526 3858 aa
560 3805 584 3860 εἰ
607 3821 706 3862 tantam.
758 3815 857 3862 aadoaie
882 3813 921 3860 trio
944 3813 988 3872 agi.
1024 3811 1115 3860 Etenim
1134 3811 1174 3859 itte
1192 3807 1339 3858 interitio·

129 3877 218 3926 ibidem
238 3876 349 3924 ottobon.
375 3869 389 3922 ὅ
411 3869 471 3924 καθ’
492 3871 562 3942 ἡμᾶς
579 3872 705 3944 διωγμός.
758 3894 843 3930 noram
862 3879 1022 3941 primipitarea
1040 3877 1249 3935 annumerabatur,
1268 3885 1338 3940 atqua

130 3941 203 3994 Panto
223 3951 277 4020 post
295 3945 448 4007 monrrscripti
467 3959 551 3995 omnes
569 3937 707 3994 nostririii'
760 3955 786 3995 at
811 3948 900 3995 ridatar
919 3945 1003 3994 mrum
1027 3959 1123 4010 temper
1146 3959 1191 4007 pro
1215 3951 1340 3994 recreata

130 4004 254 4074 bnarqp
272 4007 328 4056 τῶν
345 4001 492 4076 οἰκτιρμῶν
510 4021 547 4060 etc
580 4011 708 4062 btrnrrscrr.
760 4013 849 4062 babuit.
885 4013 971 4062 Contra
991 4027 1045 4062 rem
1065 4013 1119 4072 tati,
1138 4027 1198 4078 quoa
1217 4021 1340 4076 oppugnat

128 4093 184 4128 raro
205 4077 354 4126 Fetotmmai
374 4069 420 4125 ἄλλ
447 4070 462 4124 ὃ
485 4071 575 4142 πατὴρ
596 4077 644 4138 τῆς
659 4091 709 4126 mo·
759 4081 910 4138 tttrmasiaa‚
927 4081 1027 4130 trimma
1045 4081 1139 4144 quidam
1159 4081 1338 4144 impugnabant,

128 4137 281 4211 ρωιλήσεως
298 4145 394 4194 omissis
413 4147 569 4195 intermediis.
605 4147 654 4196 ittox
665 4141 711 4194 rai
759 4161 839 4198 aarum
858 4161 938 4197 ranam
957 4148 1055 4198 det'itio
1073 4149 1205 4198 doctrinm
1217 4148 1339 4204 vindicam:

128 4223 184 4264 ante
208 4205 238 4261 dr
261 4211 318 4265 τοῖς
341 4215 408 4263 daaat
426 4214 450 4262 in
469 4213 566 4265 Gobtar.
584 4223 607 4265 at
624 4215 708 4266 ratet-
759 4223 795 4265 tes
819 4217 841 4266 in
860 4215 973 4278 Spiritum
997 4225 1103 4266 adactam
1123 4217 1337 4276 debacchabatur,

128 4281 212 4334 mabri
230 4280 251 4330 i.
759 4284 821 4333 arde
831 4284 1010 4334 coniectandum
1021 4285 1170 4349 retinebitur,
1188 4285 1249 4336 barte
1258 4283 1336 4334 Pneu-

163 4366 183 4400 a.
201 4349 290 4412 tortio.
315 4339 343 4396 da
367 4346 423 4395 τῶν
437 4339 591 4414 ³Apeooroir.
630 4351 707 4401 itare·
757 4353 960 4402 mammae-,boram
985 4352 1098 4402 inmittam
1116 4353 1236 4418 disparem
1255 4368 1268 4401 ι
1286 4353 1336 4404 bia-

128 4418 246 4468 doaiorms
268 4427 291 4468 et
317 4418 544 4468 Paeamatomaebor
568 4419 597 4468 ab
615 4419 706 4468 triante
757 4419 886 4470 cottoniana
914 4433 982 4480 eoae,
1011 4421 1074 4484 quod
1093 4428 1171 4470 tamea
1197 4423 1335 4482 augurando

130 4493 207 4534 artum
232 4486 326 4536 daaiaaa
350 4487 451 4548 ratgarii
476 4494 500 4536 at
522 4488 576 4536 trita
600 4489 706 4536 omnium
756 4488 855 4550 dieitar3
874 4501 928 4538 mm
947 4487 1104 4550 iacitagamm
1122 4488 1258 4538 huiuamodi
1268 4491 1336 4540 initia

129 4555 244 4601 aeataotia
267 4562 304 4603 ert
322 4553 531 4618 Macedoniaqua
556 4569 610 4604 ease
628 4555 706 4604 Paea-
756 4556 893 4606 obscuriora
921 4563 989 4616 aunt,
1015 4571 1085 4620 quam
1110 4565 1136 4606 at
1158 4557 1235 4618 possit
1258 4557 1287 4605 de
1305 4559 1334 4607 iio

130 4621 525 4685 matamaetorammteamaanom.
545 4625 705 4682 Quamobrem
757 4632 819 4674 carta
838 4633 861 4674 et
880 4623 1009 4674 indubitata
1021 4623 1077 4674 terri
1089 4623 1214 4674 armentia.
1232 4621 1261 4673 Et
1273 4625 1334 4674 atio-
