3162 5308
517 363 663 408 sersaoni
678 363 699 405 1.
714 364 751 405 in
767 347 963 406 sanniones.
1294 346 1352 408 721

125 528 190 591 est,
216 535 278 580 non
300 515 401 589 multi,
433 533 530 594 neque
558 533 594 576 ex
615 513 716 576 miritis
737 532 831 588 unns,
862 513 914 574 sed
947 512 1030 575 solus
1058 513 1125 592 ipse
1147 512 1276 592 Spiritus
1300 521 1441 574 estrees.

125 621 202 694 Quia
225 619 305 680 enim
326 636 406 680 nnus
429 625 474 678 est
495 616 604 688 Filius,
634 616 684 696 qni
707 623 736 678 et
757 616 859 678 vivens
883 623 930 676 est
951 614 1096 688 Verbum,
1127 634 1216 678 unam
1238 633 1357 695 quoque

124 741 197 784 esse
218 737 345 782 necesse
368 727 414 780 est
435 719 598 797 perfectam
618 725 649 778 et
668 717 803 796 plenam,
827 716 1059 778 sanctificantem
1081 723 1112 777 ei
1132 716 1356 789 illuminantem,

122 823 273 884 virentem
297 821 361 882 eius
384 818 542 880 efficaciam
570 825 601 879 et
614 818 750 891 -donum‘,
765 814 859 898 fquod
889 835 924 876 ex
947 816 1034 878 Patre
1056 817 1219 896 procedere
1240 817 1357 892 dicitur,

123 925 195 1004 quia
217 943 252 986 ex
274 919 382 996 Verbo,
405 921 486 1000 quod
508 938 543 981 ex
565 919 653 980 Patre
681 935 751 980 esse
781 917 969 990 conceditur,
1000 917 1120 996 effulget
1142 926 1172 980 et
1192 918 1228 980 ab
1251 918 1357 980 eodem

123 1025 254 1088 mittitur
275 1043 309 1087 ae
330 1023 427 1084 datur.
463 1021 569 1083 Filium
592 1019 712 1102 quidem
728 1037 744 1080 a
759 1019 846 1080 Putre
861 1018 939 1080 mitti
954 1019 1145 1081 verissimum
1166 1027 1223 1093 est,
1245 1028 1278 1082 nt
1292 1022 1359 1099 ipse

104 1127 174 1189 *his
195 1125 294 1188 verbis
318 1132 459 1187 testatur:
482 1123 533 1186 Sic
555 1124 638 1187 Dens
661 1121 767 1184 diietcit
788 1113 950 1197 mnndum,
980 1132 1016 1183 nt
1038 1119 1149 1184 Filiam
1176 1141 1266 1184 annm
1286 1125 1359 1183 nni·
1397 1155 1409 1178 .

125 1231 261 1308 penitens
281 1230 423 1288 mitteret.
467 1225 517 1287 Sio
538 1224 627 1286 etiam
647 1222 739 1284 Filius
762 1222 904 1303 Spiritum
928 1222 1027 1284 mittit.
1078 1223 1115 1284 Si
1135 1223 1231 1296 enim,
1252 1223 1358 1302 inquit,

128 1348 181 1412 epo
209 1328 333 1398 oiicro,·
350 1332 467 1388 mittent
489 1327 686 1388 Perociitnm.
736 1323 829 1386 Filius
852 1323 989 1388 similiter
1009 1325 1129 1386 Patrem
1150 1323 1293 1398 honorat,
1325 1333 1360 1387 ut

126 1431 195 1509 ipse
216 1428 270 1491 ait:
292 1428 355 1509 Epo
378 1439 405 1490 ta
422 1428 600 1508 clarificavi.
644 1425 774 1507 Spiritus
797 1425 868 1488 dem
883 1427 989 1489 Filium
1004 1426 1144 1500 honorat,
1161 1421 1199 1488 'ut
1214 1426 1292 1488 idem
1307 1426 1359 1487 Fi-

127 1531 185 1602 lius
207 1530 296 1592 dixit:
326 1529 384 1592 tite
403 1549 450 1592 nie
473 1529 663 1609 clorificabit.
707 1527 799 1589 Filius
822 1535 974 1608 praeterea
997 1527 1082 1590 dicit:
1109 1529 1194 1602 Quae
1216 1529 1322 1590 oudini
1338 1546 1387 1589 n.

100 1617 232 1709 'Potrn
256 1633 328 1695 inec
351 1631 461 1711 iopnor
482 1633 515 1690 in
535 1631 659 1692 mundo.
715 1628 844 1709 Spiritus
867 1636 965 1690 antem
987 1647 1024 1690 ex
1046 1629 1119 1690 iilic
1142 1647 1261 1708 quoque
1281 1628 1360 1690 aeci-

127 1734 180 1815 pit.
226 1732 273 1795 Da
293 1749 373 1806 aneo,
403 1731 508 1808 inquit,
530 1734 657 1810 accipiet
679 1742 707 1793 ct
728 1730 922 1792 annuntiabit
945 1731 1041 1792 nodia.
1084 1731 1200 1793 Rursus
1222 1729 1315 1792 Filius
1330 1729 1361 1790 in

127 1835 252 1896 nomine
273 1832 371 1894 Patris
392 1831 481 1893 venit.
523 1831 568 1894 lta
590 1832 679 1892 etiam
701 1831 841 1913 Spiritus
859 1845 1000 1904 sonetns,
1023 1831 1119 1912 inquit
1139 1832 1247 1908 Filius,
1276 1851 1363 1915 pean

129 1941 229 2002 mittet
250 1933 346 1998 Pater
373 1936 406 1994 in
432 1936 552 2018 nominc
572 1951 648 1996 meo.
928 1920 931 1928 ’

215 2141 268 2201 21.
315 2135 389 2198 Cum
403 2135 493 2215 igitur
511 2135 638 2198 eundem
662 2135 797 2196 ordinem
821 2136 1003 2216 eandemque
1018 2143 1152 2198 naturam
1167 2137 1275 2199 hahent
1290 2137 1362 2218 Spi-

127 2243 206 2304 ritus
229 2257 299 2318 erga
320 2237 442 2311 Filium,
467 2237 583 2316 qualem
606 2236 698 2298 Filius
722 2255 791 2316 erga
813 2237 950 2311 Patrem,
974 2257 1031 2317 qna
1053 2256 1165 2316 quaeso
1187 2240 1304 2300 ratione
1324 2238 1361 2313 is,

129 2343 179 2423 qui
202 2340 348 2422 Spiritum
371 2347 505 2400 sanctum
526 2357 591 2400 rem
614 2346 743 2400 creatam
766 2357 835 2400 esse
857 2339 1024 2414 contendit,
1057 2357 1119 2400 non
1147 2339 1226 2402 idem
1254 2347 1364 2401 necess

130 2443 211 2506 sario
234 2441 271 2504 de
292 2439 367 2502 Filio
390 2439 522 2502 sentiet?
565 2439 640 2500 Nam
663 2439 690 2500 si
711 2439 779 2500 Filii
802 2439 932 2517 Spiritus
962 2446 1012 2500 re's
1042 2446 1087 2500 est
1108 2448 1223 2513 creata,
1253 2457 1363 2502 conse-

131 2560 225 2620 quens
258 2549 305 2603 est
331 2549 365 2602 nt
392 2549 423 2602 et
444 2539 574 2603 Verbum
603 2540 700 2604 Petris
731 2559 794 2602 rem
824 2548 961 2602 mentam-
979 2559 1048 2602 esse
1076 2540 1233 2601 iateantur.
1278 2541 1365 2614 ‚naec

131 2658 240 2719 nempe
269 2641 380 2718 opinati
401 2642 502 2703 Ariani
530 2643 561 2705 in
590 2640 922 2722 caiphaetodanmnm
950 2640 1064 2719 delapsi
1093 2649 1173 2702 sunt
1218 2641 1250 2702 Si
1271 2659 1363 2721 porro

131 2740 180 2813 hi,
208 2739 260 2818 qni
281 2741 318 2801 de
340 2740 453 2820 Spiritu
475 2743 549 2804 haec
569 2742 680 2806 audent
701 2743 823 2816 dicere,
855 2741 917 2803 nrii
947 2740 1125 2802 sententiam
1152 2742 1230 2802 tueri
1256 2741 1448 2817 ontinenam.

133 2842 198 2904 eins
222 2859 293 2921 ergo
316 2842 404 2903 verba
427 2861 546 2922 quoqne
567 2845 696 2924 ingiant,
725 2863 781 2906 neo
811 2843 894 2922 impii
917 2842 1030 2908 sintin
1052 2841 1195 2920 Spiritum
1217 2842 1363 2904 sanctum.

132 2941 207 3004 Nam
229 2941 386 3016 attilius,
409 2942 460 3021 qui
481 2945 512 3004 in
533 2945 620 3007 Patre
643 2953 699 3019 est,
722 2945 753 3006 in
776 2962 836 3024 quo
858 2944 947 3004 etiam
970 2951 1018 3003 est
1036 2943 1141 3018 Pater,
1164 2959 1226 3004 non
1248 2952 1294 3004 est
1315 2961 1365 3005 res

134 3051 248 3116 create,
278 3043 331 3104 sed
353 3029 451 3104 Patris
474 3043 656 3106 substantiae
677 3045 820 3124 proprius
843 3051 905 3118 est,
940 3042 1020 3122 qnod
1043 3051 1072 3106 et
1092 3062 1147 3104 vos
1170 3045 1366 3120 asseveratis,

34 3133 38 3140 ’
62 3132 68 3140 ’
122 3143 175 3209 rita
196 3151 227 3206 et
247 3143 390 3224 Spiritum
414 3153 565 3216 sanctum,
597 3147 647 3226 qui
675 3145 707 3206 in
729 3145 803 3206 Filio
827 3154 875 3206 est
896 3154 926 3206 et
947 3144 979 3205 in
1001 3162 1060 3223 quo
1083 3144 1175 3208 Filius
1198 3152 1260 3220 ost,
1288 3146 1367 3208 inter

133 3263 184 3306 res
204 3253 321 3330 ,moetas
343 3227 488 3307 collocare
511 3253 562 3307 aut
583 3265 604 3306 a·
621 3246 718 3308 Verbo
741 3245 872 3308 dividere
899 3236 985 3325 atque
1007 3247 1047 3307 ita
1069 3246 1272 3326 imperfectam
1295 3245 1365 3308 'iri-

29 3413 38 3420 ,
132 3345 255 3408 nitatem
284 3346 409 3408 reddere
436 3349 521 3408 neias
552 3347 673 3410 om'nino
707 3348 806 3410 inerit.
851 3347 912 3410 Sed
934 3348 1006 3409 satis
1029 3348 1068 3410 sit
1090 3347 1232 3410 hactenns
1255 3348 1365 3428 Tropi-

133 3466 236 3510 corum
259 3447 441 3527 impietatem
464 3467 500 3510 ex
522 3449 686 3530 ignorantia
710 3453 804 3512 or‘tam
828 3448 1017 3528 coarguisse,
1046 3467 1105 3528 qno
1134 3449 1269 3510 videlicet
1289 3449 1366 3510 Pro-

133 3549 240 3628 phetae
263 3557 293 3610 et
314 3549 450 3629 Apostoli
472 3550 562 3611 verba
585 3551 811 3630 explicaremus,
838 3567 964 3630 quornm
986 3549 1027 3610 iiii
1052 3548 1367 3611 sensumadniteran-

134 3658 180 3710 tes
202 3650 321 3730 seipsos
350 3651 381 3711 in
410 3669 545 3712 errorem
573 3651 763 3715 induxerunt.
808 3651 869 3714 iam
899 3670 971 3714 vero
999 3651 1129 3712 seorsim
1162 3649 1367 3730 inspiciamus,

136 3768 280 3829 quaenam
302 3729 647 3832 in'divinisSeriptnris
670 3755 707 3815 de
730 3754 843 3835 Spiritu
867 3762 971 3816 saneto
995 3752 1071 3814 dieta
1094 3750 1214 3823 inerint,
1237 3769 1271 3812 ac
1291 3750 1371 3812 velut

172 3984 194 4031 g.
220 3969 260 4018 Sin
285 3969 343 4029 iieg.
362 3968 384 4015 1.
413 3967 553 4028 Seguntiae.
578 3969 677 4019 Gobior.
704 3978 728 4019 et
812 3972 836 4019 h.
856 3969 896 4018 Sic
914 3971 970 4030 Reg.
991 3970 1012 4017 l.
1032 3978 1055 4018 at
1072 3969 1173 4029 signer.
1209 3967 1235 4016 in
1253 3968 1307 4018 aiiis
1325 3983 1369 4018 au-

136 4037 243 4086 Foioim.
265 4036 301 4094 i.,
325 4036 365 4098 qui
384 4043 462 4084 tamon
483 4033 581 4084 Gohier.
600 4036 727 4085 etieioii-
778 4044 826 4086 tem
855 4044 878 4086 et
903 4037 973 4085 editis
991 4043 1034 4084 art.
1055 4027 1070 4081 ὅ
1088 4037 1164 4084 deest.

137 4103 220 4180 menni
240 4103 262 4151 i.
287 4099 460 4180 φωνεζνμο
485 4099 602 4165 φρονεῖν
630 4097 727 4179 hptieni.
813 4103 906 4164 ittig.
926 4095 1283 4180 ispontxivdospnptiow.
1317 4101 1371 4179 iton

137 4172 183 4222 itu
201 4185 257 4220 tero
276 4177 300 4219 et
318 4171 374 4218 editt
392 4184 428 4219 sic
451 4167 554 4217 hebent:
581 4161 610 4216 οἱ
624 4181 677 4234 μεν
693 4164 728 4216 τὰ
780 4171 837 4231 iieg:
859 4171 880 4218 i.
906 4161 1186 4231 sincerissimae
1210 4161 1271 4217 καθ’
1300 4181 1371 4216 αντα

133 4231 237 4304 'Apee'oo
254 4228 590 4305 pirnpocnotodpevotpip
661 4237 727 4291 νεῖν,
781 4231 816 4284 τὰ
833 4231 863 4286 ἐν
881 4235 942 4289 ταῖς
959 4244 1004 4286 ete.
1038 4237 1129 4298 initia.
1150 4237 1236 4300 lieni.
1254 4236 1370 4286 etOttob.

137 4300 201 4372 περὶ
218 4299 249 4356 δὲ
266 4305 316 4354 τοῦ
333 4297 438 4374 πατρὸς
461 4297 496 4351 τὰ
520 4295 589 4352 αὐτὰ
633 4317 730 4370 γονης
780 4298 815 4352 τὰ
839 4295 910 4352 αὐτὰ
933 4296 995 4351 καθ’
1021 4297 1105 4352 inurit
1128 4298 1163 4352 τά
1187 4314 1231 4354 etc
1267 4305 1329 4352 iiditi
1348 4311 1372 4352 et

139 4384 185 4425 etc.
228 4377 284 4437 Reg.
303 4374 326 4425 2.
357 4388 402 4438 pro
432 4363 537 4441 πατρός
564 4373 627 4422 beno
657 4374 729 4422 habnt
782 4373 853 4422 ceteri
873 4363 943 4419 αὐτὰ
962 4365 995 4419 τὰ
1013 4364 1127 4425 ironic.
1166 4373 1239 4448 Paut'o
1253 4379 1309 4434 post
1322 4371 1371 4420 Go-

138 4434 501 4560 ’‘iteneris-ee
524 4439 663 4560 ‘titi
682 4454 728 4557 n
780 4440 843 4554 ie
861 4433 1419 4570 arnaenenne‡

140 4521 175 4624 ἒξ
184 4524 282 4638 Βῖςῖιῗῐ.
298 4526 325 4626 ιει
343 4577 404 4628 inire
423 4543 553 4641 (inprimet.
601 4545 607 4559 ¹
662 4523 684 4571 Β.
721 4543 730 4558 .
779 4520 886 4632 meditent
903 4521 946 4626 'pe
958 4589 983 4640 p
998 4575 1054 4624 109.
1073 4581 1123 4624 not.
1143 4568 1178 4637 el]
1239 4520 1261 4571 μ
1397 4545 1399 4550 ¹
1467 4543 1474 4552 ι

176 4661 305 4707 drnnnnan
318 4673 369 4708 one.
382 4673 456 4707 noun.
467 4673 518 4705 arn.
1136 4655 1170 4706 46
