3234 5282
590 355 699 400 οιιιτιο
714 355 748 401 ιι.
764 355 1033 402 connumeres.
1348 341 1412 410 389

172 503 342 576 ιοοιιιιιιιιιι
373 505 526 586 apperuit:
561 505 617 568 sed
648 513 752 568 nuncto
783 525 845 568 uuo
873 505 922 570 die
949 507 1115 590 eodemque
1145 509 1273 591 imperio
1306 517 1500 574 voceturus.

175 615 249 670 snut
269 615 302 668 ut
322 615 436 670 esseut
481 604 561 668 Talis
583 605 672 666 etiem
695 605 928 686 quadrupedum,
950 609 1050 670 edum
1071 617 1100 670 et
1121 610 1247 690 piscium
1270 619 1301 674 et
1322 610 1410 692 plon-

176 717 275 771 tsrum
297 707 382 786 origo
405 707 476 780 tuit,
506 713 592 768 utet
613 705 733 785 generis
754 705 929 780 bominum,
958 709 1009 786 qni
1028 707 1068 774 ed
1089 707 1245 790 imaginem
1265 711 1320 774 liei
1342 713 1412 776 ieoti

176 816 259 872 sunt.
302 807 377 870 Nem
404 806 743 870 temetsiddemsoius
767 815 887 868 eterra
909 813 957 868 est
977 808 1141 883 formetur,
1169 819 1267 874 temen
1288 813 1410 894 inipso

174 909 295 972 inerunt
315 908 539 990 propagationis
562 907 683 970 bomani
705 908 826 990 generis
848 907 980 970 rationes
1003 917 1034 972 et
1055 909 1180 974 semine.

261 1113 314 1176 49.
359 1110 496 1174 Ceterum
524 1128 560 1171 ex
581 1109 631 1172 bis
652 1109 756 1172 mundi
784 1107 894 1184 rebus,
927 1129 1002 1190 ques
1031 1093 1181 1184 ridemusss
1212 1099 1411 1191 perspicimus

175 1231 295 1293 quoque
318 1212 384 1274 eius
405 1210 564 1274 invisibilia
587 1210 729 1312 operibus
751 1210 899 1274 intellecto
913 1229 969 1274 nee
983 1211 1100 1293 singule
1114 1229 1255 1276 seorsum
1270 1210 1410 1274 existere.
1438 1263 1441 1276 .
1535 1290 1538 1301 Ι

175 1315 243 1378 Νοιι
265 1313 345 1377 enim
367 1313 444 1376 siud
465 1312 612 1394 primum,
635 1311 689 1374 sed
712 1311 803 1375 simui
825 1313 924 1375 omnio
946 1313 1109 1376 eeeurndum
1131 1331 1218 1377 suum
1240 1331 1334 1393 genus
1355 1313 1411 1374 ei-

176 1417 290 1478 stitere.
335 1415 409 1478 Nem
431 1432 493 1476 uon
515 1411 650 1492 singulos
672 1414 826 1476 recensuit
846 1413 1026 1494 Apostolus,
1054 1415 1096 1477 ite
1123 1421 1157 1478 ιιι
1184 1413 1311 1478 dieeret:
1346 1411 1410 1476 sire

174 1518 305 1600 Angelus
328 1515 391 1578 sire
413 1516 553 1578 Thronus
574 1515 636 1578 sire
657 1512 833 1578 bomiuetio‘
851 1522 883 1577 et
895 1514 1044 1590 Potestas,
1066 1513 1120 1578 sed
1140 1516 1229 1580 simul
1250 1533 1356 1580 omnes
1371 1531 1408 1576 ex

174 1619 280 1682 ordine
303 1625 457 1680 enumerat
477 1614 650 1678 huiusmodi
677 1616 794 1679 verbis:
828 1619 892 1679 eioe
918 1615 1030 1697 eopse·
1050 1621 1114 1679 sior
1141 1617 1325 1700 Aroboepeii
1343 1619 1500 1681 eirenen.

174 1718 385 1798 Prineipotos.
428 1715 553 1794 Proprie
581 1715 694 1778 scilieet
722 1735 756 1778 ee
785 1723 832 1778 est
858 1723 1154 1799 rerumrreeterum
1176 1719 1271 1798 origo.
1314 1717 1407 1798 Igitur

168 1818 214 1905 ιιι,
238 1826 271 1880 ιιι
292 1817 369 1892 dixi,
391 1815 521 1879 Verbum
544 1823 674 1878 ossum
697 1824 788 1890 esset,
811 1835 871 1880 oon
893 1818 978 1896 prius
1001 1817 1054 1880 sed
1077 1819 1136 1880 uni
1158 1837 1226 1880 oum
1247 1817 1313 1880 eliis
1336 1815 1406 1878 vir-

172 1919 289 1982 tutibus
310 1920 418 1980 teotum
441 1918 565 1991 fuisset,
594 1917 781 1997 quantumvis
809 1916 917 1982 iisdem
938 1918 1031 1998 glorie
1053 1919 1217 1982 antecellet
1261 1919 1305 1982 lte
1327 1917 1408 1980 enim

173 2041 210 2086 se
231 2039 284 2084 res
307 2018 398 2082 hebet
417 2018 447 2081 iu
476 2018 599 2092 esteris,
632 2037 706 2098 quae
735 2037 842 2100 nempe
871 2019 959 2081 simul
980 2021 1072 2082 ieotee
1099 2021 1235 2095 tuemur,
1269 2018 1408 2099 nulleque

172 2125 252 2188 iuter
273 2121 340 2184 illes
362 2121 456 2200 prime
479 2127 526 2182 est
546 2119 593 2182 rel
615 2119 754 2194 seeundo,
777 2120 848 2182 iicet
869 2119 963 2199 glorie
985 2120 1062 2184 iuter
1084 2139 1118 2184 ss
1139 2121 1287 2197 different.
1311 2121 1352 2184 ito
1375 2127 1409 2184 ut

171 2225 249 2288 oliae
271 2221 390 2304 quidem
413 2240 429 2283 e
452 2221 573 2295 dextris,
597 2213 671 2283 elifio
694 2222 816 2294 circum,
840 2221 914 2283 eliae
934 2239 952 2282 e
974 2221 1116 2299 sinistris,
1139 2223 1193 2286 sed
1214 2233 1313 2288 temen
1336 2241 1405 2284 om·
1472 2205 1479 2220 ’

171 2343 229 2388 nes
257 2323 346 2386 simul
367 2323 464 2386 Deum
489 2323 611 2386 iaudent
634 2331 665 2384 et
684 2320 814 2383 bomino
837 2321 1015 2385 ministrent
1060 2322 1204 2398 Quooiroe
1225 2325 1252 2386 si
1273 2322 1406 2385 Verbum

170 2435 304 2489 ereetum
326 2434 381 2497 est,
404 2442 461 2486 nee
481 2423 613 2504 primum
636 2440 692 2482 nee
713 2421 890 2502 principium
911 2423 1038 2486 eliorum
1054 2443 1123 2488 esse
1140 2433 1250 2505 potest.
1285 2421 1319 2485 Si
1333 2439 1406 2484 vero

169 2537 238 2590 ente
261 2547 311 2589 res
335 2543 442 2587 omnes
466 2532 528 2596 est,
557 2522 603 2583 uti
631 2539 734 2584 revere
764 2531 826 2596 est,
856 2523 1013 2606 ipsumque
1036 2525 1287 2605 sotumprimum
1309 2528 1408 2584 estet

170 2626 265 2688 Filius
288 2633 351 2699 eet3
373 2643 435 2686 nou
457 2623 546 2701 igitur
568 2622 731 2684 seeundum
753 2632 887 2687 notorem
903 2617 1100 2689 omniom'est
1113 2625 1302 2706 principium.
1332 2621 1408 2682 Nem

172 2724 253 2786 iuter
274 2722 375 2784 omnis
397 2723 486 2784 etiem
510 2723 643 2784 omnium
664 2723 840 2804 principium
862 2735 1047 2790 numeretur.
1083 2725 1171 2798 Quod
1187 2723 1213 2785 si
1227 2721 1407 2802 prindpium

171 2843 237 2886 non
259 2832 317 2898 est,
338 2841 395 2885 neo
416 2823 504 2884 etiem
527 2831 655 2886 ereetum
679 2832 734 2898 est,
758 2826 812 2888 sod
834 2835 917 2906 petet
936 2827 1038 2907 ipsum
1060 2822 1228 2886 substantii
1250 2830 1280 2883 et
1300 2823 1408 2884 notuit

173 2943 191 2988 a
213 2924 305 2986 rebus
328 2923 447 3003 quidem
469 2924 575 2985 creetis
597 2924 715 2988 differre
737 2926 874 3005 aliudque
895 2926 933 2988 ob
954 2925 1014 2988 illis
1037 2943 1117 2998 esse,
1140 2922 1234 2986 solius
1257 2930 1355 2984 eutem
1376 2927 1409 2982 et

173 3021 237 3088 reri
266 3024 319 3086 Dei
347 3023 571 3086 similitudinem
605 3043 672 3087 osse
701 3036 731 3088 et
759 3025 934 3105 imaginem,
969 3023 1068 3086 solum
1098 3021 1227 3102 denique
1257 3030 1287 3085 et
1307 3022 1408 3103 ipsum

173 3126 313 3188 existere.
350 3123 428 3186 Hine
449 3125 548 3204 ipsum
570 3123 648 3188 inter
669 3145 720 3187 res
742 3133 857 3188 meotes
879 3143 941 3186 non
963 3124 1108 3187 oollooent
1128 3123 1307 3204 Smipturoe.
1340 3123 1405 3184 lmo

171 3227 265 3290 florid
288 3245 358 3300 eos,
381 3225 431 3305 qui
453 3223 483 3285 id
505 3225 551 3288 rel
572 3245 662 3305 agere
685 3227 832 3305 cogitent,
855 3225 902 3288 bis
924 3224 1022 3288 verbis
1044 3226 1154 3306 arguit:
1195 3225 1271 3298 Quis
1293 3223 1405 3287 similis

170 3332 222 3390 tui
239 3331 274 3390 ιιι
294 3327 368 3399 diis,
399 3323 552 3388 Domine?
585 3333 631 3387 et:
659 3330 727 3408 poio
749 3325 856 3388 ιιοιιιιι
879 3331 940 3389 erit
960 3324 1091 3389 Domino
1114 3331 1146 3388 ιο
1165 3325 1239 3407 filiis
1260 3323 1343 3390 Deir
1371 3331 1404 3387 et

169 3427 300 3490 Beruob:
334 3426 392 3490 Ηιο
414 3435 461 3488 est
481 3425 565 3488 Deos
587 3435 712 3501 noster,
734 3444 797 3488 non
819 3428 1029 3497 οιιιιιιιοιιιοι·
1049 3426 1130 3490 aleier
1152 3427 1300 3490 adversus
1323 3443 1401 3490 eum.

148 3511 330 3591 'Enimvero
358 3526 406 3588 bio
433 3534 527 3599 orent,
560 3526 609 3588 iila
636 3533 733 3588 eutem
763 3517 908 3591 oreentur.
951 3528 1111 3610 Proprium
1138 3527 1188 3592 ille
1210 3537 1258 3592 est
1278 3537 1403 3592 naturae

171 3627 266 3690 Patris
290 3625 420 3688 Verbum
447 3637 477 3688 et
504 3626 670 3706 Sapientie;
703 3645 752 3689 res
774 3647 845 3690 roro
867 3631 978 3704 iactae,
1008 3648 1076 3693 oum
1097 3637 1183 3693 enea
1203 3647 1267 3692 uon
1288 3635 1402 3702 essent,

171 3745 227 3808 per
248 3729 347 3808 ipsum
369 3727 497 3790 Verbum
518 3729 638 3792 suerunt
658 3727 830 3808 productae.

169 4009 297 4062 iereodom
316 4025 373 4062 esse
385 4010 416 4060 ed
428 4023 509 4060 rocem
522 4001 675 4074 δυνάμεων,
694 4017 761 4073 petet
845 4023 868 4071 ς.
886 4007 928 4057 Sie
945 4009 1045 4088 Sequor.
1064 4006 1278 4062 conterrentes.
1295 4009 1317 4060 1.
1336 4017 1361 4060 et
1376 4010 1403 4064 4.

170 4092 199 4126 ex
218 4077 255 4126 bis
273 4092 335 4142 quse
359 4076 447 4126 ibidem
471 4085 612 4140 sequuntur.
648 4075 697 4126 Neo
715 4075 761 4126 ob·
811 4074 857 4125 Alii
869 4084 894 4125 et
906 4075 962 4126 editi
980 4067 1047 4122 etti
1062 4069 1120 4142 μὴν
1136 4069 1207 4124 καὶὸ
1225 4072 1320 4141 Δοβιδ.
1347 4077 1402 4128 biox
1457 4087 1465 4104 ·

170 4152 219 4194 οιιι
230 4145 295 4208 qood
308 4145 468 4194 moseuiioom
482 4141 562 4205 penos¹
571 4145 603 4192 ibi
616 4151 760 4208 usurpetur:
811 4143 953 4203 Segoeritu.
972 4143 1070 4194 Gobier.
1088 4151 1112 4194 οι
1129 4143 1233 4195 ructu.
1257 4146 1278 4195 l.
1295 4139 1342 4192 καὶ
1359 4135 1402 4200 τις

170 4225 226 4262 uem
251 4220 334 4262 notum
360 4217 398 4260 est
420 4225 495 4275 serpe
511 4211 667 4262 dtbeoeeiom
685 4211 760 4261 retio·
812 4202 1031 4276 ὁμοιωθήσεται,
1065 4218 1092 4262 οι
1117 4219 1141 4262 et
1166 4213 1294 4262 Pssimiste
1320 4213 1401 4262 babet.

171 4292 226 4328 nem
244 4280 342 4341 generis
359 4292 407 4327 uon
425 4279 522 4340 bebere,
540 4279 584 4329 red
602 4292 683 4329 rernm
696 4277 760 4330 don·
810 4279 872 4328 item
890 4277 995 4329 Feiotm.
1014 4277 1038 4328 5.
1057 4293 1169 4342 snoopm.
1187 4271 1401 4346 ὁμοιωθήσεται

170 4353 242 4396 usn
606 4369 612 4384 ·
810 4345 874 4396 nuru
892 4353 916 4396 u
933 4347 974 4396 otii
992 4335 1008 4406 ἢ
1026 4340 1068 4400 τις
1085 4337 1187 4413 ὅμοιος.
1210 4371 1214 4382 -

206 4413 222 4461 i.
241 4412 381 4463 Gobierien.
400 4421 423 4464 et
434 4413 588 4463 Feieimeuni
600 4412 621 4462 1.
639 4407 686 4463 καὶ
702 4405 761 4468 υἱός
845 4413 870 4461 b.
888 4412 945 4475 itep.
964 4421 987 4464 et
1005 4413 1158 4464 Feiobmeoni
1171 4413 1196 4463 5.
1208 4410 1327 4476 πρῶτον.
1346 4411 1401 4460 idox

168 4471 258 4527 dorm·
276 4471 308 4527 ir
323 4473 378 4548 γὰρ
395 4479 454 4533 τοῖς
465 4479 535 4530 πᾶσι
547 4490 593 4532 eto.
603 4481 666 4532 mete
682 4483 760 4532 οιοιι-
811 4481 911 4541 Sepoer.
936 4481 1036 4533 Gobier.
1062 4480 1169 4532 isicium.
1195 4479 1218 4528 ι.
1236 4487 1260 4530 et
1277 4479 1301 4527 5.
1318 4469 1401 4524 πολι·-

157 4546 206 4595 'eie
223 4547 381 4598 intermediis.
810 4540 957 4611 Quaeres.
