3258 5276
603 325 712 368 onorio
728 327 748 369 1.
765 326 882 370 connnn
896 327 1031 373 mnenon
1372 321 1433 386 279

199 478 287 542 inerit
307 476 340 538 in
360 474 632 550 administratione,
663 474 714 556 qrni
743 477 810 557 ipse
836 481 942 540 naturd
970 482 1170 559 praestantior
1197 491 1245 544 est
1271 502 1360 564 qoem
1382 501 1520 550 renunc

197 582 299 654 ianne,
321 597 365 651 ea,
387 597 463 658 quae
484 595 575 657 supro
597 576 738 652 diximus,
760 577 919 666 manifesto
944 582 1117 655 ostendunt,
1140 583 1268 664 indeque
1289 585 1358 649 illos
1382 607 1432 650 nr-

194 681 293 744 bitror
315 677 502 742 crubescere.
546 679 656 741 Verum
679 678 706 738 si
729 686 918 742 conmmacas
941 699 1011 742 esse
1032 691 1168 761 pergent,
1191 703 1207 744 e
1228 704 1262 747 re
1281 687 1368 750 luerit
1382 689 1432 752 in-

196 801 288 846 sanae
308 781 444 863 ipsorum
467 798 625 843 occurrere
648 779 820 855 temeritati,
843 780 1012 860 similiaque
1034 783 1071 842 de
1093 781 1160 860 ipso
1174 783 1262 846 Patre
1282 787 1357 850 dicta
1375 789 1434 854 illis

196 901 368 966 opponere,
395 889 430 944 ut
451 882 496 945 ael
518 881 603 944 tracti
624 881 740 961 pudore
763 899 849 943 susm
870 880 1001 961 lingnam
1032 901 1049 944 a
1072 883 1159 944 malis
1190 883 1361 962 cohibeant,
1387 892 1433 953 nel

195 985 371 1064 intelligant,
393 983 423 1046 in
446 992 590 1064 qnantum
612 983 787 1045 devenerint
809 981 955 1046 inscitiae.
999 984 1102 1066 ltaque
1118 985 1262 1065 scriptum
1279 997 1339 1049 eat:
1363 987 1433 1052 Flos

195 1087 271 1150 erili
290 1091 323 1148 in
337 1085 434 1148 been
454 1094 656 1166 protectorem
679 1095 708 1146 et
730 1089 762 1146 in
785 1083 905 1148 domurn
928 1087 1050 1166 refugit,
1073 1098 1109 1149 ut
1130 1087 1251 1150 salvom
1266 1107 1312 1151 me
1327 1089 1434 1170 funos,

197 1197 226 1250 et
245 1205 371 1250 rursus:
401 1186 513 1249 Faetus
536 1195 582 1248 eat
604 1185 754 1248 dominun
778 1187 931 1266 resugr'urn
948 1191 1098 1268 pauperi,
1128 1195 1158 1248 et
1185 1185 1240 1250 alia
1268 1187 1299 1252 id
1327 1207 1434 1276 genus,
1501 1267 1505 1274 Ι

197 1307 270 1369 quae
294 1289 325 1350 in
346 1287 453 1350 divinis
476 1287 615 1366 leguntur
637 1285 810 1366 Scripturis.
856 1285 943 1360 Quod
966 1288 993 1350 si
1015 1287 1073 1350 ista
1102 1286 1138 1349 de
1160 1288 1236 1350 Filio
1260 1289 1337 1352 dicta
1360 1310 1432 1355 esse

198 1389 393 1462 contendent,
417 1387 498 1468 quod
520 1390 596 1451 lorte
618 1388 664 1450 rel
685 1389 773 1450 etiem
796 1389 891 1468 magis
913 1405 1017 1450 verum
1039 1397 1101 1462 est,
1123 1399 1284 1470 agnoscant
1305 1392 1434 1456 senemr

197 1509 275 1566 enm,
298 1491 349 1570 qui
371 1507 421 1552 res
443 1491 518 1552 lacta
540 1509 602 1552 non
624 1499 698 1564 eret,
721 1507 838 1570 rogare,
861 1498 894 1551 ut
915 1489 974 1552 sibi
997 1490 1115 1552 adiutor
1135 1499 1166 1552 et
1185 1492 1215 1554 in
1237 1492 1360 1556 domum
1381 1513 1432 1556 re-

195 1593 268 1672 fugii
290 1593 395 1666 lieret,
418 1610 452 1654 ac
473 1591 613 1672 deinceps
634 1591 778 1656 vocabula
799 1593 921 1672 suctus,
942 1593 1017 1671 {ecit
1039 1599 1069 1654 et
1092 1598 1207 1655 monuit
1228 1593 1265 1656 de
1285 1613 1433 1676 corporee

100 1733 107 1740 -
196 1693 261 1754 eins
283 1693 448 1772 intelligant
469 1692 649 1770 praesentia.
693 1693 778 1754 Tunc
807 1690 954 1772 siquidem
983 1693 1102 1755 adiutor
1131 1701 1162 1754 et
1189 1693 1295 1758 domus
1322 1695 1429 1778 miugb

197 1794 293 1854 tanos
315 1801 378 1866 est,
406 1811 474 1864 cum
503 1798 608 1853 nostra
637 1801 758 1872 peccate
781 1811 837 1855 soc
859 1811 988 1873 corpore
1009 1793 1040 1854 in
1062 1794 1176 1874 lignum
1199 1795 1320 1856 sustulit
1340 1795 1431 1858 dixit-

197 1911 273 1974 qoe:
300 1891 398 1955 Venite
421 1893 460 1956 od
474 1909 529 1965 me,
555 1911 657 1956 omnes
679 1899 732 1976 qni
754 1894 902 1957 loborotls
926 1906 955 1957 et
978 1901 1099 1958 onerati
1118 1899 1207 1968 ertia,
1231 1907 1260 1960 et
1282 1914 1335 1976 ego
1356 1895 1433 1978 rep-

198 1998 275 2058 ca'oan
297 2013 361 2057 ons.

280 2401 331 2464 63.
376 2399 427 2461 Sin
457 2408 556 2462 nutem
585 2397 650 2460 illas
671 2417 764 2460 noces
788 2397 826 2459 de
847 2395 935 2460 Petro
956 2407 1060 2478 putant
1088 2399 1227 2480 intelligi,
1260 2419 1331 2462 num
1361 2399 1516 2478 quiam.

192 2501 241 2563 hic
262 2519 383 2582 quoque
405 2502 550 2581 scripturn
573 2508 621 2561 est
636 2499 706 2561 Flos
730 2507 759 2560 el
780 2501 882 2580 soclus
903 2511 958 2572 est,
981 2519 1018 2562 eo
1034 2501 1194 2562 devenient
1217 2501 1429 2582 impudentiae,

192 2611 227 2663 ul
247 2603 342 2664 lleurn
366 2603 475 2663 lactum
499 2619 567 2662 esse
588 2597 711 2662 dicanti
754 2599 796 2662 lta
825 2620 896 2664 sane
923 2601 954 2663 id
983 2601 1151 2675 audebunt,
1179 2600 1431 2684 quemadmodum

196 2701 275 2762 idem
297 2703 335 2762 de
356 2701 422 2762 eius
443 2699 542 2761 Verbo
565 2701 677 2778 lingere
698 2718 760 2762 non
783 2711 853 2764 sunt
874 2703 971 2765 veriti.
1015 2703 1089 2765 Nam
1123 2701 1259 2781 sequitur
1287 2719 1324 2762 ex
1345 2699 1431 2778 ipso-
1497 2751 1501 2760 .

198 2819 264 2861 rum
286 2800 384 2874 dictis,
406 2807 440 2862 ut
462 2801 563 2861 eadem
587 2800 746 2880 opinentur
767 2802 804 2864 de
825 2803 924 2877 Patre,
947 2820 1022 2881 quae
1045 2803 1081 2864 de
1104 2803 1169 2864 eius
1184 2799 1281 2862 Verbo
1304 2799 1432 2862 commi-

197 2900 366 2964 niscuntur.
409 2899 518 2962 Verum
540 2899 633 2974 absit,
662 2911 694 2966 ut
723 2903 862 2981 cogitatio
890 2912 951 2964 tarn
978 2903 1072 2982 impin
1093 2903 1126 2963 in
1148 2908 1279 2962 mentem
1300 2899 1432 2960 fidelium

196 3019 327 3080 usqum
350 3001 456 3062 veniat.
501 3001 562 3064 Neo
590 3003 669 3064 enim
691 3003 783 3065 Filius
812 3023 829 3065 e
856 3003 949 3065 rebus
979 3001 1087 3063 mentis
1110 3009 1173 3074 est,
1200 3019 1257 3061 nec
1285 3001 1364 3080 quod
1385 2999 1433 3060 bio

195 3101 338 3164 scribitur
358 3101 418 3182 fios
442 3109 472 3163 et
498 3104 601 3183 suctus
624 3113 678 3174 est,
701 3103 880 3182 principium
904 3101 1051 3164 existendi
1074 3101 1235 3181 significat,
1257 3101 1309 3164 sed
1333 3102 1431 3164 datum

196 3203 398 3283 indigentibus
421 3203 612 3266 adiutorium.
658 3203 793 3284 Namque
813 3205 894 3266 liena
918 3211 947 3265 et
969 3221 1089 3283 semper
1117 3210 1147 3265 et
1173 3201 1251 3266 idem
1280 3211 1341 3276 cst,
1371 3201 1430 3263 lno-

193 3303 292 3366 mines
315 3312 414 3367 autem
436 3323 491 3384 per
511 3306 642 3368 Verbum
664 3313 773 3385 postea
795 3306 863 3367 lacti
886 3314 967 3380 sunt,
990 3305 1109 3384 quondo
1132 3304 1196 3386 ipse
1219 3302 1311 3365 voluit
1325 3302 1428 3378 Pater3

192 3423 251 3468 nec
271 3405 366 3467 lleunn
387 3407 489 3468 videre
511 3419 562 3470 aut
584 3407 620 3469 ed
644 3425 712 3468 eom
736 3406 877 3469 accedere
899 3413 1013 3486 queunt
1033 3423 1083 3467 res
1107 3405 1182 3468 ullae
1205 3405 1313 3478 lectae,
1339 3421 1428 3484 prae-

194 3507 358 3588 serlimqne
386 3507 525 3570 homines
554 3509 698 3570 interris
721 3509 873 3588 degentes.
920 3507 1109 3588 Quapropter
1136 3525 1203 3570 urm
1232 3505 1341 3568 infirmi
1370 3505 1428 3566 bo·

92 3693 94 3696 Ι
193 3608 290 3670 mines
313 3609 378 3672 eius
401 3609 563 3690 implorant
584 3630 689 3692 opem,
719 3629 785 3673 curn
806 3609 904 3673 vexati
926 3617 1086 3690 precantur
1106 3607 1268 3683 auxilium,
1291 3625 1359 3668 oum
1380 3605 1429 3666 io-

225 3862 252 3938 b.
273 3849 463 3941 Segoerbelvm
479 3854 530 3938 τὸὲν
546 3855 631 3940 delfi
658 3856 705 3939 ζαὶ
729 3857 787 3940 τοιλ-Ι
873 3861 897 3910 l.
916 3861 957 3910 Sic
974 3860 1047 3910 llasll.
1065 3858 1156 3920 inglic.
1180 3857 1279 3908 Gobler.
1304 3865 1328 3906 et
1345 3857 1431 3934 Falci-

193 3939 445 4046 tttt‘td'ttt
459 3939 705 4059 ,ttlittttdt
726 3929 790 4057 tlt
839 3926 940 4068 milli?
971 3927 1002 4040 ιζ’
1021 3919 1431 4042 ῗέῗιῗῗὶιγῖἴεὶἼῖἷῖιἪέῩὲἐ

193 4059 252 4112 τοῦ.
284 4063 335 4113 Hor
353 4063 452 4114 Goller.
471 4069 495 4110 et
511 4061 651 4112 deiciant.
671 4054 790 4124 dcetoyt-
888 4071 994 4126 ομενον.
1039 4057 1090 4107 Nox
1114 4058 1213 4120 Segoer.
1244 4059 1382 4111 Goblarion.
1408 4065 1432 4108 et

196 4127 297 4212 comni.
325 4121 393 4178 ἀλλὰ
409 4123 448 4196 μὴ
467 4124 577 4195 ydronto
596 4129 695 4179 omissis
714 4129 790 4180 totm-
839 4127 946 4178 Fslclm.
965 4125 986 4176 l.
1005 4121 1155 4192 γενομένην
1170 4121 1311 4192 βοήθειαν.

194 4200 315 4317 miimssic
348 4261 518 4328 Seguarianns.
563 4263 592 4314 lt
626 4265 649 4315 in
684 4263 739 4314 nlile
766 4271 790 4314 et
874 4261 890 4312 Ι.
909 4261 1049 4324 Segnerian.
1069 4253 1114 4312 ire
1131 4253 1221 4315 oda&
1257 4260 1432 4314 tollenone

196 4333 266 4384 elide
297 4335 365 4384 deest
397 4324 489 4382 atton
543 4332 595 4382 llox
626 4333 789 4394 Segnerianns
839 4329 944 4381 l'elclao.
966 4330 987 4381 l.
1006 4321 1051 4378 ὅτ’
1071 4322 1161 4384 αὐτός.
1195 4329 1240 4379 llil
1264 4336 1289 4379 et
1313 4327 1371 4378 editl
1394 4317 1432 4378 ait·

195 4395 264 4467 nord
290 4413 365 4454 terso
387 4399 445 4450 ταῖν
461 4397 570 4449 πιστῶν
585 4392 683 4450 ἐλθεῖν.
725 4401 787 4450 ildini
840 4387 930 4452 clete
964 4398 1017 4447 tlon
1041 4397 1142 4460 sepner.
1166 4397 1223 4459 ttae.
1241 4395 1379 4448 Gcblerlan.
1405 4400 1431 4442 et

197 4475 231 4581 a
232 4469 285 4584 1:lli
311 4461 388 4524 τινός
404 4481 472 4519 ποτε
488 4467 546 4518 onir
563 4466 671 4517 emur
687 4463 787 4539 nopai-
839 4457 1066 4584 ξὲῒῑῗώιὲὲπιν
1083 4457 1099 4510 l
1116 4460 1188 4516 deis.
1219 4463 1281 4513 Edlti
1300 4471 1324 4512 et
1342 4460 1431 4523 otilone
