3054 5236
304 384 319 422 ⁸
458 331 575 374 conant
587 333 805 376 anonumum!
822 335 909 378 Lllllill
925 335 945 377 Ι.
1251 325 1310 390 871

20 478 210 557 impium
242 490 287 542 est
300 481 453 560 «cogitem.
488 481 602 564 ‚camis
633 483 711 544 enim
740 491 771 546 et
791 483 943 563 sanguinis
966 484 1140 566 ossiumque
1161 491 1312 568 specimen
1321 481 1398 556 naar.

19 579 218 644 exhibuit
231 581 385 655 Dominus,
408 600 524 644 necnon
546 583 637 644 animi
652 583 791 658 dolentis,
813 584 989 664 perturbati,
1010 587 1099 649 anxii.
1130 588 1313 654 Haec-nemo

25 679 189 742 dixerit
221 691 357 746 naturam
380 683 502 768 Deitatis
530 702 617 758 esse,
644 685 766 764 propria
789 693 887 748 autem
909 685 972 747 lleo
995 689 1158 752 secundum
1179 698 1315 754 naturam

21 781 148 844 facta
175 791 263 857 sunt,
286 803 353 846 cum
376 784 472 846 Verbo
493 784 606 866 placuit
619 783 779 847 humanam
795 785 896 848 sabim
911 788 1146 865 generationem,
1169 811 1315 873 suumque

24 885 172 964 ipsius
198 903 279 965 opus
302 885 334 948 in
354 893 491 965 peceato,
516 885 711 965 corruptione
734 893 764 946 et
784 893 882 948 morte
905 887 1083 952 dissolutum
1105 891 1137 953 in
1159 892 1260 972 seipso
1283 895 1314 956 in

24 986 225 1049 novitatis
248 986 406 1066 imaginem
429 985 605 1048 instaurare.
651 984 840 1066 Quapropter
860 990 973 1068 peccati
996 989 1116 1070 quidem
1131 993 1313 1056 condemna-

29 1087 195 1150 tionem
220 1089 252 1149 in
276 1095 363 1160 terra,
387 1087 602 1150 maledictionis
624 1087 815 1150 abolitionem
839 1088 869 1152 in
891 1089 983 1170 liguo,
1006 1111 1022 1152 a
1044 1087 1238 1173 corruptione
1253 1093 1313 1174 im·-

30 1187 261 1250 munitatem
282 1187 314 1249 in
335 1187 483 1268 sepulcro,
505 1188 671 1268 mortisque
694 1187 878 1254 solutionem
900 1191 931 1252 in
953 1193 1071 1254 inferno
1095 1181 1221 1274 peregit,
1245 1211 1312 1256 om-

39 1307 213 1368 nemque
240 1288 339 1352 locum
365 1290 544 1370 permeavit,
575 1297 608 1353 ut
629 1289 720 1352 totius
743 1289 875 1352 hominis
899 1291 1024 1354 salutem
1047 1295 1217 1372 pertineret,
1246 1285 1313 1357 euin

43 1393 209 1466 [ormam
233 1399 353 1452 nostrae
375 1391 511 1470 imaginis
533 1391 564 1451 in
586 1391 688 1471 seipso
712 1391 853 1476 exhibuit,
896 1392 969 1454 Nam
992 1394 1064 1474 qnid
1078 1404 1143 1457 erat
1157 1414 1238 1477 opus·
1249 1395 1311 1472 [leo
1319 1417 1396 1462 aare

49 1502 94 1556 nt
115 1511 161 1554 ex
179 1492 311 1554 foemina
322 1492 405 1554 nasci
416 1490 611 1571 dignaretur?
633 1492 704 1572 quid
719 1492 822 1554 lactari
838 1491 1024 1556 saeculorum
1040 1513 1128 1576 opus,
1150 1505 1184 1558 ut
1199 1505 1312 1561 statura

50 1602 92 1656 et
123 1611 282 1656 annorum
305 1610 430 1654 numero
453 1591 626 1660 cresceret?
646 1599 698 1654 aut
718 1611 825 1656 rursus
847 1593 918 1672 qnid
937 1612 1013 1674 opus
1030 1595 1071 1656 illi
1086 1615 1184 1671 cruce,
1207 1598 1310 1678 sepul-

54 1714 123 1758 cro
152 1702 209 1756 aut
230 1693 366 1767 inlerno,
389 1691 495 1773 quibus
517 1711 574 1778 nos
597 1691 719 1755 obnoxii
742 1693 810 1756 lacti
832 1711 954 1767 sumus,
984 1695 1043 1757 nisi
1064 1714 1120 1758 nos
1143 1707 1309 1777 quaereret

55 1805 97 1856 nt
127 1811 193 1872 per
213 1795 350 1867 formam,
374 1811 448 1873 quae
471 1802 594 1856 nostrae
617 1794 723 1856 similis
747 1803 809 1868 est,
832 1813 890 1857 nos
912 1795 1073 1858 vivificaret
1094 1805 1182 1878 atque
1203 1800 1239 1862 ad
1263 1800 1309 1860 si-

58 1894 562 1975 militudinem.imitationemque
590 1897 739 1976 perlectae
768 1895 903 1976 imaginis
931 1896 1131 1976 provocaret?
1182 1898 1310 1960 imitatio

60 2005 179 2060 autem
203 1996 395 2076 perfectionis
418 1997 569 2076 quomodo
592 2016 661 2060 esse
682 1997 830 2078 potuerit,
853 1997 913 2059 nisi
935 1991 1019 2076 prius
1043 1997 1191 2059 exstiterit
1212 1997 1304 2059 abso-

62 2100 139 2162 luta
161 2095 334 2178 perlectio?
361 2098 442 2161 iuxta
471 2098 541 2162 illud
563 2099 717 2178 Apostoli:
746 2097 961 2179 despoliantes
984 2117 1038 2161 oca
1061 2110 1194 2178 ueteremv
1213 2082 1310 2162 lomi*

62 2218 156 2276 nem,
181 2209 210 2262 et
231 2199 388 2262 induentes
410 2219 532 2272 uocum,
556 2205 608 2282 gui
628 2201 791 2262 secuudum
806 2199 903 2262 Deum
925 2211 1047 2264 creatos
1071 2211 1117 2263 ast
1139 2205 1171 2263 in
1193 2205 1311 2264 eoacti-

68 2309 141 2362 σασα
164 2311 195 2362 et
216 2303 334 2364 rustitio
357 2305 508 2364 ueritatis.
586 2333 591 2342 ·

35 2683 38 2690 Δ
166 2601 196 2664 6.
239 2601 345 2680 Aqua
368 2619 439 2680 ergo
462 2600 559 2663 edocti
580 2600 745 2663 increatum
766 2601 847 2663 illum
869 2598 993 2662 dicitis?
1036 2598 1068 2660 Si
1091 2599 1180 2680 igitur
1201 2608 1307 2662 natura

75 2717 117 2760 ex
140 2699 302 2762 mutatione
325 2701 358 2762 tit
379 2701 524 2775 increata,
558 2719 629 2780 ergo
663 2710 693 2762 et
713 2701 872 2763 invisibilis
895 2701 947 2760 liet
968 2707 998 2761 et
1018 2699 1211 2775 immortalis,
1246 2719 1307 2762 non

73 2807 238 2880 postquam
261 2819 296 2862 ex
318 2809 415 2862 morte
437 2801 644 2875 resurrexerit,
668 2802 721 2864 sed
737 2802 843 2864 mortis
858 2818 985 2878 prorsus
1001 2800 1123 2881 incapax
1139 2801 1206 2863 erit
1241 2801 1307 2873 Qua

76 2917 153 2978 ergo
175 2900 290 2962 ratione
313 2909 450 2964 mortuns
473 2910 520 2963 est
540 2901 704 2972 Dominus,
728 2897 754 2962 si
777 2902 927 2962 increatus
949 2901 1080 2962 increato
1102 2902 1192 2964 modo
1215 2902 1306 2964 adre-

76 3001 208 3063 neritia
232 2999 365 3065 terram?
388 3011 438 3064 aut
459 3003 618 3081 quomodo,
632 3001 774 3076 visibilis,
798 3007 828 3061 et
849 3001 1004 3081 palpabilis
1027 3003 1121 3064 lactus
1145 3010 1205 3076 est,
1229 3001 1307 3063 sicut

80 3102 224 3182 scriptum
247 3112 309 3166 cst:
337 3102 426 3176 Quod
446 3106 574 3167 vidimus
597 3115 626 3164 et
647 3121 756 3164 monus
777 3112 903 3182 orostrae
921 3101 1211 3166 contrectaverunt?
1248 3102 1307 3166 Cur

80 3203 179 3282 itaque
197 3223 234 3274 ea
257 3205 367 3278 dicitis,
389 3223 465 3283 quae
487 3222 544 3266 nec
565 3203 676 3283 scripta
692 3201 753 3262 sint
773 3221 829 3262 nac
850 3203 894 3264 las
918 3202 958 3262 sit
973 3200 1127 3281 cogitare?
1158 3200 1306 3264 Omnibus

80 3303 160 3366 enim
186 3304 340 3366 haereticis
370 3303 547 3366 sententiam
580 3289 807 3383 suppeditabitis
843 3301 1062 3381 impiissimam,
1095 3319 1181 3394 quam
1213 3301 1307 3364 tenuit

81 3405 153 3466 olim
173 3404 208 3477 is,
230 3405 280 3484 qui
303 3405 466 3467 Rhetorius
490 3391 658 3476 vocabainr,
682 3403 766 3465 onius
789 3403 970 3492 impietatem
992 3404 1106 3484 relerre
1119 3403 1223 3464 horret
1238 3402 1304 3464 ani-

80 3525 158 3567 mur.
197 3505 254 3568 dut
275 3505 364 3585 igitur
386 3505 506 3567 Divinas
528 3513 633 3584 negate
656 3504 843 3591 Scripturas,
873 3513 923 3566 aut
946 3504 973 3564 si
995 3522 1045 3565 eas
1068 3502 1243 3577 admittitis,
1266 3521 1304 3564 ne
1378 3517 1385 3528 ·

79 3613 199 3685 praeter
219 3625 263 3679 ea,
286 3625 362 3686 quae
384 3607 491 3688 scripta
517 3613 596 3680 sunt,
620 3605 676 3668 alia
698 3597 833 3693 pr'olerre
856 3605 1028 3688 excogitatis
1051 3603 1224 3666 insanabilis
1247 3605 1303 3665 lal-

83 3707 174 3770 laciae
195 3707 290 3768 verba.
336 3707 395 3768 Sed
417 3726 540 3769 rursum
562 3707 676 3768 dicitis:
706 3706 768 3767 Nos
791 3715 955 3766 creaturam
978 3723 1040 3786 nou
1062 3704 1231 3766 adoramus.
1277 3703 1302 3766 0

83 3803 177 3870 stultil
197 3823 248 3868 cur
269 3824 329 3867 non
352 3807 499 3884 cogitatis,
522 3824 631 3886 corpus
647 3805 777 3882 domini,
801 3805 880 3885 quod
895 3806 1003 3866 lactum
1020 3813 1075 3877 est,
1099 3805 1304 3866 adorationem

90 3989 217 4041 Gcblerim.
234 3997 257 4038 rt
275 3983 585 4053 releuatyevvq'emr,
605 3988 662 4038 editi
716 4003 744 4037 aa
769 4002 846 4051 usqne
872 3987 979 4036 insaniae
997 3987 1132 4048 processit,
1163 3996 1188 4036 rt
1211 3988 1303 4040 diceret

89 4051 214 4120 petreae.
251 4057 342 4106 lbidem
361 4058 384 4104 iu
403 4057 503 4118 Seguer.
521 4056 575 4106 solo
595 4057 663 4105 deest
715 4070 800 4106 omnes
819 4056 917 4104 omniuo
937 4053 1071 4102 haereticos
1090 4060 1154 4103 recte
1172 4059 1262 4106 sentire
1281 4063 1304 4106 et

91 4115 255 4187 ἀνασχέσθαι.
291 4123 354 4172 lnlra
373 4125 474 4190 Seguer,
492 4123 664 4174 conterimur
716 4122 809 4172 unllam
828 4135 925 4182 crt·are;
945 4122 1008 4184 quod
1028 4122 1059 4169 ita
1078 4121 1209 4170 absurdum
1222 4124 1303 4184 Angu-

92 4189 186 4242 ielcln.
205 4191 224 4240 l.
252 4183 347 4250 ἐζήτει.
392 4191 455 4240 Editi
483 4205 537 4240 aero
569 4199 592 4238 et
622 4190 662 4241 alii
714 4191 778 4240 atino
797 4190 896 4248 videtur,
916 4196 940 4236 ut
958 4189 992 4238 vir
1011 4189 1302 4239 eum'itaseusisaecre·

93 4251 206 4317 ἀνεζήτει.
714 4259 772 4308 dere
790 4259 875 4321 possit.
912 4256 967 4306 lida
986 4255 1139 4306 Philaenium
1155 4256 1251 4306 haeresi
1260 4256 1302 4308 ll.

125 4329 145 4378 d.
161 4328 253 4407 segnes·
272 4334 295 4378 et
312 4326 404 4390 luglic.
423 4316 563 4377 duriorem.
600 4323 661 4374 Editi
713 4334 737 4376 et
752 4327 849 4384 August
870 4323 962 4374 haeresi
982 4321 1022 4372 il.
1291 4319 1293 4324 “

96 4389 302 4460 etaliiaariorrp.
339 4395 389 4444 lter
408 4391 619 4456 SagoecGobler.
638 4399 662 4442 et
746 4410 768 4444 e.
788 4393 848 4442 Editi
867 4383 910 4439 ὅτι
928 4383 1059 4457 ripariam.
1095 4390 1122 4440 ln
1141 4391 1301 4452 §egresso-

96 4463 219 4514 Falcidi.
236 4455 372 4528 γεγονώς,
396 4458 496 4514 καθώς.
533 4461 660 4514 Rhetorice
712 4461 772 4510 bler.
791 4470 815 4510 et
833 4461 937 4510 Felctm.
959 4459 982 4508 1.
1000 4459 1067 4508 deest
1086 4449 1136 4506 ὅτι.
1173 4455 1232 4508 lbid.
1244 4456 1300 4506 editi

98 4545 160 4594 porro
175 4532 228 4580 inlra
247 4532 600 4595 memoratusnegpptiuserat
620 4530 660 4594 qui
710 4529 856 4594 κτίσματα,
876 4537 900 4578 at
918 4527 1017 4589 Seguer.
1035 4521 1172 4590 κτίσματι.
