3176 5304
455 1161 1035 1258 PRAEFATIO.

649 1475 856 1488 ιι*-

218 1697 356 1806 Saepius
379 1735 410 1789 et
428 1727 506 1790 alios
529 1731 691 1807 querentes
707 1723 804 1786 audiri
826 1725 942 1806 etipse
963 1735 1146 1807 conquestus
1169 1746 1247 1804 sum,
1271 1748 1361 1811 opera

23 1893 24 1904 ἶ
99 1825 395 1889 celeberrimorum
418 1827 560 1890 ecclesiae
582 1835 710 1907 patrum,
742 1843 867 1904 quonam
896 1844 1009 1889 summa
1035 1827 1092 1890 luit
1120 1827 1151 1888 in
1174 1828 1361 1908 dogmatibus

21 1926 23 2004 l
99 1927 195 1990 fidei
221 1927 399 1990 deliniendis
421 1935 451 1990 et
473 1926 659 1990 stabiliendis
682 1925 854 2000 auctoritas,
886 1936 1009 2006 propter
1036 1929 1186 1992 raritatem
1210 1931 1362 2011 exempla-

21 2035 26 2106 l
102 2027 207 2090 rium
231 2037 262 2091 et
282 2029 372 2110 pretii
393 2047 453 2108 quo
476 2036 606 2090 veneunt
630 2025 864 2107 magnitudinem
879 2027 981 2106 paucis
996 2035 1110 2089 tantum
1123 2030 1194 2092 viris
1209 2031 1306 2094 doctis
1324 2033 1362 2096 ad

22 2142 24 2167 ¹
107 2147 252 2192 manum
274 2147 352 2204 esse,
376 2147 433 2192 nec
454 2129 587 2192 delectos
609 2127 726 2191 exiliis
747 2135 887 2208 prostare
909 2146 962 2190 eos
976 2127 1071 2190 libros
1086 2127 1242 2208 dogmatici
1258 2140 1288 2195 et
1301 2151 1359 2214 po-

105 2227 228 2292 lemici
248 2231 424 2310 argumenti,
447 2231 555 2312 quibus
576 2239 693 2312 praeter
714 2229 910 2293 conciliorum
932 2237 994 2292 acta
1007 2229 1038 2291 in
1058 2217 1207 2311 theologia
1221 2231 1361 2297 historica

109 2331 194 2392 sive
222 2330 392 2411 dogmatum
420 2331 546 2394 historia
572 2331 747 2394 illustranda
775 2323 935 2411 plurimum
964 2331 1086 2394 utimur.
1130 2331 1262 2395 Pertinet
1288 2333 1361 2398 haec

111 2432 250 2510 querela
271 2433 400 2494 maxime
421 2433 458 2494 ad
479 2431 547 2494 illos
569 2433 710 2495 eeclesiae
732 2449 856 2512 graecae
878 2431 1045 2511 theologus,
1074 2431 1124 2510 qui
1151 2451 1209 2513 per
1235 2443 1360 2498 aetatem

113 2531 207 2594 inter
228 2533 353 2595 concilia
375 2533 536 2594 Nicaenum
559 2540 589 2594 et
609 2532 852 2596 Chdeeoonense
874 2532 1070 2606 interiectam,
1099 2553 1156 2612 qua
1184 2544 1360 2598 controver-

113 2633 190 2695 siae
212 2633 408 2713 grarissimae
428 2633 465 2695 de
487 2632 685 2695 fundamentis
707 2633 842 2696 veritatis
865 2633 991 2707 divinae,
1014 2633 1053 2693 de
1074 2633 1224 2713 mysteriis
1243 2635 1360 2697 trinita-

118 2733 170 2794 tis
193 2740 225 2794 et
245 2731 459 2794 incarnationis
481 2733 541 2804 dei,
563 2741 701 2796 tractatae
724 2741 804 2805 sunt,
827 2733 1006 2814 scriptorum
1024 2731 1213 2795 multitudine
1229 2743 1258 2796 et
1272 2753 1362 2814 prae·

121 2830 244 2894 stantia
266 2831 518 2890 immortalitatem
538 2832 668 2891 nominis
691 2832 749 2892 sibi
771 2827 960 2910 pepererunt.
1005 2831 1123 2904 Quotus
1141 2833 1222 2894 enim
1238 2833 1364 2914 quisque

121 2939 184 3006 est,
217 2929 272 3010 qui
289 2927 408 3011 ¹opibus
430 2927 560 2988 abundet
580 2937 611 2990 st
636 2929 683 2990 cui
706 2919 870 3008 contingat,
891 2939 924 2991 ut
946 2930 1087 2992 meliores
1109 2933 1258 2992 editiones
1278 2933 1363 2994 Pari-

125 3033 249 3094 sienses
281 3046 411 3110 operum
438 3027 598 3102 Athanasii,
626 3028 728 3090 Basilii
755 3029 861 3108 llagni,
888 3027 1104 3107 Gregoriornm
1131 3029 1306 3093 Nazianzeui
1335 3042 1365 3096 et

123 3131 267 3214 Nysseni,
292 3128 513 3210 chrysostomi,
547 3129 645 3210 Cyrilli
673 3128 872 3203 Alexandrini,
902 3126 1096 3202 Theodorei,
1125 3129 1259 3206 alionum,
1287 3151 1362 3214 quae

125 3233 236 3312 partim
259 3231 349 3294 etiam
371 3231 402 3292 in
430 3228 556 3311 publicis
577 3231 771 3293 bibliothecis
793 3231 903 3291 trustra
932 3237 1122 3308 quaeruntur,
1153 3229 1210 3293 sibi
1238 3253 1359 3317 compa-

25 3373 26 3377 =
127 3351 197 3395 rare
211 3329 337 3414 possit?
380 3331 441 3393 Nec
456 3339 552 3393 tamen
574 3331 633 3394 illis
657 3331 838 3394 editionibus
862 3329 1112 3394 emendatioribus
1136 3339 1167 3393 et
1183 3333 1358 3399 instructio-

126 3433 215 3495 ribus
236 3433 302 3495 sine
324 3431 514 3494 incommodo
536 3433 658 3506 carebit,
688 3433 739 3513 qui
760 3433 790 3494 in
811 3432 942 3494 lectione
964 3440 994 3494 et
1015 3451 1070 3494 usu
1092 3439 1210 3512 patrum
1232 3437 1358 3518 diligen-

126 3535 201 3596 tiam
222 3533 320 3613 atque'
334 3532 549 3595 accurationem
572 3534 742 3596 criticorum
765 3533 842 3596 sicut
857 3533 948 3595 decet
975 3533 1116 3595 aemulari
1145 3535 1235 3614 cupit,
1262 3545 1295 3598 ut
1322 3557 1359 3600 ex

129 3635 252 3714 scriptis
275 3634 412 3713 genuinis
435 3641 464 3694 et
485 3643 624 3712 quantum
648 3635 679 3696 id
700 3633 765 3696 lieri
787 3641 887 3715 potest
915 3633 1077 3713 integritati
1110 3653 1183 3696 suae
1210 3638 1357 3722 restitutis

127 3753 230 3796 reram
253 3733 373 3796 illorum
393 3735 425 3796 in
447 3735 634 3828 dogmatibus
657 3735 725 3797 fidei
748 3745 923 3815 assequatur
945 3733 1135 3807 sententiam,
1157 3753 1254 3816 neque
1268 3727 1359 3801 laisa-

128 3837 244 3897 riorum
267 3835 419 3898 fraudibus
442 3835 486 3896 rel
507 3835 698 3897 librariorum
721 3835 874 3898 erroribus
898 3835 942 3897 rel
964 3833 1160 3913 interpretum
1188 3836 1301 3901 incuria
1318 3847 1360 3902 et

129 3935 278 4016 imperitia
307 3935 345 3996 de
373 3935 495 3997 veritate
522 3935 708 3997 deturbetur.
751 3935 824 3998 Nam
857 3944 891 3996 ut
921 3943 1034 3996 taceam
1063 3935 1150 3996 etiam
1179 3938 1359 4002 vetustiores

130 4023 324 4115 minorisque
338 4035 509 4098 aestimatas
531 4035 679 4096 editiones
702 4053 780 4097 nunc
800 4053 869 4098 raro
893 4043 1008 4108 extare,
1042 4033 1072 4096 in
1102 4035 1139 4096 iis
1167 4039 1280 4117 passim
1303 4041 1358 4102 de-

131 4147 203 4201 sunt
223 4136 343 4216 scripta,
377 4155 453 4216 quse
474 4145 580 4215 postea
604 4155 638 4197 cx
662 4135 811 4198 codicibus
834 4153 923 4197 mann
949 4135 1068 4216 scriptis
1091 4135 1144 4198 riri
1164 4137 1243 4200 docti
1269 4157 1359 4202 erue·

130 4247 211 4310 runt,
240 4237 404 4299 adulterina
427 4245 458 4299 et
479 4234 669 4317 supposititia
691 4255 756 4299 cum
778 4236 913 4318 genuinis
937 4235 1182 4310 commiscentur,
1217 4239 1283 4318 ipsa
1305 4258 1359 4318 ge·

130 4340 232 4413 nuina,
256 4357 330 4419 quae
346 4341 550 4419 proteruntur,
572 4337 687 4400 lacunis
703 4336 982 4420 interpolationibus
997 4337 1171 4418 mendisque
1194 4338 1359 4420 scripturae

131 4441 226 4520 magis
248 4439 383 4502 minusve
403 4439 560 4520 depravata
585 4445 671 4516 sunl,
702 4437 829 4520 denique
857 4438 1065 4501 desiderantur
1091 4439 1232 4519 pleraque
1261 4435 1361 4499 omnia

132 4541 251 4605 criticae
272 4541 456 4606 recensionis
479 4549 568 4623 atque
588 4540 842 4624 interpretationis
864 4539 1025 4604 historicae
1054 4537 1186 4605 subsidia
1215 4545 1245 4602 et
1274 4531 1360 4596 adiu-

1196 4831 1199 4838 ,
1221 4741 1249 4848 l
