3250 5292
537 373 645 418 οιιτιο
660 373 692 418 ιι.
709 375 826 420 cornua
838 372 977 420 ιιιιιιοι.
1249 326 1252 332 ¹
1309 359 1373 423 tlt

141 545 273 592 οοοοοιιιι
294 529 395 589 amoti
414 537 444 590 at
464 524 652 586 imminu·
670 528 703 586 ιἰι
726 533 887 605 emperie
909 529 975 590 οιίιι
996 527 1030 588 irs
1045 529 1183 598 caritate,
1205 528 1259 608 qui
1274 508 1460 606 praet-ott·

140 629 303 692 dutmooit
324 645 380 688 ιιοι
402 630 435 689 ia
457 625 650 706 adoptionem
667 642 726 705 per
747 623 849 686 laeum
873 625 1027 688 Christum
1048 631 1080 686 ire
1101 632 1211 706 aprum.

225 730 275 792 to.
321 726 484 814 Quomodo¹
503 743 576 804 ergo
599 743 657 786 noa
679 723 768 803 elegit
788 732 946 802 numquam
968 743 1121 796 essemus,
1151 727 1227 799 nisi,
1249 733 1283 790 ut
1303 727 1371 808 ipse

141 829 230 902 dixit,
259 829 290 890 in
320 829 387 908 ipso
414 827 579 890 fuissemus
607 822 811 906 mummii?
850 825 907 896 Qrul
928 843 1001 886 rero
1023 825 1087 887 lieri
1109 826 1223 908 potuit,
1249 837 1283 889 ut
1302 847 1371 906 uos,

137 931 312 1011 priusq'uaur
335 927 473 990 homines
503 935 692 998 crearentur,
725 925 756 988 in
785 925 977 1005 adoptionem
999 926 1279 1005 praedestinaverit,
1311 929 1372 995 nisi

138 1033 206 1112 ipae
227 1031 321 1092 lilius
343 1038 412 1100 ante
434 1045 538 1092 aerum
560 1027 700 1092 lundetus
722 1035 821 1100 esset,
850 1037 989 1108 suscepta
1011 1028 1109 1090 nostri
1130 1027 1224 1106 grana
1247 1025 1371 1106 dispen-

138 1129 283 1194 satione?
311 1131 363 1192 Vel
385 1129 547 1211 quomodo,
570 1139 606 1190 ut
626 1127 751 1192 subiicit
769 1128 943 1208 Apostolus,
966 1143 1052 1194 sorta
1074 1147 1179 1192 sumus
1197 1129 1373 1209 proedesti-

138 1238 221 1305 ncti,
245 1231 306 1294 uisi
327 1232 392 1312 ipse
413 1231 559 1294 Dominus
581 1239 651 1292 ante
672 1247 776 1290 aevum
798 1229 939 1292 lundotos
961 1231 1075 1304 luisset,
1099 1229 1140 1291 ita
1162 1237 1195 1290 ut
1215 1229 1274 1309 ipsi
1295 1247 1371 1309 pro·

52 1375 57 1382 ·
137 1335 273 1414 positum
295 1333 382 1394 luerit
402 1349 523 1394 ornnem
544 1329 646 1392 iudicii
661 1330 819 1392 adversum
833 1348 891 1391 nos
905 1329 957 1392 lati
971 1339 1087 1392 sortem
1102 1349 1191 1392 carne
1207 1329 1372 1409 suscipere,

140 1454 200 1516 quo
222 1453 283 1496 nos
302 1434 442 1514 deinceps
465 1433 517 1494 lilii
539 1432 571 1493 in
593 1431 659 1512 ipso
683 1429 893 1522 efficeremur?
938 1431 1096 1503 Quomodo
1124 1431 1196 1492 item
1217 1449 1294 1506 nos,
1320 1431 1371 1511 qrri

139 1536 422 1608 mindonensium,
445 1534 499 1596 sed
521 1539 656 1612 tempore
679 1532 859 1608 exstitimus,
881 1539 951 1593 aute
972 1540 1092 1592 aeterna
1103 1539 1238 1612 tempora
1249 1533 1368 1615 accepi-

139 1655 223 1712 uuas,
247 1637 304 1698 nisi
326 1636 434 1716 gratia,
462 1652 540 1714 quae
559 1635 597 1695 ad
618 1651 676 1695 uos
696 1634 848 1714 pervenit,
879 1633 911 1694 in
933 1630 1062 1694 Domino
1083 1631 1192 1696 luisset
1212 1633 1368 1716 reposita?
1460 1653 1463 1660 ·

138 1740 217 1802 ilinc
242 1738 296 1820 ille
323 1737 354 1801 iu
382 1735 507 1808 iudicio,
537 1751 604 1798 urm
631 1735 839 1814 unusquisque
859 1753 916 1815 pro
939 1731 1003 1796 suis
1024 1733 1110 1796 lactis
1132 1736 1298 1800 mercedem
1320 1747 1455 1800 estesse.

139 1850 331 1922 accepturus,
362 1839 458 1900 dicul:
499 1837 599 1900 Venite
632 1838 780 1900 denedicti
808 1834 911 1899 Putria
937 1841 1008 1908 mei,
1039 1837 1194 1917 possidete
1220 1851 1369 1919 peretum

139 1943 223 2006 colia
252 1958 380 2021 reprom
406 1957 426 2000 ο
456 1942 670 2002 constitutione
701 1937 818 2000 muudi.
862 1937 1020 2010 Quomodo
1053 1937 1143 2018 igitur
1175 1938 1221 2000 vel
1249 1939 1281 2002 in
1309 1959 1368 2020 quo

140 2053 296 2123 antequam
318 2059 453 2102 essemus
475 2049 610 2120 paratum
633 2047 696 2114 est,
719 2037 832 2134 nisiffliu
853 2037 992 2113 Domino,
1015 2041 1065 2118 qui
1087 2049 1155 2102 ante
1176 2059 1280 2104 aenum
1302 2034 1368 2105 eam

141 2147 180 2208 ob
201 2161 322 2207 causam
344 2141 482 2206 tundalus
504 2149 567 2214 est,
597 2153 708 2204 utnon
731 2159 823 2220 super
844 2139 943 2218 ipsum
965 2149 1103 2220 unquam
1125 2141 1268 2206 aedificati
1289 2145 1367 2208 ritae

140 2255 170 2308 ct
190 2245 317 2326 gratiae,
340 2263 415 2324 quoe
436 2243 474 2308 ab
496 2241 547 2304 illo
570 2243 683 2316 oritur,
706 2241 786 2304 velut
806 2241 868 2320 apti
889 2240 1003 2319 lapides
1023 2242 1183 2323 participes
1205 2245 1366 2309 essemus?

141 2349 175 2411 ld
197 2355 296 2410 autem
318 2364 354 2434 eo
376 2348 484 2408 lactum
507 2352 565 2419 est,
589 2351 733 2424 quantum
755 2343 804 2421 pie
825 2350 927 2421 potest
947 2343 1084 2422 cogitari,
1107 2353 1149 2420 ut,
1171 2347 1366 2425 quemadmo-

140 2451 210 2514 dum
233 2447 302 2520 dixi,
325 2435 348 2508 a¹
363 2454 459 2508 morte
481 2443 661 2524 temporaria
685 2443 802 2504 exoluti
817 2451 961 2524 perpetuo
982 2443 1082 2507 virere
1102 2446 1265 2526 possimus,
1288 2445 1372 2525 quod

142 2551 233 2612 nobis
265 2565 452 2626 nequequam
482 2545 635 2616 licuisset,
668 2544 719 2622 qui
747 2545 857 2620 terreni
889 2564 993 2608 sumus
1026 2547 1182 2620 homines,
1213 2546 1272 2609 nisi
1301 2555 1371 2607 ante

140 2665 244 2710 aerum
265 2647 353 2708 nobis
376 2665 446 2730 spes
467 2645 544 2708 vitae
566 2653 597 2706 et
618 2643 721 2708 salum
742 2645 773 2708 in
796 2647 913 2710 Christo
936 2656 1020 2710 esset
1040 2656 1225 2728 praeparatu.
1267 2647 1370 2725 ltaque

141 2751 208 2810 iure
236 2747 344 2808 merito
370 2745 501 2808 Verbum
528 2746 559 2806 in
583 2754 715 2808 nostram
737 2749 859 2812 veniens
881 2768 1001 2811 carnem
1023 2750 1055 2809 iu
1076 2767 1170 2827 eaque
1190 2747 1370 2830 principium

140 2850 254 2914 riarum
283 2845 312 2908 in
341 2865 434 2926 opera
464 2863 517 2908 sua
546 2855 677 2910 creatum
709 2849 765 2910 hac
796 2850 929 2926 ratione,
964 2858 997 2910 ut
1025 2848 1147 2911 eratin
1174 2849 1242 2930 ipso
1269 2847 1370 2911 Patris

138 2950 289 3022 voluntas,
310 2949 460 3022 fundatur,
484 2947 570 3010 sicuti
593 2959 857 3012 commemoratum
880 2959 935 3022 est,
959 2958 1027 3010 ante
1049 2967 1152 3010 aevum
1168 2957 1199 3010 et
1212 2958 1371 3032 antequam

138 3060 218 3113 terra
240 3051 325 3111 lieret
346 3058 377 3110 et
398 3058 516 3110 montes
539 3049 754 3112 collocarentur
775 3051 933 3128 sontesque
962 3048 1155 3124 scaturirent,
1184 3068 1224 3110 ne
1246 3050 1370 3124 seilicet,

139 3169 207 3214 eum
235 3160 333 3222 terra,
366 3157 484 3211 montes
511 3168 671 3229 rerumque
702 3149 907 3230 apparentium
936 3149 1047 3228 figurae
1069 3149 1099 3209 iu
1122 3149 1180 3212 tine
1201 3152 1370 3230 praesentis

139 3251 203 3314 ami
230 3251 453 3331 praeterierint,
487 3270 545 3315 nos
574 3251 711 3312 similiter
739 3259 771 3313 ut
798 3249 846 3312 illa
874 3259 1022 3312 vetustate
1052 3251 1282 3325 reduceremur,
1316 3255 1370 3316 sed

136 3353 238 3432 potius
259 3361 292 3414 ut
314 3353 402 3415 ctiam
424 3360 528 3432 postea
557 3349 654 3414 rivere
688 3351 871 3425 valeremus,
905 3361 1009 3432 utpote
1041 3351 1093 3432 qui
1119 3351 1208 3416 uobis
1230 3363 1370 3420 auteres

137 3453 201 3516 illas
222 3463 425 3533 praeparatum
447 3454 478 3515 iu
500 3455 568 3534 ipso
592 3451 689 3516 Verbo
710 3453 873 3518 habeamus
895 3453 1057 3516 secundum
1072 3453 1257 3524 ‚elemioncm
1279 3458 1367 3520 utam

140 3566 169 3616 et
195 3555 430 3618 benedictionem
466 3555 638 3636 spiritalem.
684 3555 735 3617 Sic
762 3556 841 3620 enim
870 3555 958 3618 sitam
988 3557 1109 3619 minime
1137 3559 1246 3622 lluxam
1268 3559 1370 3622 licebit

173 3855 194 3887 e.
212 3841 283 3901 Sego.
302 3841 517 3892 Goble1·.Felclm.
532 3837 727 3908 tetimonio).
778 3842 891 3890 omittunt
916 3840 986 3900 ζωῆς
1009 3837 1062 3891 καί.
1104 3842 1196 3892 ibidem
1220 3845 1320 3908 Serum.
1345 3840 1369 3896 ei
1396 3835 1399 3840 ’

140 3907 201 3956 Εάιιι
219 3906 300 3956 etalii
318 3905 440 3970 Χριστῷ,
779 3899 873 3960 οὕτως.

174 3975 190 4022 l.
213 3975 314 4036 Sernes.
328 3974 427 4024 Gobler.
445 3983 469 4022 at
486 3973 591 4022 Felclm.
604 3974 625 4022 l.
643 3965 728 4028 τάξιν.
814 3975 829 4023 l.
848 3975 949 4032 sepner.
968 3973 1065 4024 Gobler.
1084 3983 1108 4023 et
1131 3975 1235 4027 Felclm.
1257 3979 1277 4028 l.
1295 3974 1370 4030 audie

139 4039 210 4090 Basil.
228 4035 326 4106 apium.
362 4041 407 4090 alii
426 4048 449 4090 at
467 4041 524 4090 editi
541 4037 648 4107 πρᾶξιν.
779 4034 948 4105 προείρηται.
967 4039 1012 4089 Alii
1023 4049 1046 4090 at
1058 4041 1114 4090 editi
1122 4037 1246 4116 καθάπερ
1255 4039 1368 4116 εἴρηται,

175 4139 196 4186 g,
215 4126 314 4187 sewi.
335 4133 358 4174 οι
382 4123 437 4186 fleg
456 4114 727 4189 ἐποικοδομούμενοι,
815 4121 847 4157 m.
872 4108 912 4156 Sic
936 4109 1035 4169 segiidl'.
1063 4109 1160 4162 GObiel'.
1178 4111 1282 4165 Felclm.
1303 4116 1325 4166 i.
1344 4117 1368 4168 ⁴.

139 4191 184 4241 dlii
202 4203 225 4244 et
243 4193 299 4242 editi
318 4184 553 4259 οἰκοδομούμενοι.
782 4175 852 4254 tl'd·
872 4180 921 4227 =tt
943 4175 1000 4238 lieu.
1024 4168 1084 4229 iric
1109 4171 1233 4236 irruitur.
1276 4185 1320 4234 Alii
1346 4195 1370 4236 ο

175 4275 198 4325 Ιι.
217 4277 316 4338 Srssucr.
332 4275 429 4328 Gobler.
442 4275 548 4327 Felelrm.
570 4277 592 4328 l.
611 4283 634 4328 et
652 4277 674 4327 4.
695 4267 731 4330 ὥς
783 4243 856 4293 “¹¹¹¹‘'
880 4242 998 4294 cmm
1022 4242 1160 4311 ‘'¹7²⁵le
1184 4249 1233 4299 ¹⁰¹3
1258 4243 1366 4304 “leitte-

140 4355 173 4406 γε
188 4337 313 4410 μετρίως,
349 4343 375 4394 1„
395 4343 448 4394 ,pis
468 4345 581 4395 ,popius
623 4346 730 4396 edm!-
782 4306 1158 4374 Seruarlbideurdmm,

142 4410 232 4460 ibidem
252 4411 348 4462 Gohler.
360 4419 384 4460 et
396 4411 539 4463 letctmsl.
557 4404 589 4466 ἒιῐ
604 4411 729 4480 plaudat,
782 4380 1253 4514 ΛιῃὲῃῗίξῑεὲἔίῗξῖχῗῦδξέῥἙὲἒέῗ
1274 4384 1369 4496 ἴοῖοιθῖἧ

179 4496 194 4543 i.
211 4495 252 4544 Sic
270 4509 330 4544 mss.
363 4499 390 4545 tt
409 4497 465 4547 editi
483 4494 585 4561 lucum
604 4501 729 4550 mendose.
781 4518 881 4576 gemm,
900 4515 998 4565 Gomon
1017 4526 1040 4564 et
1057 4509 1199 4563 felem-1,
1219 4505 1285 4558 ἀλλὰ
1300 4505 1371 4575 μετὰ

153 4611 155 4614 -
177 4577 199 4626 k.
217 4579 314 4642 Senum.
334 4580 432 4634 Gobler.
450 4583 605 4633 Felclmauni
624 4585 647 4632 l.
666 4590 689 4632 et
706 4583 730 4632 4.
782 4590 827 4632 etc.
862 4580 906 4630 dlii
925 4589 949 4630 st
966 4582 1023 4630 editi
1042 4572 1108 4626 tart
1124 4573 1170 4624 aui
1183 4571 1256 4640 parti
1274 4586 1318 4627 etc.
