3226 5280
218 387 258 450 65
621 403 648 444 s.
663 399 1055 444 ιτσιοιειιεκσσιεειεεοει

131 569 206 613 ms.
216 551 274 615 τοῦ
296 549 396 626 θεοῦ,
431 541 592 614 ἀλλὰκαὶ
614 547 740 629 μᾶλλον
763 539 985 629 ἀποδεχέσθω
1008 545 1085 624 τοῦς
1107 551 1254 632 πατέρας
1277 547 1445 614 διακαθά-

215 673 335 735 ραντας
355 646 414 715 τόν
436 650 522 728 νοῦν,
547 646 736 733 λευκότερον
757 649 812 713 καὶ
835 643 880 726 ὡς
902 647 937 714 ἐκ
952 647 1167 736 παραλλήλου
1182 647 1221 714 τὸ
1237 647 1270 714 ἐκ
1284 652 1343 714 τοῦ
1358 652 1443 716 θεοῦ

214 749 408 836 γράψαντας
428 747 467 815 τὸ
491 748 525 817 ἐκ
545 752 603 836 τῆς
626 743 749 827 οὐσίας.
794 745 914 816 ταύτόν
936 749 997 836 γάρ
1019 745 1182 838 ἡγήσαντο
1206 749 1310 836 λέγειν
1333 749 1368 817 ἐκ
1384 753 1443 816 τοῦ

214 854 299 920 θεοῦ
321 854 376 918 καλ
397 850 437 917 τὸ
459 853 562 937 λέγειν
586 850 620 917 ἐκ
642 854 700 938 τὴς
722 845 838 930 οὐσίας
859 854 918 916 τοῦ
941 854 1025 918 θεοῦ
1050 846 1135 918 εἶναι
1160 849 1346 937 τὸνλόγον·
1368 851 1442 920 ἐπελ

199 953 271 1022 ’καλ
297 953 336 1020 τὸ
364 952 460 1032 θεός,
481 950 583 1018 καθά
609 962 792 1038 προεῖπον,
824 947 919 1019 οὐδὲν
948 953 1058 1039 ἕτερον
1080 947 1102 1038 ἡ
1123 952 1181 1038 τὴν
1205 947 1321 1019 οὐσίαν
1343 949 1443 1020 αὐτοῦ

215 1059 274 1122 τοῦ
304 1053 399 1133 ὄντος
426 1059 588 1140 σημαίνει.
635 1053 664 1119 εἰ
695 1055 756 1137 μὲν
786 1043 843 1119 οὐν
872 1053 917 1140 μὴ
941 1053 975 1121 ἐκ
995 1056 1054 1119 τοῦ
1075 1058 1160 1120 θεοῦ
1176 1053 1273 1143 ἐστιν
1297 1049 1314 1120 ό
1337 1053 1442 1140 λόγος,

218 1155 262 1236 ὡς
285 1151 324 1224 ἀν
346 1155 417 1234 υἱὸς
440 1155 490 1241 εἴη
513 1153 612 1242 φύσει
634 1154 768 1242 γνὴσιος
789 1154 825 1222 ἐκ
846 1155 982 1240 πατρός,
1007 1150 1075 1222 ἀλλ’
1094 1151 1139 1235 ὦς
1153 1155 1196 1222 τά
1209 1164 1372 1240 κτίσματα
1388 1156 1446 1224 διὰ

216 1259 255 1326 τό
278 1259 590 1346 άεάημιουργὴσθαι,
614 1257 742 1342 λέγεται
763 1259 817 1322 καλ
840 1252 939 1336 αὐτὸς
962 1253 1007 1336 ὡς
1028 1256 1071 1325 τά
1091 1257 1204 1324 πάντα
1219 1257 1253 1326 ἐκ
1267 1262 1327 1326 τοῦ
1342 1262 1444 1326 θεοῦ·

217 1359 292 1428 οὐτε
320 1360 354 1427 ἐκ
381 1363 438 1444 τῆς
460 1353 576 1437 οὐσίας
599 1357 669 1426 ἐστὶ
690 1361 748 1424 τοῦ
771 1357 914 1444 πατρός,
940 1356 1016 1426 οὐτε
1038 1355 1138 1438 αὐτὸς
1160 1355 1178 1425 5
1201 1358 1273 1439 οἶός
1292 1355 1361 1426 κατ’
1386 1356 1441 1426 σύ-

217 1469 292 1528 σίαν
315 1460 385 1527 ἐστὶ
408 1459 488 1540 υἱός,
513 1453 583 1528 ἀλλ’
608 1459 644 1540 έξ
664 1456 791 1548 ἀρετῆς,
816 1455 862 1538 οῦς
882 1455 978 1546 ἡμεῖς
994 1461 1026 1526 οἱ
1041 1459 1124 1528 κατά
1136 1460 1231 1547 χάριν
1246 1460 1444 1545 καλούμενοι

216 1562 292 1628 υίοί.
339 1561 368 1629 εἰ
396 1563 433 1628 δὲ
450 1561 489 1651 Χέκ
511 1565 570 1628 τοῦ
592 1565 676 1630 θεοῦ
700 1561 771 1629 ἐστι
793 1559 894 1645 μόνος
919 1557 937 1627 5
960 1560 1051 1640 ὐἱὸς
1071 1561 1219 1649 γνήσιος,
1250 1559 1360 1650 ιῦςπερ
1384 1553 1442 1629 οὐν

216 1666 270 1730 καί
293 1663 381 1744 ἔστι,
405 1665 538 1750 λεχθείη
562 1657 602 1730 ἀν
625 1661 760 1741 εἰκότως
780 1665 834 1728 καὶ
858 1661 893 1730 ἐκ
913 1665 971 1750 τῆς
994 1657 1109 1742 οὐσίας
1130 1667 1189 1730 τοῦ
1211 1669 1295 1731 θεοῦ
1319 1660 1337 1730 5
1360 1664 1440 1744 οἶός.

301 1771 352 1832 23.
388 1767 466 1831 ΙΚαὶ
492 1763 554 1850 γάρ
582 1766 637 1830 καὶ
666 1762 705 1830 τὸ
728 1762 940 1850 παράδειγμα
960 1766 1020 1829 τοῦ
1043 1764 1156 1852 φωτὸς
1176 1768 1230 1832 καλ
1252 1769 1311 1832 τοῦ
1334 1761 1445 1833 ἀπαυ-

215 1865 384 1952 γάσματος
411 1869 563 1933 τοιοῦτον
592 1865 658 1949 ἔχει
685 1864 743 1931 τὸν
771 1868 858 1932 νοῦν.
903 1863 940 1932 οὐ
971 1864 1032 1952 γάρ
1054 1865 1198 1932 κατὰτὸ
1221 1867 1445 1952 ἐξαιτούμενον

216 1967 250 2035 ἐκ
271 1972 330 2057 τὴς
351 1973 479 2055 θέρμης
499 1970 558 2034 τοῦ
579 1963 674 2054 ἡλίου
697 1970 774 2054 πῦρ,
798 1964 882 2054 ὅπερ
897 1971 956 2052 ικαὶ
974 1973 1178 2053 σβέννυσθαι
1192 1968 1295 2035 πάλιν
1311 1969 1443 2048 ε’ίωθεν,

216 2069 381 2157 ε’λρὴκασιν
403 2070 436 2136 οἱ
459 2065 548 2156 άγιοι
571 2065 657 2137 εἶναι
677 2069 735 2136 τὸν
757 2069 854 2154 λόγον
877 2069 962 2155 πρὸς
984 2069 1041 2135 τὸν
1064 2069 1164 2137 θεόν·
1187 2074 1285 2138 τοῦτο
1307 2070 1369 2157 γάρ
1391 2069 1445 2156 ὐρ-

214 2193 271 2257 γον
295 2169 420 2250 ἐ’ξωθεν
440 2174 495 2238 καλ
516 2177 638 2255 κτίσμα
659 2175 717 2236 τοῦ
739 2175 918 2249 ποιοῦντος
939 2161 995 2254 ἡν·
1019 2165 1103 2238 ἀλλά
1125 2167 1329 2257 ἀπαύγασμα
1344 2165 1447 2238 αὐτὸν

217 2267 464 2359 εὐηγγελίσαντο
486 2273 624 2353 πάντες,
656 2273 712 2340 ἵνα
733 2271 772 2337 τὸ
796 2271 829 2339 ἐκ
851 2275 908 2357 τῆς
931 2265 1046 2349 οὐσίας
1068 2272 1157 2337 ἰ’διον
1178 2275 1232 2339 καί
1256 2269 1444 2358 ἀδιαίρετον

216 2377 270 2440 καὶ
298 2372 357 2460 τὴν
386 2372 472 2460 πρὸς
494 2372 552 2440 τόν
574 2379 704 2460 πατέρα
727 2372 865 2459 ἑνότητα
888 2373 1073 2460 δηλώσωσι.
1118 2376 1172 2439 καὶ
1194 2373 1256 2460 γάρ
1280 2371 1366 2442 οῦτοι
1388 2376 1443 2440 καλ

214 2475 254 2542 τὸ
287 2474 450 2561 ἄτρεπτον
483 2478 537 2542 καλ
566 2470 790 2542 ἀναλλοίωτον
819 2470 918 2540 αὐτὸν
947 2471 1084 2562 άληθῶς
1116 2469 1203 2541 εἶναι
1235 2475 1444 2560 σωθήσεται·

216 2581 311 2657 1’πῶς
340 2577 400 2663 γάρ
430 2571 470 2644 ἀν
499 2575 608 2654 άλλως
636 2577 687 2662 εἰἠ
709 2579 876 2656 τοιοῦτος,
901 2575 930 2644 εἰ
951 2575 995 2662 μὴ
1018 2579 1076 2662 τῆς
1097 2580 1156 2643 τοῦ
1179 2575 1306 2663 πατρὸς
1328 2572 1445 2654 οὐσίας

216 2679 303 2747 ἰ’ύιόν
326 2679 398 2747 ἔστι
419 2684 579 2766 γέννημα,Ι
612 2673 733 2765 ἀνάγκη
755 2676 817 2764 γάρ
839 2681 893 2744 καὶ
917 2678 1072 2766 ἐντούτῳ
1088 2677 1145 2766 τὴν
1160 2677 1344 2766 ταύτότητα
1358 2677 1445 2763 πρὸς

214 2781 273 2848 τὸν
296 2781 413 2850 ἑαυτοῦ
436 2787 565 2867 πατέρα
588 2781 713 2862 σώζειν.
746 2775 833 2846 οῦτιο
856 2780 896 2868 δὴ
917 2781 1087 2867 τοῦλόγου
1104 2787 1264 2869 φανέντος
1280 2775 1442 2866 εὐσεβοῦς,

215 2879 403 2950 ἀκόλουθον
426 2877 466 2950 ἀν
489 2884 539 2971 ε’ίη
561 2883 644 2970 μηδὲ
657 2882 723 2949 ’ἐπί
746 2886 792 2969 τῷ
816 2879 983 2971 ὁμοουσίφ
1007 2883 1195 2964 ξενίζεσθαι
1215 2882 1292 2961 τοὺς
1311 2905 1445 2968 χριστο-

137 2983 143 2994 ’
214 2986 347 3069 μάχους,
371 2985 507 3074 ἐχούσης
527 2987 582 3052 καὶ
604 2988 662 3074 τῆς
684 2986 802 3065 λέξειας
823 2985 943 3071 ταύτης
966 2981 1040 3071 ύγιὴ
1062 2983 1120 3071 τὴν
1144 2983 1294 3050 διάνοιαν
1316 2986 1370 3050 καὶ
1385 2982 1443 3070 τὴν

216 3081 399 3167 ἀπόδειξιν.
446 3087 475 3156 εἰ
507 3087 568 3174 γάρ
603 3085 642 3176 δὴ
672 3111 781 3174 φαμεν
811 3087 844 3153 ἐκ
873 3083 931 3172 τ’ἡς
954 3081 1069 3164 οὐσίας
1092 3081 1178 3152 εἶναι
1199 3088 1257 3150 τοῦ
1281 3088 1363 3151 θεοῦ
1386 3082 1444 3150 τόν

216 3187 327 3272 λόγον·
350 3187 472 3256 λοιπὸν
493 3188 554 3275 γάρ
576 3185 596 3274 ἡ
620 3189 706 3267 λέξις
729 3183 960 3274 ὁμολογεῖσθαι
982 3189 1036 3252 καὶ
1052 3181 1129 3270 παρ’
1148 3181 1273 3250 αὐτῶν·
1288 3193 1322 3250 τί
1337 3179 1376 3252 ἀν
1393 3185 1443 3269 εἰἠ

193 3289 323 3364 τοῦτο,
346 3281 368 3370 ἢ
389 3286 428 3351 τό
451 3283 588 3373 ἀληθῶς
608 3288 665 3353 καὶ
687 3287 798 3355 ἀΐδιον
819 3292 877 3374 τῆς
900 3283 1022 3364 οὐσίας,
1048 3285 1083 3365 ἐξ
1103 3275 1142 3371 ἡς
1162 3287 1216 3351 καλ
1238 3290 1444 3371 γεγέννηταις

217 3381 255 3451 οὐ
276 3383 338 3472 γάρ
361 3385 549 3472 ἑτεροειδές,
573 3389 629 3454 ἵνα
649 3387 694 3476 μὴ
717 3390 808 3466 ξένον
830 3391 884 3452 καὶ
907 3383 1068 3471 ἀνόμοιον
1085 3384 1233 3475 τῇούσίᾳ
1245 3389 1303 3452 τοῦ
1315 3385 1445 3472 πατρὸς

216 3484 465 3572 ἐπιμιγνύηται·
496 3481 572 3553 οὐδὲ
595 3487 720 3566 ἔξωθεν
744 3483 860 3566 άπλῶς
883 3484 1015 3573 ὅμοιος,
1046 3489 1103 3556 ἵνα
1123 3488 1168 3576 μὴ
1190 3483 1265 3554 καθ’
1291 3483 1446 3578 ἓτερονὴ

217 3583 303 3666 ὅλως
325 3585 532 3674 ἕτεροούσιος
555 3593 723 3674 φαίνηται,
748 3585 858 3674 ὥςπερ
879 3591 998 3673 χαλκὸς
1021 3593 1163 3676 στίλβων
1184 3593 1239 3655 καλ
1251 3588 1374 3675 χρυσὸς
1388 3594 1443 3658 καὶ

174 3768 179 3775 Ι
216 3685 355 3814 άργορος
383 3690 437 3754 καί
466 3693 668 3773 κασσίτερος.
713 3693 817 3756 ταῦτα
843 3690 905 3778 γὰρ
935 3693 1011 3772 ξένα
1030 3695 1084 3758 καλ
1110 3693 1270 3780 ἑτεροφοὴ
1294 3686 1444 3818 ἀλλὴλφν

215 3792 269 3857 καὶ
292 3785 571 3876 ἀπεσχοινισμένα
592 3793 632 3878 τῇ
656 3790 782 3898 φύσει
777 3794 832 3858 καὶ
853 3795 893 3882 τῇ
917 3793 1053 3878 δυνάμει
1067 3793 1279 3880 τυγχάνουσι·
1300 3795 1401 3862 κάλ’
1369 3791 1445 3862 ούτε

217 3887 235 3959 ό
266 3891 385 3974 χαλκὸς
416 3893 504 3973 ἰ’όιος
533 3897 592 3960 τοῦ
620 3897 757 3980 χρυσοῦ,
775 3879 868 3962 οὐτε
895 3890 915 3982 ἡ
944 3892 1060 3982 φάσσα
1088 3894 1121 3962 ἐκ
1148 3899 1206 3985 τὴς
1228 3900 1443 3984 περιστερᾶς·

216 3988 343 4060 άλλά”
323 4016 424 4078 ομσια
445 3996 505 4079 μὲν
528 4003 620 4081 νομί
593 3997 696 4066 ίζεται
718 3991 858 4079 ελναι,ἑ
843 3997 1048 4122 ἑτεροούσια
1057 3998 1093 4065 55
1116 3993 1265 4085 άλλὴλων
1287 3998 1391 4065 ἐστίν·
1416 3997 1445 4065 ελ

215 4096 274 4179 μέν
259 4085 360 4162 νούν
388 4099 443 4162 καὶ
471 4091 657 4176 όυίόςί
624 4096 729 4178 ούτως
752 4099 856 4179 ἐστίν,
889 4099 973 4167 ἐ’στισ
995 4095 1117 4184 κτίσμα
1140 4095 1249 4182 ὥςπερ
1271 4102 1324 4165 καὶ
1348 4095 1444 4186 ἡμεῖς

215 4198 269 4263 καί
291 4195 335 4283 μὴ
359 4192 551 4281 όμοούσιος·
576 4198 605 4264 εί
627 4199 664 4265 δέ
685 4198 756 4277 οίός
778 4199 969 4285 ἐστιλύγος,
987 4207 1101 4286 σοφία,
1119 4198 1214 4268 εἰκὼν
1229 4199 1442 4286 τοῦπατρὸς,

132 4319 204 4365 σου.
216 4294 434 4385 ἀπαύγασμα,
469 4293 653 4377 είκότιες’
637 4299 814 4382 ομοούσιος
843 4293 882 4366 ἀν
911 4301 972 4386 ε’ίη.
1018 4301 1069 4368 εί
1095 4300 1156 4386 γάρ
1186 4299 1226 4365 τὸ
1254 4298 1299 4386 μὴ
1328 4299 1362 4366 ἐκ
1383 4305 1443 4367 τοῦ

250 4503 270 4538 ε.
290 4489 330 4539 Sic
353 4489 409 4550 neg.
428 4488 501 4538 ΒτείΙ.
526 4495 551 4536 ut
570 4495 593 4536 ει
611 4487 669 4548 Ιεςίῑ
687 4487 802 4536 Nannius.
890 4489 912 4537 b.
933 4487 973 4538 Sic
990 4489 1048 4553 Reg.
1085 4488 1163 4540 Ceteri
1187 4503 1243 4537 vero
1268 4496 1292 4539 εί
1309 4488 1365 4538 editi
1383 4487 1443 4543 πιῦς

217 4557 295 4606 Celeri
314 4563 337 4607 εί
355 4555 539 4607 editcommel.
560 4556 673 4632 οωίῑιυηι
691 4546 729 4608 τός
746 4547 804 4606 υἱός
855 4549 909 4620 γάρ
930 4549 1023 4609 ἀλλοις.

217 4617 330 4690 γνήσιος
347 4633 392 4676 etc.
411 4639 490 4689 usque
508 4623 537 4674 τά
556 4615 602 4671 καὶ
619 4615 682 4690 γάρ.
