3258 5276
232 417 295 485 316
632 433 657 478 ε.
673 433 828 478 amun
841 433 1067 480 ιεεειεειεαοει

147 597 225 666 m.
233 584 383 668 λέγουσιν
404 575 508 647 ·είναι
521 580 558 647 αί
572 587 708 667 γραφαί,
724 580 860 660 πόντως
873 579 930 648 καὶ
944 577 1039 665 ῦμείς
1053 581 1343 668 συνομολογήσετε.
1368 586 1465 672 παρὰ

232 685 316 751 θεοῦ
337 679 399 768 γὰρ
422 681 568 766 εἴρηνται
590 679 623 745 σί
644 679 747 767 λόγσι,
769 675 886 748 καλοῦ
909 680 1047 750 δύναται
1067 682 1224 767 1’ψεῦδος
1236 682 1270 752 ἐν
1285 675 1400 765 αῦτόῑς
1415 681 1464 754 ελ-

233 809 297 851 ναι.
328 782 359 850 εί
379 783 439 865 μὲν
462 769 520 847 οῦν
543 779 692 858 δύνασθε
713 782 831 862 εἰπεῖν,
856 777 901 861 ώς
916 781 1077 862 ἐλθόντος
1091 781 1254 868 πρότερον
1276 787 1461 868 ’τοιούτου

233 886 288 950 καί
310 882 458 950 δύνασθε
479 881 587 962 δείξαι
607 879 690 948 θεὸν
712 876 812 949 αῦτὸν
835 878 921 950 εἶναι
941 877 998 970 ἀφ’
1016 873 1062 950 ών
1085 883 1223 972 ἐποίησε
1245 892 1390 973 σημείων
1407 890 1462 956 καὶ

232 983 394 1070 τεράτων,
424 983 558 1060 εἰκότως
578 978 658 1070 ἡμῖν
680 982 903 1066 διαμ’όχεσθε“
931 983 961 1051 εέ
983 985 1020 1050 δέ
1043 985 1150 1063 δεῖξαι
1170 987 1231 1069 μὲν
1253 982 1291 1052 ού
1314 987 1464 1058 δύνασθε

234 1081 281 1165 ώς
301 1083 455 1164 ἐλθόντα,
478 1083 683 1169 προςδσκᾶτε
705 1083 741 1150 δέ
764 1078 867 1172 ἇκμὴν
888 1087 1050 1164 τοιοῦτον,
1074 1084 1255 1170 ἐέπίγνωτε
1275 1086 1334 1154 τὸν
1349 1088 1464 1174 καιρὸν
1554 1159 1559 1169 ,

235 1185 305 1254 όπὸ
326 1189 385 1252 τοῦ
406 1182 553 1270 Δανιὴλ·
585 1183 633 1262 εἰς
660 1182 718 1250 τόν
739 1183 892 1271 παρόντα
912 1185 974 1273 γὰρ
995 1183 1114 1273 χρόνον
1134 1184 1178 1253 τὰ
1199 1187 1360 1270 λεχθέντα
1382 1184 1461 1277 παρ’

235 1283 336 1354 αῦτοῦ
360 1283 495 1373 φθόνει.
533 1283 564 1351 εί
585 1283 622 1351 δέ
644 1279 662 1349 5
684 1283 803 1370 παρών
823 1285 938 1372 καιρός
959 1275 1056 1364 οῦτός
1078 1285 1167 1354 ἐστιν
1183 1286 1308 1368 ἐκεῖνος
1321 1287 1341 1356 ό
1356 1291 1465 1360 πύλαι

234 1385 625 1472 ’προκαταγγελλόμενος
648 1382 705 1451 καὶ
725 1384 768 1452 τὰ
787 1385 947 1473 γενόμενα
970 1387 1007 1454 δέ
1029 1389 1085 1455 νῦν
1108 1381 1159 1476 ἐφ’
1183 1383 1263 1474 ύμῖν
1285 1390 1460 1477 ἑωράκατε,

233 1489 337 1574 γνῶτε
365 1481 418 1551 ότι
439 1475 536 1565 οὗτος
559 1481 732 1572 όἸησοῦς,
762 1484 799 1552 ὃν
820 1482 915 1572 ῦμεῖς
937 1486 1181 1575 ἐσταυρώσατε,
1214 1478 1308 1568 οῦτός
1329 1490 1419 1560 ἐστιν
1441 1486 1461 1558 ό

235 1585 383 1673 Χριστὸς
405 1583 424 1652 5
445 1585 725 1672 προςδοκώμενος.
764 1583 783 1652 ό
803 1589 864 1672 μὲν
885 1588 948 1676 γὰρ
968 1590 1082 1676 Δαβίδ
1101 1588 1158 1658 καὶ
1178 1590 1299 1669 πάντες
1320 1591 1354 1657 οἱ
1373 1613 1460 1677 προ-

148 1691 341 1777 ε.ιει.φῆται
362 1682 546 1766 ἀπέθανον,
568 1685 624 1754 καὶ
645 1686 688 1753 τὰ
708 1687 863 1774 μνήματα
885 1691 1021 1758 πάντων
1042 1685 1136 1777 ’παρ’
1161 1687 1245 1775 ύμῐν“
1259 1689 1357 1771 ἐστιν,
1380 1686 1400 1777 ἡ
1423 1691 1461 1759 δὲ

234 1793 389 1876 γενομένη
410 1789 469 1856 νῦν
491 1781 671 1866 ἇνόστασις
692 1787 814 1868 ἐδειξεν
836 1790 884 1870 είς
897 1793 1016 1859 τοῦτον
1032 1789 1177 1879 φθάνειν
1192 1792 1235 1859 τὰ
1247 1797 1459 1880 γεγραμμένα.
1478 1871 1482 1878 ,

235 1890 275 1958 τὸ
295 1892 356 1976 μέν
377 1888 439 1976 γὰρ
461 1889 698 1978 σταυρωθῆναι
719 1889 866 1960 δείκνυσι
885 1891 925 1958 τὸ
948 1889 1083 1978 όψεσθε
1103 1892 1161 1978 τὴν
1185 1893 1268 1983 ζωὴν
1283 1889 1375 1978 ύμιῦν
1389 1918 1462 1980 κρε-

235 1997 381 2078 μαμένην
394 1993 425 2070 1),
447 1986 583 2055 1καὶτὸ
605 1992 644 2078 τῇ
668 1988 764 2078 λόγχη
789 1991 825 2058 δέ
847 1995 1021 2079 τρωθῆναι
1041 1992 1101 2081 τὴν
1121 1994 1269 2081 πλευρὰν
1284 1997 1410 2083 πληροῖ
1422 1993 1463 2062 τό

235 2089 282 2170 ώς
313 2090 484 2177 πρόβατον
516 2089 573 2156 ἐπὶ
602 2089 732 2178 σφαγὴν
754 2089 886 2178 ἤχθη’),
920 2090 959 2156 τὸ
989 2092 1025 2158 δέ
1045 2092 1090 2178 μὴ
1111 2093 1214 2178 μόνον
1237 2095 1462 2182 ἐξαναστῆναι,

236 2186 322 2259 όλλὰ
342 2192 397 2257 καί
418 2187 584 2269 παλαιοὺς
606 2191 737 2278 νεκρούς
759 2192 793 2259 ἐκ
814 2193 879 2258 τών
900 2198 1068 2279 μνημείων
1091 2191 1215 2278 ἐγεῖραι
1238 2195 1387 2275 (τούτους
1400 2194 1463 2282 γὰρ
1486 2247 1493 2254 -

237 2292 421 2379 ἑωράκασιν
449 2287 541 2375 ῦμών
568 2293 806 2374 οἱπλεῖστοι),
837 2290 956 2358 ΙΙτοῦτό
979 2290 1051 2358 ἐστι
1071 2292 1111 2359 τὸ
1133 2287 1191 2359 οῦκ
1213 2293 1465 2382 ἐγκαταλείψεις

153 2479 158 2498 Ι
236 2392 295 2482 τὴν
316 2392 425 2481 ψυχήν
445 2417 510 2477 μου
532 2392 579 2472 εἰς
600 2389 723 2482 ᾅδηνῆ,
747 2391 803 2462 καί
823 2392 863 2460 τὸ
879 2398 1032 2460 κατέπιεν
1048 2391 1066 2459 5
1081 2391 1230 2472 θάνατος
1246 2393 1391 2477 ἰσχύσας,
1407 2398 1463 2463 καί

235 2493 339 2564 πόλιν
361 2489 498 2582 όφεῖλεν
520 2490 539 2560 5
560 2493 681 2574 θεόςἾ,
703 2493 744 2560 τὸ
766 2494 802 2562 δέ
823 2497 879 2562 καὶ
900 2497 1038 2562 τοιαῦτα
1059 2503 1178 2581 σημεῖα
1191 2497 1336 2580 ποιῆσαι
1350 2490 1460 2574 αύτόν,

236 2589 294 2663 οἶα
313 2601 434 2683 γέγονε,
458 2597 602 2691 δείκνυσι
622 2589 816 2663 θεὸνιελναι
835 2595 894 2663 τὸν
917 2597 951 2663 ἐν
974 2593 1171 2680 σώματιναί
1186 2589 1286 2661 αῦτὸν
1302 2588 1462 2681 εἶναιτὴν

237 2695 322 2786 ζωὴν
343 2698 397 2764 καί
419 2694 531 2784 κύριον
551 2699 611 2762 τοῦ
632 2693 794 2764 θανάτου.
834 2696 960 2783 ἐπρεπε
981 2695 1043 2783 γὰρ
1065 2695 1122 2762 τὸν
1143 2692 1301 2780 Χριστόν,
1323 2693 1381 2762 τὸν
1404 2690 1466 2761 ῦλ-
1535 2771 1543 2784 1
1623 2749 1624 2760 .

237 2799 309 2876 λαις
331 2796 415 2884 ζωὴν
438 2796 582 2877 διδόντα,
606 2790 706 2864 αῦτόν
727 2794 772 2884 μὴ
789 2799 990 2884 κρατεῖσθαι
1006 2794 1089 2864 ἐύπὸ
1103 2799 1162 2864 τοῦ
1177 2793 1344 2862 θανάτου·
1366 2797 1466 2862 τοῦτο

237 2899 274 2966 δὲ
296 2895 354 2964 οῦκ
375 2893 416 2965 ἂν
439 2897 589 2985 ἐγεγόνει,
613 2898 660 2979 εί,
684 2893 730 2978 ώς
750 2892 845 2982 ῦμεῖς
866 2899 1030 2982 νομίζετε,
1053 2896 1157 2982 ψιλὸς
1179 2894 1369 2982 ἄνθρωπος·
1382 2885 1423 2983 ἦν
1446 2893 1464 2962 5

237 2996 394 3086 Χριστός.
433 2994 518 3067 ἀλλὰ
538 2997 623 3086 ιιμὴν
645 2992 745 3078 αύτός
768 2997 858 3066 ἐστιν
880 2995 899 3065 5
922 2997 994 3077 υίὸς
1008 3000 1067 3063 τοῦ
1081 2999 1182 3064 θεοῦ·
1207 2994 1388 3084 ἄνθρωποι
1402 2995 1464 3083 γὰρ

237 3099 361 3181 πάντες
381 3099 571 3170 ὑπεύθυνοι
590 3101 743 3170 θανότσο
765 3099 843 3168 είσί.
873 3106 990 3188 μηκέτι
1011 3100 1186 3183 τοιγαροῦν
1209 3091 1464 3184 Ιόμφιβαλλέτω

236 3223 298 3279 τις,
321 3197 390 3268 ἄλλ’
416 3197 576 3288 ἀσφαλῶς
598 3209 785 3288 γινωσκέτω
808 3203 878 3280 πᾶς
900 3193 989 3278 οέκος
1007 3193 1150 3285 Ἰσραήλ,
1175 3194 1229 3264 ότι
1250 3188 1347 3276 οὗτος
1369 3191 1467 3284 5³17]-

239 3301 326 3379 σοῦς,
351 3298 388 3366 ὃν
411 3300 622 3388 ἐθεωρήσατε
643 3303 786 3388 σχήματι
807 3299 990 3387 ἄνθρωπον
1013 3300 1177 3365 ποιοῦντα
1192 3307 1313 3385 σημεῖα
1327 3299 1380 3365 καί
1396 3319 1468 3363 τοι·

238 3399 323 3465 αῦτα
350 3399 444 3484 ἔργα,
475 3399 498 3466 ῦ
517 3399 633 3488 μηδεὶς
654 3401 797 3468 πώποτε
817 3405 1015 3482 πεποίηκεν,
1044 3393 1144 3477 αύτός
1165 3398 1256 3466 ἐστιν
1278 3393 1297 3464 5
1318 3395 1466 3482 Χριστὸς

237 3496 295 3566 καὶ
315 3498 453 3584 “κύριος
480 3499 625 3566 πάντων.
662 3503 716 3566 καί
743 3499 807 3586 γὰρ
835 3501 890 3565 καί
913 3495 1096 3585 ἅνθρωπος
1118 3498 1292 3584 γενόμενος
1313 3500 1366 3565 καὶ
1387 3496 1468 3582 κλη-

238 3601 315 3679 θεὶς
334 3593 464 3685 Ἰησοῦς,
488 3595 598 3684 ώςπερ
622 3599 656 3666 ἐν
676 3609 750 3678 τοῖς
764 3603 941 3684 προτέροις
964 3599 1132 3682 “εἰ’πομεν,
1150 3593 1208 3668 οῦκ
1222 3595 1401 3686 ἠλαττώθη
1418 3599 1468 3684 τῷ

240 3694 447 3788 όνθρωπίνηι
469 3697 588 3779 πόθει,
612 3693 697 3766 όλλῦ
718 3699 844 3774 μᾶλλον
865 3697 923 3766 καὶ
944 3696 978 3766 ἐν
999 3701 1046 3785 τῷ
1062 3703 1268 3786 ”ποιηθῆναι
1283 3697 1470 3783 ἄνθρωπος
1538 3751 1552 3776 .

242 3801 371 3882 ζώντων
392 3800 449 3870 καὶ
470 3802 591 3888 νεκρῶν
614 3794 849 3868 ἀποδείκνυται
870 3799 990 3886 κύριος.
1029 3795 1145 3885 ἐπειδὴ
1168 3799 1240 3887 γάρ,
1265 3796 1311 3879 ώς
1333 3795 1425 3867 εἶπεν
1449 3793 1468 3863 ό

240 3896 438 3986 ἀπόστολος,
463 3903 496 3972 ἐν
518 3905 558 3994 τῇ
581 3899 687 3992 σὀφίη
708 3904 767 3970 τοῦ
789 3904 873 3970 θεοῦ
896 3897 954 3970 οῦκ
977 3901 1058 3990 ἐγνω
1082 3896 1100 3968 5
1121 3899 1244 3984 κόσμος
1267 3899 1323 3968 διὰ
1337 3901 1395 3987 τῆς
1410 3921 1472 3965 σσ-
1500 3919 1503 3926 ·

259 4155 270 4174 ι
308 4091 332 4151 1)
351 4091 447 4143 Denter.
465 4091 507 4155 28,
526 4093 569 4144 66.
604 4093 629 4154 2]
648 4093 702 4143 Ena.
721 4092 763 4153 ⁵3,
782 4093 806 4142 7.
842 4087 1239 4157 ³)12221.16[15.Lxx.]‚10.
1274 4089 1365 4151 wasa.
1383 4088 1427 4151 25,
1445 4089 1471 4140 8.

272 4241 294 4274 ε.
312 4213 383 4273 εἶναι
400 4225 469 4276 abest
492 4241 505 4276 ε
529 4227 669 4288 Seguntium
688 4225 786 4276 Gobler.
804 4235 829 4276 ει
913 4226 935 4276 δ.
955 4218 1221 4290 3οςυει.ἐπιγνώναι.
1252 4221 1326 4274 Paulo
1338 4223 1473 4288 pontiden:

238 4291 344 4342 Felckm.
365 4294 388 4342 1.
422 4293 497 4343 Paulo
516 4300 572 4357 ροει
589 4293 662 4342 iidem
681 4299 704 4342 ει
722 4293 827 4343 Felckm.
879 4287 929 4343 τόν
945 4287 1085 4357 λεχθέντα.

186 4369 192 4378 ’
237 4359 255 4408 4
282 4354 522 4426 συνομολογόσετε.
557 4359 620 4409 Εδίῑί
644 4367 668 4408 οῑ
691 4358 732 4408 alii
750 4370 828 4407 συνο-
913 4350 1370 4426 ε.1”ε1ε1ω.δ.παραγγελόμενος.

238 4421 389 4492 μολογελτε.
915 4428 932 4476 1.
957 4427 1056 4488 Segner.
1082 4433 1105 4475 εῑ
1130 4427 1236 4478 Felckm.
1255 4427 1279 4476 4.
1302 4415 1366 4492 παρ’
1394 4415 1473 4489 ἡμῖν.

274 4495 298 4544 b.
316 4495 414 4546 Gobler.
433 4502 457 4544 ει
474 4484 579 4544 ῦεΙαΙιόι.
599 4493 621 4544 1.
639 4486 744 4555 ψευδές.
880 4495 924 4545 Alii
941 4501 964 4542 ει
976 4493 1034 4542 editi
1051 4483 1114 4559 παρ’
1134 4486 1206 4560 ὑμῖν.
1225 4493 1386 4554 Μοτῖεηυετ.
1397 4490 1472 4540 ΒοείΙ.

274 4577 295 4613 ο.
314 4563 355 4613 Sic
373 4564 471 4625 δεςοετ.
490 4563 546 4623 neg.
566 4562 662 4611 ὓοΙνΙει.
682 4561 787 4612 Felckm.
808 4561 829 4612 1.
848 4597 851 4600 -
882 4561 981 4612 Gobler.
999 4561 1104 4610 Felckm.
1118 4561 1139 4609 1.
1153 4562 1210 4612 εῑλ.
1227 4553 1265 4615 εἷς
1281 4557 1389 4609 τοῦτον.
1422 4557 1474 4609 6ο-

239 4627 264 4678 4.
283 4638 307 4680 ει
324 4631 348 4680 ὁ.
384 4631 413 4682 At
430 4630 470 4682 ulii
489 4638 513 4681 οι
530 4629 587 4680 odiu
605 4619 711 4678 τούτου.
881 4629 928 4680 teri
944 4637 969 4680 ει
986 4627 1044 4680 editi
1061 4619 1099 4683 εἷς
1115 4625 1205 4680 τοῦτο.
