3234 5282
608 413 896 461 omrrorucorrrru
908 417 1045 464 ammos.
1363 415 1427 480 427

202 576 289 641 tnus,
317 585 383 628 oum
410 565 482 628 item
504 565 661 630 dedeceret
679 565 733 627 liei
757 583 833 646 opus
855 568 1060 648 imperfectum
1081 591 1252 652 remanere,
1281 580 1362 644 unde
1382 583 1511 658 litrsar.

198 678 361 731 utomnes
391 666 491 730 Sancti
518 666 638 730 Psalmo
668 666 832 729 centesimo
860 669 1012 749 trigesimo
1040 679 1167 752 septimo
1195 678 1289 742 lleum
1308 682 1368 746 bro
1388 684 1426 748 da

197 789 232 832 re
253 769 294 832 ite
314 777 489 850 precentur:
511 768 647 840 Domriae,
670 767 824 831 retrabere
843 786 906 850 pro
927 789 993 849 rrae,-
1014 772 1151 852 Domine,
1175 796 1268 858 opero
1281 801 1424 849 maressa

166 891 168 896 ·
198 883 324 935 tuorum
345 891 382 934 rte
398 873 563 951 despiciam
584 869 695 932 idcirco
709 871 872 950 perlectum
887 870 941 932 Dei
957 872 1084 936 Verbum
1100 893 1209 956 corpus
1223 878 1424 960 imperfectum

196 973 296 1036 induit
322 981 410 1053 atque
437 972 469 1034 in
499 989 589 1052 opera
619 971 713 1033 creari
741 970 864 1044 dicitur,
892 983 926 1035 ut
946 992 1002 1053 pro
1025 975 1114 1037 nobis
1137 977 1238 1040 debito
1259 981 1358 1046 soluto
1381 1005 1424 1062 ea,

196 1093 273 1156 quse
295 1074 409 1137 bomini
431 1074 568 1146 deerant,
596 1071 804 1152 perseipsum
828 1073 960 1154 expleret
980 1084 1067 1155 etque
1089 1077 1255 1158 perliceret
1298 1081 1427 1150 lleersnt

198 1186 297 1240 autem
319 1177 432 1240 bomini
454 1174 660 1238 immortalitas
683 1183 713 1235 et
733 1174 780 1236 ria
801 1175 838 1236 ad
859 1176 1040 1255 paradisum.
1084 1177 1150 1242 lloc
1171 1180 1270 1260 ipsum
1292 1183 1426 1252 Salvator

196 1279 245 1340 bis
267 1279 364 1342 verbis
392 1278 519 1341 indicet:
555 1277 618 1357 Epo
648 1286 676 1339 te
701 1275 876 1358 plorifiooaa'
895 1281 928 1339 ἐκ
956 1289 1058 1354 term
1094 1299 1171 1361 opus
1202 1286 1322 1366 perfeci
1346 1291 1426 1370 pared

195 1383 367 1462 [edendum
388 1381 464 1444 mibi
484 1380 602 1442 dedisti.
644 1377 682 1438 Et
703 1377 828 1442 lterum:
866 1379 983 1460 Opera,
1012 1401 1087 1461 pecc
1115 1381 1210 1446 Peter
1229 1387 1307 1450 aridi
1321 1389 1425 1472 perfi.

195 1485 300 1547 ciendo
321 1485 418 1554 dedit,
446 1487 514 1562 diro
543 1499 650 1563 opero,
679 1497 754 1562 paroc
780 1477 877 1559 socio,
908 1485 1109 1544 tetimonium
1128 1485 1288 1564 perbiberet
1309 1490 1346 1552 de
1366 1509 1422 1554 rrae.

195 1587 293 1667 Opere
314 1603 424 1666 porro,
456 1601 531 1662 quae
553 1581 611 1643 sibi
632 1581 749 1643 Patrem
771 1579 950 1661 perficienda
973 1581 1093 1643 dedisse
1115 1584 1257 1664 declarat,
1286 1589 1351 1671 ipss
1375 1591 1421 1656 illa

196 1695 276 1762 sunt,
298 1687 329 1746 in
350 1704 426 1765 quae
448 1691 573 1756 creatur,
595 1691 629 1746 ut
642 1683 672 1746 in
687 1681 858 1744 Proverbiis
880 1683 936 1745 ait:
958 1681 1107 1750 Dominus
1131 1694 1246 1751 meavit
1264 1701 1316 1754 ere'
1329 1697 1421 1774 prais-

195 1791 306 1868 raptum
333 1789 456 1848 olorem
478 1802 606 1846 reorum
627 1787 658 1846 in
680 1801 775 1866 opero
796 1801 864 1846 auo.
906 1783 981 1846 Nam
1009 1784 1087 1847 idem
1117 1797 1165 1850 est
1193 1787 1307 1852 dicere:
1340 1793 1422 1856 dedit

194 1887 266 1952 mibi
290 1887 379 1949 Pater
400 1904 501 1968 opera,
524 1896 568 1949 et:
591 1885 699 1948 crearit
720 1903 767 1947 me
789 1885 933 1950 llominns
955 1885 986 1948 in
1010 1905 1111 1967 opera.

278 2095 329 2158 ot.
374 2089 568 2163 Quandonam
590 2087 679 2169 igitur
701 2107 790 2168 opere
812 2087 993 2170 perficienda
1014 2092 1155 2171 suscepit,
1179 2091 1265 2156 ollei
1287 2092 1419 2158 bootes?

178 2195 268 2266 ‚ilinc
289 2193 367 2256 enim
389 2192 459 2272 quid
482 2192 571 2254 dictio
595 2194 711 2254 creoor't
733 2190 889 2270 significet,
912 2191 996 2252 leoile
1016 2191 1205 2272 intelligetur.
1239 2194 1271 2256 Si
1285 2213 1417 2277 respon·
1446 2235 1460 2266 0

188 2295 277 2370 detis,
298 2293 445 2378 principio
469 2293 643 2374 suscepisse
664 2309 755 2372 opera
776 2291 964 2370 perficienda,
987 2311 1052 2356 cum
1075 2292 1124 2357 illa
1147 2313 1164 2356 e
1185 2295 1277 2358 nibilo
1300 2299 1418 2360 leoitut

187 2406 309 2471 esseut;
330 2397 437 2459 lelsuru
460 2395 490 2457 id
512 2396 614 2474 utiquo
638 2401 696 2465 est,
719 2391 845 2476 necdum
868 2393 945 2455 eninr
968 2395 1042 2456 lecta
1065 2405 1158 2458 erant.
1202 2397 1289 2478 Atqui
1309 2397 1347 2459 de
1367 2398 1416 2459 bis

185 2507 324 2580 tanquam
354 2519 429 2577 qnae
457 2497 515 2558 ism
549 2501 655 2556 essent
681 2501 803 2572 apparet
830 2512 896 2556 eum
924 2495 1016 2576 loqui.
1060 2495 1163 2576 Neque
1192 2498 1281 2558 etiam
1302 2497 1347 2558 les
1370 2505 1418 2560 est

186 2599 268 2660 istud
291 2599 328 2658 de
349 2607 485 2676 tempore
506 2593 679 2672 intelligere,
702 2595 779 2674 quod
800 2596 882 2676 prius
906 2597 960 2660 luit
981 2616 1070 2678 quem
1086 2598 1215 2658 Verbum
1238 2616 1307 2660 caro
1322 2599 1417 2670 lieret,

189 2715 227 2759 ne
250 2695 361 2758 inutilis
383 2697 447 2756 eius
478 2695 612 2764 rideatur
639 2695 796 2768 adrentus,
830 2717 896 2760 cum
925 2699 1049 2760 huiusce
1078 2697 1122 2761 rei
1145 2716 1232 2760 causa
1253 2697 1416 2761 advenerit.

186 2799 292 2880 ltaque
315 2797 372 2858 iem
394 2804 496 2870 restat,
517 2804 551 2858 ut
571 2798 723 2871 lateamus,
746 2805 817 2860 tunc
838 2800 991 2878 accepisse
1006 2817 1109 2878 opera,
1132 2817 1199 2860 euna
1214 2799 1306 2860 bomo
1321 2800 1501 2868 lactescere.

187 2907 246 2961 est.
285 2897 436 2977 Siquidem
461 2905 529 2959 tuuc
550 2897 597 2960 illa
618 2899 751 2979 perfecit,
774 2919 841 2960 cum
865 2908 968 2961 nostra
989 2897 1104 2960 sonarit
1125 2899 1247 2960 vulnere
1268 2897 1416 2977 nobisque

186 3021 223 3064 ex
251 2999 378 3062 mortuis
410 3017 567 3078 resurgere
595 3001 752 3062 concessit.
798 3000 886 3072 Quod
915 2999 943 3059 si
971 3017 1037 3059 com
1065 2997 1193 3060 Verbum
1216 3017 1285 3060 cero
1307 3001 1414 3062 lantum

186 3109 245 3176 est,
267 3110 338 3163 tunc
353 3101 380 3162 ei
396 3099 462 3160 data
486 3107 555 3160 sunt
576 3117 676 3180 opera,
699 3101 793 3178 liquet
805 3100 924 3178 ipsum,
947 3117 1013 3161 curn
1037 3099 1128 3160 bomo
1150 3100 1244 3162 lactus
1265 3111 1321 3176 est,
1346 3107 1415 3162 tanc

186 3223 305 3284 quoque
334 3202 363 3262 in
395 3219 486 3281 opere
515 3219 583 3263 esse
617 3209 759 3263 creatum.
803 3199 869 3260 Non
901 3217 971 3280 erpo
1000 3201 1059 3262 boc
1087 3199 1176 3263 rerbo
1205 3205 1320 3266 arenoit
1347 3202 1411 3265 eiua

182 3313 288 3366 natms
311 3302 502 3382 significetur,
527 3303 568 3364 uti
591 3303 714 3382 strepius
736 3301 847 3363 dietum
871 3311 925 3376 est,
948 3301 1002 3362 sed
1025 3309 1109 3364 ortus
1124 3301 1220 3383 ipsius
1235 3321 1409 3383 corporeus.

180 3405 266 3468 'lunc
293 3403 388 3478 enim,
423 3403 502 3482 quod
530 3421 621 3484 opere
654 3405 823 3482 imperfecte
854 3403 1012 3466 et'mutils
1041 3413 1162 3483 peccato
1185 3405 1260 3466 lacta
1282 3406 1409 3478 luerent,

128 3579 132 3589 ,
180 3505 275 3568 creari
309 3504 471 3566 secundum
502 3521 610 3584 corpus
639 3503 761 3576 dieitur,
795 3513 829 3564 ut
855 3503 913 3565 illis
934 3504 1074 3584 perlectis
1095 3513 1183 3585 atque
1204 3505 1236 3566 in
1259 3505 1407 3585 integrum

180 3615 288 3670 statum
316 3604 479 3680 restitutis,
508 3605 668 3668 Ecclesiam
691 3604 770 3668 Patri
798 3605 952 3666 exhiberet
976 3623 1040 3668 narr
1071 3607 1224 3668 lubentem
1246 3607 1406 3674 meolam,

179 3718 213 3772 ut
234 3707 275 3770 sit
296 3706 465 3788 Apostolus,
489 3718 544 3770 out
564 3725 672 3788 mpnrrr
693 3715 749 3769 net
770 3707 885 3789 aliquid
908 3706 1087 3777 huiusmodi.
1111 3709 1164 3770 red
1185 3717 1220 3767 ot
1240 3711 1280 3768 rit
1301 3715 1408 3770 roseto

210 3893 235 3942 b.
254 3893 352 3956 Segner.
370 3885 464 3944 dodras
479 3890 570 3943 τοῦτο.
604 3891 649 3942 stit
667 3897 692 3942 ot
708 3891 766 3942 editi
816 3893 844 3942 tt
862 3892 886 3942 iu
904 3892 1004 3955 Sepoer.
1022 3883 1055 3938 τό
1073 3887 1407 3970 snprsrqiadrcriptnroert.

173 3953 226 4028 ιδιὰ
244 3959 333 4010 τοῦτο.
817 3959 908 4020 duplic.
932 3959 1030 4009 Gobter.
1056 3965 1079 4005 et
1094 3955 1202 4008 l'elclrn.
1222 3957 1244 4007 l.
1262 3972 1295 4006 το
1314 3949 1409 4010 εἰπεῖν.

213 4045 233 4078 ο.
253 4029 392 4089 Segnerian.
418 4025 516 4078 Gobler.
535 4024 639 4074 l'elclm.
660 4023 681 4074 l.
700 4032 724 4073 et
742 4023 765 4074 l.
816 4025 921 4075 Fetctm.
941 4027 964 4076 b.
989 4019 1192 4075 sintlrtsatom.
1228 4025 1289 4076 Edit}
1308 4041 1364 4076 roro
1382 4034 1408 4077 et

178 4087 328 4147 ἀποδιδούς
352 4103 374 4144 et
392 4093 467 4176 poulo
503 4099 541 4140 ast
558 4083 651 4141 ἔλειπε.
687 4092 766 4143 Ceteri
817 4093 858 4143 alit
876 4085 900 4140 sl
917 4081 998 4142 εἶπεν.
1035 4093 1210 4143 lbidemllrsil.
1229 4086 1264 4140 τὰ
1282 4085 1350 4160 ἔργα
1368 4083 1407 4146 rlr

178 4173 201 4214 et
220 4165 276 4214 editi
296 4153 415 4214 c'rnodovr
433 4169 457 4210 et
503 4171 554 4208 ιπε.
818 4154 849 4210 rd
868 4155 1016 4216 τελειῶσαι,
1034 4153 1080 4208 καὶ
1096 4151 1185 4210 tarrae
1200 4173 1243 4226 με.

209 4231 233 4280 d.
251 4223 333 4278 noller
350 4231 417 4280 deest
436 4228 459 4278 iu
478 4227 575 4279 Gobler.
588 4235 611 4276 et
626 4226 729 4276 l'elclm.
742 4226 765 4276 1.
851 4244 873 4292 p.
893 4229 996 4279 Felelrm.
1014 4228 1039 4277 t.
1059 4229 1146 4277 omittit
1163 4219 1263 4295 οὔριος.

210 4313 232 4348 e.
250 4299 349 4360 sepner.
369 4295 466 4347 Gobler.
484 4302 508 4346 et
525 4293 630 4345 Felelrn.
651 4295 673 4344 l.
694 4285 765 4342 adse
811 4321 814 4330 ι
850 4295 874 4344 la.
894 4295 950 4359 lter.
969 4304 993 4346 et
1011 4295 1116 4344 detetur.
1134 4296 1158 4344 a.
1176 4287 1311 4353 ἐποίησεν.

175 4357 211 4412 τὰ
228 4358 304 4430 ἔργα.
341 4364 413 4414 Basil.
438 4363 494 4425 lleg.
520 4369 544 4412 et
567 4361 656 4425 duplic.
676 4360 764 4410 ταῦτα
849 4363 866 4412 i.
884 4363 984 4425 Sepoer.
1003 4355 1115 4427 trivero.

174 4425 210 4480 τὰ
228 4424 304 4498 ἔργα.
340 4431 401 4482 Editi
419 4421 538 4480 ταῦταέ
575 4443 600 4478 or.
627 4430 762 4490 lloxSepn.
849 4429 871 4478 lr.
890 4429 989 4492 Sepuer.
1009 4418 1404 4490 Gobler.l·“elclrm.l.ot4.riprlv.

175 4499 275 4550 Gobler.
298 4506 322 4548 et
345 4499 449 4550 Fetclm.
469 4498 492 4549 1.
516 4491 544 4545 da
564 4492 663 4544 ωκέναο
680 4487 764 4562 αὐτῷ.
814 4496 878 4548 Editi
895 4498 977 4547 etalii
994 4495 1087 4546 πᾶσιν.

173 4567 202 4617 ln
221 4567 276 4618 aliis
293 4575 317 4616 et
335 4567 404 4617 editis
421 4568 491 4616 daest
509 4555 592 4628 ebro.
850 4563 866 4612 l.
894 4564 934 4616 Sic
952 4564 1051 4625 Segoer.
1071 4565 1127 4622 lter.
1146 4559 1238 4668 analio.
1258 4566 1281 4607 et
1298 4557 1404 4608 Felclrm.

208 4634 226 4684 l.
245 4635 344 4698 Sepuer.
355 4630 606 4684 Basil.etl”elclun.l.
619 4627 658 4694 τῷ
670 4621 763 4680 εἰπεῖν.
814 4629 838 4679 l.
874 4630 902 4680 lt
925 4631 998 4680 editio
1016 4626 1133 4680 Commel.
1152 4619 1183 4681 δη
1200 4617 1277 4670 ordre
1295 4614 1341 4673 dre
1359 4630 1404 4674 ate.
