3212 5272
236 419 296 482 152
630 427 656 470 s.
672 426 826 470 ιτειαιειι
840 424 1064 468 mammeam

146 582 334 648 ε.ωε.λοντα
355 576 439 644 κατὰ
460 578 519 642 τοῦ
542 576 690 659 σωτήρος
712 567 923 658 ὀρχήσασθαι
944 569 986 637 τά
1008 569 1151 657 δύστηνα
1172 569 1290 636 ἑαυτοῦ
1312 568 1464 658 ῥημάτια

233 684 291 767 τῆς
325 673 478 763 ἀσεβείας
510 675 544 742 έν
573 673 719 752 έκλότοις
747 676 802 739 καὶ
823 677 1037 756 παρειμένσις
1057 672 1172 754 μέλεσι
1194 676 1379 757 σημαίνειν,
1413 669 1460 738 ἵν’

234 778 344 867 ὥςπερ
365 775 384 864 ή
408 783 514 866 σοφία
536 781 656 864 φησίν·
680 769 750 841 άπὸ
774 772 889 853 έξόδοο
912 770 1010 858 λόγον
1032 771 1343 858 ’ἐπιγνωσθήσεται
1365 766 1461 859 άνήρ,

226 879 339 960 ’σῦτως
367 875 424 947 ἀπ’
450 879 580 946 ἐκείνων
608 875 647 943 τὸ
674 879 733 964 τῆς
761 877 868 960 ψυχῆς
893 873 937 961 μή
968 869 1133 958 άνδριῦδες
1153 874 1205 938 καί
1228 875 1286 959 τῆς
1309 873 1463 952 διανοίας

233 979 253 1071 ή
276 980 400 1070 φθορά
414 984 473 1047 τοῦ
495 978 686 1066 γράψαντος
707 975 925 1063 γινώσκηται,·
947 974 1085 1060 καὶγὰρ
1109 969 1184 1040 οῦδὲ
1208 973 1329 1040 έλαθεν
1346 969 1363 1040 5
1380 972 1463 1040 Ι’δό-

234 1086 321 1164 λιος,
356 1077 441 1149 άλλά
468 1087 599 1148 καίτοι
627 1077 788 1156 πολλάκις
816 1073 861 1156 ὡς
884 1073 901 1142 5
925 1074 1005 1164 όφις
1028 1074 1096 1142 άνω
1118 1077 1172 1141 καί
1194 1074 1283 1142 κάτω
1306 1081 1462 1163 στρέφων

234 1182 351 1252 ἑαυτὸν
374 1179 464 1266 ὅμως
486 1187 659 1248 πέπτωκεν
683 1180 730 1258 είς
750 1178 808 1266 τήν
831 1177 958 1266 πλάνην
981 1181 1062 1244 ’τῶν
1087 1183 1291 1262 Φαρισαίων.
1315 1172 1382 1256 ’ὡς
1396 1177 1461 1262 γάρ

234 1284 353 1353 διεῖναι
373 1284 529 1361 θέλοντες
550 1292 755 1368 παρανομεῖν
778 1280 1029 1368 έσχηματίζοντο
1050 1277 1093 1346 τὰ
1112 1282 1171 1344 τοῦ
1193 1277 1295 1361 νόμον
1317 1279 1461 1361 μελετᾶν

234 1386 379 1474 ῥήματα,
403 1383 458 1450 καὶ
479 1385 635 1462 θέλοντες
657 1380 836 1468 ἀρνεῖσθαι
857 1380 914 1449 τὸν
937 1383 1208 1470 προςδοκήθέντα
1228 1378 1285 1446 καὶ
1305 1379 1460 1465 παρόντα

234 1487 345 1573 κόριον
368 1482 579 1570 ὑπεκρίνοντο
601 1486 661 1570 μὲν
685 1479 856 1569 ὀνομάζειν
877 1483 934 1550 τὸν
955 1483 1048 1563 θεόν,
1070 1477 1242 1569 ἠλέγχοντο
1259 1481 1294 1547 δὲ
1309 1481 1460 1568 βλαςφη-

234 1591 372 1672 μοῦντες
395 1586 429 1654 ἓν
450 1589 496 1673 τῷ
519 1588 640 1672 λέγειν·
663 1587 753 1653 διατί
776 1583 815 1652 οῦ
839 1583 1022 1670 άνθρωπσς
1045 1579 1090 1650 ιῦν
1112 1582 1195 1650 θεὸν
1217 1580 1354 1654 σεαυτὸν
1376 1603 1458 1648 ποι-

236 1697 294 1768 εἲς,
317 1689 370 1754 καί
393 1688 513 1772 λέγεις’
536 1685 599 1773 ἐγὼ
621 1689 675 1753 καὶ
699 1683 717 1752 5
739 1688 850 1773 πατὴρ
873 1687 906 1754 έν
929 1687 1071 1770 bow),-
1099 1680 1186 1751 οῦτω
1201 1686 1255 1750 καί
1271 1679 1288 1747 5
1303 1683 1455 1768 κίβδηλος

135 1804 140 1813 “
235 1786 291 1856 καὶ
312 1788 518 1868 ἆΣωτάδειος
539 1786 672 1875 ’Ἀρειος
702 1784 915 1874 ὑποκρίνεται
945 1788 1005 1870 μέν
1041 1782 1086 1864 ὡς
1118 1783 1196 1871 περὶ
1227 1787 1310 1852 θεοῦ
1343 1784 1453 1867 λέγων,

235 1891 468 1975 ’παρεντιθεὶς
494 1888 555 1968 τάς
581 1892 648 1956 τιῦν
674 1893 810 1976 γραφῶν
839 1889 958 1967 λέξεις,
994 1887 1157 1972 ἐλέγχεται
1186 1886 1222 1952 δὲ
1244 1883 1456 1967 πανταχόθεν

228 1986 361 2075 ’Ἀρειος
394 1987 511 2070 άθεος,
547 1985 745 2075 ἀρνούμενος
775 1987 832 2054 τὸν
863 1988 934 2054 σλὸν
962 1990 1016 2054 καὶ
1044 1997 1116 2063 τοῖς
1142 1984 1327 2072 ποιήμασιν
1356 1979 1457 2050 αῦτὸν

234 2092 459 2175 συναριθμιῦν.

319 2197 348 2256 5.
379 2184 422 2252 ‘H
440 2191 500 2273 μὲν
522 2179 579 2254 οῦν
602 2185 681 2276 άρχή
704 2193 761 2274 τῆς
779 2183 949 2274 Ἀρειανής
970 2189 1126 2278 ’θαλείας
1148 2187 1200 2250 καί
1223 2187 1455 2272 κουφολογίας,

233 2277 320 2372 ἦθος
341 2289 460 2370 ἔχουσα
481 2293 534 2356 καί
555 2293 656 2374 μέλος
669 2289 824 2378 θηλυκόν,
841 2285 939 2375 αῦτη·
962 2285 1045 2352 κατὰ
1060 2293 1174 2353 πίστιν
1190 2285 1346 2352 ἐκλεκτῶν
1360 2289 1457 2378 θεοῦ,

151 2416 228 2461 εισι.
237 2392 380 2456 συνετῶν
401 2392 495 2469 θεοῦ,
519 2390 650 2456 παίδων
672 2385 783 2476 άγίων,
807 2386 1013 2476 όρθοτόμων,
1037 2383 1131 2473 άγιον
1152 2390 1237 2454 θεοῦ
1253 2389 1383 2470 πνεῦμα
1398 2388 1460 2452 λα-

234 2488 370 2574 βόντων,
394 2489 473 2557 τάδε
496 2491 623 2573 ’έμαθον
647 2492 746 2578 ἐ’γωγε
766 2489 834 2557 άπὸ
855 2494 921 2557 τῶν
937 2496 1057 2578 σοφίης
1071 2489 1280 2572 μετεχόντων,
1304 2482 1459 2567 άστείων,

234 2589 470 2672 θεοδιδάκτων,
493 2589 578 2658 κατά
599 2592 710 2659 πάντα
732 2597 847 2679 σοφῶν
868 2613 920 2658 τε·
942 2590 1066 2669 τούτων
1081 2585 1149 2656 κατ’
1168 2591 1256 2672 ἴχνος
1270 2579 1378 2677 ήλθον
1393 2588 1461 2674 ἐγώ

233 2695 357 2774 βαίνων
380 2687 569 2776 ιὁμοδόξως
598 2688 849 2778 όπερικλυτός,
881 2689 899 2757 5
927 2691 1038 2760 πολλὰ
1066 2690 1190 2758 παθὼν
1213 2689 1270 2758 διὰ
1291 2689 1349 2778 τήν
1371 2694 1460 2757 θεοῦ

235 2789 342 2872 δόξαν,
367 2788 434 2858 ῦπό
455 2819 491 2860 τε
512 2796 596 2860 θεοῦ
618 2793 740 2879 μαθὼν
763 2801 886 2882 σοφίαν
907 2797 960 2860 καί
983 2797 1103 2880 γνῶσιν
1126 2791 1189 2878 ι’γιῦ
1212 2792 1321 2877 ἔγνων.
1354 2790 1396 2858 τά
1419 2792 1461 2859 δὲ

234 2890 268 2959 ἐν
301 2887 382 2980 αὐτῇ
416 2893 635 2980 ιικροτοῦμενα
668 2891 746 2981 παρ’
777 2891 877 2961 αὐτοῦ
911 2894 1091 2980 σκώμματα
1119 2892 1243 2981 φευκτά
1268 2895 1323 2960 καὶ
1349 2897 1461 2977 μεστά

234 2993 422 3079 δυςσεβείας
454 2993 593 3061 τοιαῦτά
621 2995 720 3062 ἐστιν·
754 2991 811 3063 οόκ
839 2991 888 3064 άελ
917 2991 948 3062 ³5
977 2996 1058 3073 θεὸς
1086 2993 1194 3079 πατήρ
1223 2983 1278 3078 ἦν,
1313 2988 1381 3060 ἀλλ’
1416 2982 1460 3078 ἦν

235 3088 290 3160 ὅτε
320 3090 338 3160 5
368 3094 450 3174 θεὸς
471 3095 572 3179 μόνος
593 3085 632 3182 ήν
654 3099 708 3163 καί
731 3095 826 3164 οῦπω
849 3096 965 3182 πατήρ,
980 3085 1034 3180 ήν,
1068 3091 1204 3180 ὕστερον
1227 3095 1263 3162 δὲ
1286 3093 1461 3178 ἐπιγέγονε

233 3194 352 3279 πατήρ.
379 3191 455 3289 ,οῦκ
477 3193 530 3262 άελ
551 3188 589 3282 ἦν
612 3193 630 3262 5
653 3197 738 3276 οἶός·
761 3198 895 3265 πάντων
917 3195 977 3282 γάρ
1000 3203 1180 3282 γενομένων
1203 3195 1238 3276 ἐξ
1259 3190 1316 3262 οῦκ
1339 3193 1458 3276 ὄντων,

232 3293 285 3356 καί
309 3292 444 3359 πάντων
467 3293 571 3363 όντων
593 3299 780 3382 κτισμάτων
802 3301 856 3365 καί
878 3296 1073 3384 ποιημάτων
1095 3302 1293 3382 γενομένων,
1318 3299 1371 3364 καὶ
1394 3291 1459 3364 αό-

231 3388 290 3468 τὸς
311 3385 329 3455 ὖ
351 3395 409 3458 τοῦ
432 3398 516 3460 θεοῦ
538 3397 634 3481 λόγος
656 3397 692 3477 ἐξ
713 3393 771 3466 σῦκ
793 3397 896 3464 όντων
917 3404 1035 3484 γέγονε,
1059 3401 1137 3464 Ιικαί
1158 3387 1197 3482 ἦν
1219 3421 1304 3464 ποτε
1326 3393 1382 3465 ὅτε
1396 3392 1459 3466 οῦκ

232 3480 287 3575 ἦν,
316 3493 371 3558 καὶ
394 3489 452 3558 οῦκ
472 3483 512 3580 ήν
535 3499 615 3581 πρὶν
637 3504 784 3585 γένηται,
815 3493 883 3565 ἀλλ’
909 3495 1008 3585 άρχήν
1029 3502 1088 3564 τοῦ
1110 3499 1283 3578 κτίζεσθσι
1306 3499 1378 3580 ῦσχε
1398 3503 1457 3568 καὶ

233 3585 341 3670 αῦτός.
386 3582 425 3680 ἦν
446 3594 517 3680 γάρ,
543 3603 633 3682 φησί,
657 3598 759 3682 μόνος
782 3593 799 3664 5
822 3598 918 3680 θεός,
941 3601 996 3665 καί
1020 3597 1115 3666 οῦπω
1137 3589 1176 3686 ήν
1200 3593 1218 3664 5
1240 3598 1336 3683 λόγος
1357 3598 1456 3687 καλή

141 3709 145 3728 ·
231 3698 354 3777 σοφία·
378 3687 449 3760 εἷτα
470 3695 617 3783 θελήσας
638 3694 723 3785 ἡμᾶς
746 3701 992 3787 δημιουργήσαι,
1016 3698 1092 3766 τότε
1115 3699 1168 3786 Ιδή
1191 3705 1373 3786 πεποίηκεν
1396 3699 1458 3768 ἕνα

229 3790 320 3871 τινά,
350 3796 404 3860 καί
435 3791 605 3880 ὠνόμασεν
634 3795 733 3867 αὐτὸν
763 3800 859 3886 λόγον
882 3799 937 3866 καὶ
959 3806 1082 3887 σοφίαν
1104 3800 1160 3867 καὶ
1181 3800 1268 3878 νλόν,
1291 3799 1346 3866 ἵνα
1368 3796 1454 3886 ήμᾶς

300 4014 323 4074 1)
342 4016 408 4065 loun.
430 4017 468 4077 10,
487 4018 528 4068 33.
547 4019 588 4070 ³0.

263 4163 285 4199 ε.
305 4149 405 4210 δεςσεε.
429 4151 519 4212 λαςΙίε.
545 4152 642 4203 comer.
664 4155 768 4204 Γαλάταν.
790 4157 810 4205 l.
898 4172 919 4206 ε.
937 4156 1297 4218 8οςσεε.ίὶοο1εε,ΈεΙελσι.λ.
1316 4154 1373 4204 τῶν
1391 4148 1453 4205 τότε

227 4209 472 4292 έπφγνωσθήσεεαι.
501 4219 556 4295 Βεη.
575 4227 599 4267 ει
616 4219 720 4270 λ’σΙεΙιον.
731 4223 754 4270 5.
771 4237 813 4284 γι-
865 4219 1034 4288 Φαρισαίων.

228 4293 369 4331 νωσκεται.
395 4283 455 4333 Edili
472 4295 647 4360 γιμωσκηεαι.
661 4287 734 4336 wid.
753 4303 812 4337 εοσ-
897 4291 921 4338 δ.
940 4291 1039 4354 Seguer.
1059 4298 1082 4338 ει
1101 4291 1156 4351 neg.
1175 4281 1324 4343 Σωτάιισς.
1359 4289 1450 4352 Angue.

228 4349 319 4398 iunctio
345 4344 393 4396 καί
416 4359 473 4414 post
497 4363 565 4418 ανηρ
591 4354 614 4400 in
639 4353 709 4402 editis
734 4355 812 4417 posita
865 4355 971 4406 Felckm.
991 4355 1013 4404 2.
1033 4365 1056 4405 ει
1075 4357 1099 4404 5.
1118 4349 1280 4408 Σωσάτεωε.

229 4415 298 4464 deest
316 4418 340 4465 in
358 4419 456 4478 Soguer.
476 4419 531 4480 Ιλες.
551 4419 723 4480 ΒοιλλλοςΙλε.
743 4421 813 4471 Gobl.
900 4435 921 4469 ε.
940 4423 980 4470 Sic
999 4422 1097 4483 Seguer.
1118 4423 1398 4474 σιτοποιεῖσθαί.
1425 4424 1452 4472 λι

229 4481 334 4530 λέΙιΙιικ.
355 4483 378 4530 1.
866 4488 922 4536 editi
942 4489 1017 4538 etalii
1035 4491 1204 4554 παρατιθείς.
1241 4491 1293 4540 Mox
1311 4491 1450 4553 Seguerian.

262 4547 718 4611 λι.8ἰε8εςσεε.6σό1εε.1·ἐλολισ.λ.
750 4551 813 4604 Εδίῑί
865 4547 1018 4611 ποντόθεν,
1044 4559 1084 4620 qui
1110 4558 1166 4606 ibid.
1186 4567 1212 4607 σι
1229 4567 1252 4608 ει
1270 4558 1410 4610 ῦσλλιείεο.
1429 4563 1451 4604 ει

228 4625 283 4663 τωο
303 4623 326 4665 ει
344 4615 384 4664 am
402 4610 524 4670 δεδίασι.
865 4621 972 4674 ιἰίιεα.
993 4624 1015 4672 1.
1036 4625 1124 4676 omittit
1137 4615 1246 4692 Ἄρεως.
