3226 5308
241 363 303 428 588
643 375 670 420 ε.
686 345 839 420 maun
854 368 1076 454 ιιιοιιιενιεοσνι

156 531 365 615 υ.εοο.τημένα
393 523 440 602 εἰς
466 521 579 590 πάντα
599 520 643 588 τὰ
663 521 838 609 θελήματα
860 517 978 604 αὐτοῦ,
1007 525 1062 590 καὶ
1079 521 1188 590 ,πάλιν
1210 521 1245 590 έν
1267 525 1314 610 τῷ
1336 525 1477 608 τριοκσὲ

244 629 321 714 στῷ.
334 624 497 712 τετάρτῳ·
526 621 639 690 πάντα
661 619 726 690 ὅσα
747 618 911 712 ἠθέλησεν
934 619 953 690 5
974 623 1086 710 κύριος
1108 624 1264 711 ἐποίησεν
1287 623 1322 691 έν
1343 627 1388 710 τῷ
1411 619 1476 690 05-

240 729 330 814 ρανῷ
358 729 412 793 καλ
441 724 475 792 έν
501 727 541 812 τῇ
568 748 608 812 γη
630 727 703 791 ’καὶ
731 724 765 792 έν
792 735 867 805 ταῖς
894 725 1088 804 θαλάσσαις
1108 727 1163 791 καλ
1186 723 1220 810 ἐν
1243 724 1370 804 πάσαις
1391 735 1472 804 ταῖς

243 825 441 916 ἀβύσσοις“).
479 825 509 892 εἰ
528 827 591 908 μὲν.
613 814 670 891 οὖν
692 826 785 912 ἔργον
807 829 860 892 καὶ
876 833 1007 914 ποίημα
1020 825 1077 893 καὶ
1092 821 1140 904 εἷς
1154 828 1221 892 τῶν
1235 825 1370 892 πάντων
1385 825 1470 906 έστί,

208 927 210 932 ’
243 932 393 1016 λεγέσθω
415 930 470 994 καὶ
492 921 592 1004 αὐτὸς
613 926 770 1015 βουλήσει
791 926 992 1012 ιγενόμενος,
1016 923 1103 994 οὕτω
1121 921 1472 1015 γὰρέδειξενὴγραφή

244 1029 287 1098 τὰ
314 1027 487 1116 ποιήματα
513 1033 703 1113 γίγνεσθαι,
734 1030 789 1094 καὶ
809 1021 980 1113 Ἀστέριος
1002 1028 1038 1094 δὲ
1061 1023 1078 1093 5
1101 1027 1280 1114 συνήγορος
1301 1030 1359 1116 τής
1380 1027 1474 1112 αἱρέ-

201 1143 207 1152 “
246 1156 330 1210 σεως
360 1127 467 1216 τούτῳ
501 1133 737 1212 συντιθέμενος
767 1124 872 1206 οὕτως
899 1128 1037 1216 γράφει·
1070 1131 1137 1196 εἴτε
1163 1129 1224 1216 γὰρ
1254 1123 1389 1208 ἀνάξων
1409 1131 1501 1212 τοῢΙ

248 1232 446 1321 δημιουργοῦ
468 1228 507 1295 τὸ
529 1229 676 1296 θέλοντα
698 1239 821 1310 ποιεῖν,
845 1227 905 1296 ἐπὶ
925 1228 1061 1296 πάντων
1084 1226 1208 1315 ὁμοίως
1230 1225 1409 1318 ἀνηηρήσθω
1431 1229 1473 1296 τὸ

247 1336 371 1413 θέλειν,
395 1332 469 1398 οἵνα
495 1325 648 1416 ἀκέραιον
677 1324 766 1417 αὐτῷ
796 1329 941 1417 σώζηται
968 1327 1007 1396 τὸ
1037 1327 1182 1415 ἀξίωμα,
1216 1331 1283 1398 εἴτε
1308 1335 1472 1417 προςήκον

248 1439 295 1522 τῷ
310 1435 382 1520 θεῷ
398 1431 437 1497 τὸ
451 1430 646 1517 βούλεσθαι,
665 1429 720 1497 καὶ
735 1430 792 1498 έπλ
807 1434 866 1496 τοῦ
882 1430 1018 1517 πρώτου
1032 1430 1232 1518 γεννήματος
1244 1425 1419 1518 ὑπαρχέτω
1434 1431 1474 1498 τὸ

249 1544 406 1622 κρεῖττον.
451 1527 490 1596 οὐ
511 1531 573 1617 γὰρ
596 1530 635 1618 δή
658 1530 797 1598 δυνατὸν
820 1531 869 1598 ἑνί
889 1557 926 1600 τε
946 1535 1069 1620 καὶτῷ
1093 1527 1182 1619 αὐτῷ
1203 1535 1276 1619 θεῷ
1298 1532 1338 1599 τὸ
1359 1535 1474 1604 θέλειν

250 1637 307 1702 zat
338 1637 405 1699 τῶν
427 1635 657 1717 δποιοομένων
680 1626 855 1718 άρμόττειν
876 1631 992 1699 καὶτὸ
1013 1632 1058 1721 μὴ
1080 1632 1266 1719 βούλεσθαι
1287 1634 1473 1720 προςήκειν.

248 1738 408 1822 πλείστην
438 1729 517 1819 ὅσην
540 1729 695 1819 ἀσέβειαν
718 1732 752 1800 έν
774 1743 847 1811 τοῖς
868 1732 1011 1821 ῥήμασιν
1034 1733 1152 1800 ἑαυτοῦ
1175 1737 1312 1814 συνθεὶς
1334 1731 1352 1802 5
1374 1759 1476 1823 σοφι-

176 1833 179 1840 ’
251 1836 345 1924 στής,
374 1832 429 1902 ὅτι
448 1859 486 1901 τε
514 1833 554 1899 τὸ
581 1839 723 1920 γέννημα
745 1832 860 1900 καὶτὸ
882 1841 1014 1921 ποίημα
1034 1834 1154 1902 ταυτόν
1177 1835 1263 1915 ἐστι,
1293 1838 1347 1902 καλ
1371 1831 1419 1915 εἷς
1440 1835 1476 1903 ἐκ

248 1938 385 2006 πάντων
406 1938 473 2002 τῶν
495 1932 617 2000 ’ὄντων
639 1933 847 2020 γεννημάτων
870 1933 960 2002 ἐστὶν
983 1931 1001 2000 5
1024 1935 1104 2016 υἱός,
1128 1937 1175 2014 εἰς
1196 1939 1296 2004 τοῦτο
1312 1937 1476 2004 συνέκλει-

191 2065 195 2080 ·
250 2063 316 2120 σεν,
341 2035 394 2103 ὅτι
414 2035 457 2102 τὰ
478 2033 650 2120 ποιήματα
670 2033 856 2120 βουλήματι
876 2036 933 2103 καὶ
953 2037 1120 2122 θελήματι
1140 2037 1299 2129 προςήκει
1316 2039 1431 2122 λέγειν,

335 2144 385 2204 61.
435 2128 560 2200 Οὐκοῦν
584 2135 613 2201 εἰ
636 2131 736 2214 ἀλλος
758 2134 828 2202 ἐστὶ
851 2139 917 2202 τῶν
937 2136 1089 2218 πάντων,
1121 2134 1231 2222 ὥςπερ
1254 2141 1325 2206 ίκαὶ
1347 2137 1381 2205 ἐν
1402 2147 1477 2216 τοῖς

249 2235 317 2324 πρὸ
339 2231 465 2301 τούτων
488 2232 632 2322 έδείχθη,
655 2237 710 2302 καὶ
731 2237 857 2320 μᾶλλον
879 2237 922 2304 τὰ
944 2232 1021 2324 ἔργα
1044 2233 1084 2305 δι’
1104 2232 1204 2304 αὐτοῦ
1218 2244 1337 2324 γέγονε,
1359 2238 1404 2324 μή
1420 2240 1476 2305 λε·

250 2343 365 2426 γέσθω
384 2332 555 2420 βουλήσει,
585 2335 641 2402 ἵνα
660 2333 705 2422 μὴ
728 2339 782 2402 καλ
805 2331 904 2418 αὐτὸς
926 2335 1031 2418 οὕτως
1051 2344 1196 2426 γένηται,
1225 2335 1332 2424 ὥςπερ
1354 2339 1406 2403 καὶ
1429 2336 1474 2402 τὰ

251 2433 292 2507 δι’
317 2433 417 2504 αὐτοῦ
439 2433 597 2520 γενόμενα
619 2441 766 2522 συνέστη.
803 2438 940 2526 καὶγὰρ
963 2434 982 2506 5
1002 2441 1062 2523 μὲν
1084 2441 1219 2518 Παῦλος
1238 2433 1293 2504 οάκ
1315 2432 1359 2502 ὢν
1380 2434 1469 2521 πρό-

251 2563 346 2634 τερον
373 2535 510 2622 ὕστερον
540 2531 629 2620 ὅμως
651 2534 708 2600 διὰ
730 2535 920 2623 θελήματος
940 2542 1025 2606 θεοῦ
1048 2534 1263 2620 ἀπόστολοςἺ
1285 2543 1427 2624 γέγονεν,
1450 2525 1471 2622 ή

253 2641 290 2708 δὲ
317 2640 431 2726 κλήσις
458 2632 551 2722 ἡμῶν
580 2631 626 2714 ὡς
652 2638 736 2702 ποτὲ
766 2636 823 2717 καὶ
850 2634 931 2726 αὐτή
953 2640 998 2726 μὴ
1021 2629 1105 2708 οάσα
1126 2643 1182 2708 νῦν
1206 2642 1242 2707 δὲ
1263 2639 1475 2724 ἐπιγενομένη

146 2809 152 2821 ,
253 2744 501 2828 προηγουμένην
524 2739 590 2822 ἔχει
611 2735 690 2823 Ιτὴν
712 2736 885 2824 βούλησιν,
908 2743 963 2806 καὶ
986 2736 1031 2819 ὥς
1054 2735 1154 2820 αὐτὸς
1175 2741 1279 2808 πάλιν
1303 2734 1321 2806 5
1341 2736 1479 2815 Παῦλός
1599 2811 1600 2816 1

256 2865 350 2930 φησι,
372 2838 456 2907 κατὰ
476 2837 535 2928 τήν
559 2833 708 2906 εὐδοκίαν
730 2841 789 2904 τοῦ
804 2837 995 2924 θελήματος
1010 2835 1111 2908 αὐτοῦ
1119 2843 1277 2928 3γ’γέγονε,
1301 2838 1406 2919 Ι’τό,τε
1422 2836 1480 2904 διά

253 2947 409 3021 Μωσέως
431 2939 621 3027 λεγόμενον·
649 2937 822 3028 γενηθήτω
844 2943 918 3028 φῶς
938 2939 994 3008 καὶ
1017 2939 1198 3028 έξαγαγέτω
1220 2935 1240 3034 ή
1262 2943 1302 3026 y?
1324 2942 1379 3007 καὶ
1400 2963 1479 3006 ποι·
1599 3009 1600 3014 ,

255 3043 386 3129 ήσωμεν
409 3040 593 3126 ἄνθρωπον
601 3045 633 3122 ⁴),
656 3036 820 3128 ἰήγσῦμαι,
842 3039 935 3108 καθὰ
955 3043 1009 3107 καὶ
1033 3040 1066 3107 ἒν
1088 3052 1161 3122 τοῖς
1183 3042 1376 3128 ἔμπροσθεν
1392 3040 1480 3126 εἴρη-

254 3168 320 3223 ται,
343 3147 401 3228 τής
421 3142 610 3230 βουλήσεως
631 3145 689 3210 τοῦ
711 3145 890 3222 ποιοῦντος
912 3136 1109 3210 εἶναιτοῦτο
1125 3141 1333 3230 σημαντικόν.
1364 3139 1479 3223 τὰμὲν

254 3241 316 3326 γὰρ
343 3241 388 3329 μή
419 3241 499 3308 ὄντα
526 3243 609 3308 ποτέ
636 3235 705 3309 ἀλλ’
731 3243 856 3322 ἔξωθεν
886 3242 1099 3328 ἐπιγινόμενα
1121 3237 1140 3307 5
1164 3240 1361 3330 δημιουργὸς
1382 3243 1480 3325 Ιιβου-

256 3339 386 3406 λούεται
412 3344 569 3426 ποιήσαι,
603 3340 661 3407 τὸν
689 3342 726 3408 δέ
747 3343 835 3410 ἰ’διον
858 3341 955 3428 λόγον
978 3343 1014 3423 έξ
1035 3337 1136 3410 αάτοῦ
1160 3342 1260 3429 φύσει
1280 3340 1480 3428 γεννώμενον

257 3434 294 3504 οὗ
318 3437 594 3525 προβουλεάεται·
618 3438 652 3506 έν
674 3440 781 3526 τούτῳ
802 3440 864 3526 γὰρ
888 3435 906 3504 5
928 3442 1039 3530 πατὴρ
1053 3440 1096 3509 τὰ
1111 3440 1196 3509 ἀλλα
1212 3437 1275 3509 ὅσα
1289 3440 1483 3526 βουλεύεται

171 3548 361 3619 νειοποιεϊ,
383 3540 437 3603 καὶ
461 3538 653 3622 δημιουργεῖ
674 3537 716 3603 έν
729 3538 845 3623 τούτῳ,
868 3538 984 3619 καθὼς
1005 3545 1059 3609 καὶ
1079 3537 1229 3630 Ἰάκωβος
1252 3538 1270 3608 5
1293 3539 1482 3618 ἀπόστολος

258 3637 422 3706 διδάσκων
446 3635 549 3721 ἐ’λεγε·
570 3635 750 3722 βουληθεὶς
772 3633 956 3726 ἀπεκύησεν
970 3635 1057 3728 ἡμᾶς
1070 3643 1157 3730 λόγῳ
1173 3637 1373 3727 ἀληθείαςὸ).
1407 3634 1483 3706 οὐκ·

257 3743 315 3808 οῦν
337 3735 357 3826 ή
379 3741 457 3824 περὶ
480 3736 614 3804 πάντων
636 3739 718 3804 ιτῶν
740 3763 776 3806 τε
799 3733 1072 3827 ἀναγεννωμένων
1094 3745 1149 3810 καὶ
1164 3747 1231 3809 τῶν
1246 3738 1340 3821 ἅπαξ
1352 3745 1483 3828 γινομέὲ

257 3867 323 3908 νων
350 3842 410 3907 τοῦ
439 3841 523 3907 θεοῦ
544 3835 703 3926 βούλησις
725 3839 759 3907 έν
781 3843 829 3927 τῷ
851 3840 938 3929 λόγῳ
960 3841 1065 3924 ἐστίν,
1096 3841 1131 3909 έν
1153 3832 1181 3929 ᾧ
1202 3841 1320 3910 καὶτὰ
1342 3840 1483 3920 δόξαντα

329 4028 352 4088 ι)
379 4027 443 4078 τεο.
464 4027 521 4088 ιιε,
541 4027 556 4078 3
567 4024 646 4158 ηιιυ,
666 4029 706 4080 ιι.
724 4029 790 4080 ωσι.
813 4028 860 4079 11³
878 4029 917 4092 τι,
936 4029 959 4080 3.
978 4027 1073 4096 νειμ
1108 4030 1238 4081 mm
1258 4027 1329 4097 [110.
1347 4023 1434 4094 LxxJ,
1452 4027 1482 4088 τ;

259 4095 322 4145 τοι.
345 4093 390 4144 1³5
410 4093 480 4156 [ιυι.
499 4095 563 4144 ιιι.
586 4095 635 4156 ,6.
706 4095 731 4158 υ)
753 4097 848 4148 1.cor.
869 4098 898 4160 ι,
919 4098 941 4148 1.
1010 4097 1238 4162 ε)ερυει.ι,ε.
1308 4097 1439 4158 menes.
1460 4095 1482 4156 ι,

235 4195 239 4200 .
259 4160 283 4212 ε.
302 4161 343 4212 τι.
363 4160 404 4210 οε.
474 4163 500 4222 ε)
519 4162 599 4211 υτον.
620 4163 642 4224 ι,
663 4162 703 4214 ιε.

260 4361 274 4374 ..
292 4310 315 4346 ε.
334 4288 381 4371 κοτέ
403 4295 471 4346 τοττι
493 4310 506 4344 ε
530 4295 586 4358 Res.
600 4296 622 4346 1.
646 4305 670 4346 et
687 4297 787 4374 Sequar.
806 4298 846 4361 qui
899 4295 1202 4348 Gobler.etFelckm.1.
1226 4290 1274 4344 καί
1295 4296 1409 4346 ominum
1431 4281 1485 4344 ευὶε
1583 4296 1600 4360 J

259 4361 331 4410 ιιδεια
349 4361 407 4410 ιδιδ.
426 4370 450 4410 ει
468 4363 523 4426 fleg.
541 4362 564 4412 2.
584 4363 672 4413 babent
688 4375 735 4410 και
750 4357 780 4412 ἒν
796 4357 847 4411 πά·
893 4355 1035 4430 Ἀστέριος.

259 4437 320 4480 σσιτ
336 4427 403 4480 ταῖς.
441 4429 486 4480 Alii
504 4438 528 4480 ει
545 4431 602 4480 edili
618 4425 664 4478 καὶ
681 4422 711 4477 ἒν
728 4427 795 4481 ταῖς.
932 4445 953 4480 ε.
971 4431 1028 4492 fleg.
1048 4429 1070 4480 1.
1089 4427 1160 4492 Segn.
1180 4429 1278 4480 Gobler.
1297 4437 1321 4480 ει
1338 4429 1443 4480 Felckm.
1463 4425 1485 4477 λ.

293 4496 317 4544 h.
336 4495 391 4556 neg.
413 4495 434 4545 1.
453 4499 524 4560 δορυ.
545 4499 643 4549 ΰοΙλετ.
662 4505 685 4546 ει
704 4496 807 4546 Felckm.
823 4497 846 4546 1.
898 4487 943 4545 ἵνα
959 4489 1006 4544 καὶ
1023 4491 1101 4562 ρᾷον.

258 4554 413 4630 γενόμενος.
439 4565 582 4617 Aliietediti
597 4556 767 4630 γιγνόμενοι.
792 4563 846 4614 Mox
930 4563 954 4615 δ.
978 4563 1083 4615 Felckm.
1106 4563 1131 4616 2.
1154 4571 1179 4618 et
1202 4563 1259 4615 edili
1280 4557 1487 4642 πραττομένων.
