3176 5304
249 384 288 448 18
771 393 944 438 asserente.

247 549 369 630 reliquis
393 547 531 610 omnihus
554 545 758 624 distinguitur.
803 543 862 606 Sed
885 542 1016 604 nondum
1033 541 1188 614 declaravi,
1210 559 1284 621 quas
1301 491 1336 604 'ic
1361 543 1487 610 delectu
1571 599 1572 602 ,

246 650 429 714 instituendo
446 655 567 712 secutus
583 646 638 709 sim
656 647 787 708 rationes
800 644 844 708 vel
856 663 930 724 quas
954 644 989 706 ad
1005 641 1122 723 regulas
1138 642 1279 706 iudicium
1296 643 1333 706 dc
1349 645 1484 725 singulis

245 741 339 815 libris'
352 751 396 813 vel
419 749 598 829 recipiendis
622 747 667 808 rel
684 765 744 808 non
766 746 943 826 recipiendis
964 745 1135 806 direxerim.
1178 744 1211 805 ln
1228 763 1287 824 quo
1304 745 1332 808 id
1349 747 1482 810 maxime

246 855 407 916 cavendum
431 869 497 912 esse
519 852 634 929 putavi,
663 867 701 909 ne
729 867 791 909 rem
814 865 932 908 omnem
955 846 991 908 ad
1015 865 1113 908 meum
1141 846 1294 910 arbitrium
1318 866 1484 912 revocasse

246 943 394 1017 viderer.v
438 953 600 1032 Propterea
623 951 699 1012 siout
722 950 758 1010 de
780 947 913 1028 patribus
935 949 1027 1028 ipsis,
1051 948 1100 1027 qui
1123 948 1159 1007 ad
1183 949 1284 1027 operis
1307 948 1479 1012 institutum

245 1057 438 1138 pertinerent,
462 1073 498 1114 ex
520 1052 669 1114 communi
692 1051 833 1114 ecclesiae
855 1048 1000 1112 sententia
1023 1048 1123 1121 statui,
1146 1048 1184 1110 ita
1208 1051 1296 1110 etiam
1314 1051 1361 1111 illa
1383 1069 1478 1130 prae-

246 1157 332 1236 cipue
355 1155 462 1233 scripta
485 1152 746 1232 circumspicienda
768 1161 798 1212 et
820 1150 973 1230 deligendo
996 1169 1063 1212 esse
1085 1150 1226 1223 iudicavi„
1244 1170 1318 1229 quas
1335 1160 1478 1230 tanquam

248 1275 383 1320 normam
406 1263 487 1318 recto
510 1253 657 1316 sentiendi
681 1263 709 1316 et
731 1253 857 1315 docendi
880 1251 916 1314 ab
940 1251 1063 1314 ecclesia
1079 1252 1180 1312 eiusne
1204 1251 1377 1312 doctoribus
1400 1271 1477 1332 prae

246 1359 313 1421 aliis
343 1357 467 1439 probata
497 1375 565 1418 csse
586 1355 729 1417 viderem.
783 1353 877 1416 Simul
900 1371 989 1427 sero,
1019 1353 1166 1432 siquidem
1188 1353 1375 1432 propositum
1399 1354 1477 1418 mihi

248 1468 295 1521 est
321 1457 464 1520 historiae
491 1458 660 1536 dogmatum
689 1455 841 1518 studiosos
869 1455 1013 1517 librorum
1044 1453 1080 1518 ab
1108 1453 1207 1515 multis
1235 1453 1476 1518 desideraturum

246 1569 389 1641 apparatu
417 1577 535 1638 augere,
563 1560 598 1620 ad
621 1558 777 1620 consilium
799 1555 858 1618 hoc
884 1555 1029 1618 delectum
1051 1555 1275 1618 accommodare
1300 1555 1400 1617 studm
1422 1555 1476 1630 ita,

247 1669 355 1724 utnon
379 1660 559 1740 negligerem
580 1657 674 1721 libros
696 1667 823 1738 patrum,
847 1675 881 1718 ex
904 1657 1013 1738 quibus
1036 1675 1052 1718 a
1074 1657 1147 1718 viris
1170 1657 1264 1719 doctis
1287 1657 1412 1736 piurima
1435 1657 1474 1720 ad

227 1764 440 1824 ·enarroodam
463 1769 491 1824 et
514 1760 718 1822 illustrandam
740 1759 910 1840 dogmatum
935 1759 1088 1820 historiam
1111 1759 1223 1820 hauriri
1244 1777 1386 1838 nossem„

330 1862 412 1924 libri
434 1863 509 1944 ipsi,
537 1881 614 1943 quos
638 1861 682 1923 sic
712 1861 843 1923 delectos
864 1859 1047 1923 Bibliotheca
1080 1860 1213 1934 exhibet,
1246 1860 1379 1940 plerique
1401 1869 1475 1922 sunt

245 1983 280 2036 ex
303 1982 427 2026 numero
449 1971 624 2027 tractatuum
645 1963 863 2044 polonicorum
885 1973 915 2024 et
937 1963 1182 2042 dognmticorum,
1204 1961 1235 2022 in
1257 1962 1364 2042 quibus
1386 1970 1473 2024 vete-

245 2067 288 2128 ris
311 2065 452 2129 ecclcsiae
474 2066 614 2127 doctores
637 2049 727 2144 qu‘um
751 2064 967 2126 haereticorum
996 2082 1115 2125 errores
1143 2063 1282 2125 refellunt
1309 2081 1473 2142 eorumque

244 2177 417 2246 argumenta
440 2167 609 2235 contutant,
637 2175 700 2226 tum
728 2165 865 2244 dogmata
893 2163 1091 2227 ecelesiastica
1121 2164 1251 2226 enudant
1272 2173 1302 2226 et
1322 2164 1473 2228 illustrant

244 2276 333 2347 atquo
355 2277 412 2329 tam
437 2267 603 2346 scripturae
626 2285 727 2328 sacrae
749 2266 928 2328 testimoniis
952 2285 1039 2345 quam
1054 2272 1171 2344 patrum
1194 2265 1420 2328 auctoritatibus
1441 2275 1471 2328 et

244 2367 551 2446 argumentationibus
575 2367 735 2430 dialecticis
758 2369 942 2430 confirmant
988 2367 1019 2428 Si
1035 2366 1227 2430 conciliorum
1244 2377 1306 2429 acta
1329 2368 1470 2447 excipias,
1571 2445 1572 2448 Ἴ

244 2477 386 2530 mactatus
416 2469 561 2531 eiusmodi
591 2468 670 2531 inter
697 2470 794 2532 tontes
828 2469 994 2548 theologiae
1021 2469 1183 2531 historicae
1211 2471 1339 2549 primurn
1368 2477 1472 2532 tenent

132 2587 136 2593 ·
244 2567 343 2632 locum
365 2579 444 2631 certe
465 2589 520 2649 per
541 2569 621 2632 illam
643 2579 780 2644 aetatem,
802 2591 859 2651 qua
882 2571 1018 2651 dogmata
1034 2571 1070 2632 de
1094 2568 1189 2633 tribus
1205 2570 1234 2632 in
1250 2571 1306 2633 deo
1329 2571 1469 2650 personis
1571 2633 1572 2638 ,

243 2679 330 2750 atque
352 2670 389 2732 dc
411 2671 519 2733 Christi
541 2689 670 2752 persona
693 2683 722 2734 et
744 2673 856 2734 naturis
879 2690 932 2751 per
946 2673 1081 2744 Arianos,
1103 2672 1337 2752 Apollinarium,
1361 2673 1471 2734 llesto-
1571 2661 1572 2664 ¹

243 2771 356 2846 manos,
379 2771 576 2852 Eutychianos
598 2772 731 2852 aliosque
754 2774 920 2836 haereticos
943 2772 972 2835 in
989 2775 1232 2853 disceptationem
1253 2783 1354 2834 vocata
1377 2791 1469 2854 eaque

244 2873 359 2935 ratione
382 2872 502 2936 uberius
525 2872 665 2954 explicata
685 2884 715 2936 et
729 2876 893 2938 accuratius
916 2875 1035 2936 delinita
1059 2885 1139 2936 sunt.
1183 2875 1297 2938 Nullum
1321 2883 1368 2936 est
1390 2877 1466 2938 enim
1571 2881 1572 2956 ζ

242 2973 388 3037 librorum
410 2983 519 3036 tucca
541 2974 675 3055 patribus
699 2977 936 3058 conscriptorum
959 2995 1064 3054 genus,
1087 2978 1164 3055 quod
1188 2977 1255 3056 plus
1277 2978 1380 3038 allerat
1402 2985 1467 3038 stu·
1571 2957 1572 2970 ¹

243 3077 337 3137 diosis
360 3075 502 3139 historiae
524 3078 710 3158 dogmatum,
743 3079 792 3158 qni
816 3097 876 3142 non
898 3079 987 3140 modo
1017 3077 1198 3155 synodorum
1227 3085 1256 3137 et
1284 3077 1467 3156 singulorum
1571 3093 1572 3112 ¹

244 3175 451 3255 theologorum
475 3178 592 3241 decreta
616 3179 825 3259 formulasque,
847 3177 1052 3241 verumetiam
1068 3195 1171 3238 causas
1192 3195 1295 3238 cortine
1319 3179 1467 3240 rationes·

241 3293 310 3366 que,
334 3277 430 3353 quoad
452 3279 515 3338 lieri
537 3290 648 3357 potest,
670 3282 841 3361 perspicere
862 3281 1005 3359 planeque
1027 3295 1208 3357 cognoscere
1230 3277 1362 3357 cupiunt,
1385 3291 1417 3341 ut
1432 3280 1468 3342 de

242 3375 306 3454 ipsa
330 3374 498 3456 dogmatum
522 3380 644 3439 raritate
667 3389 697 3440 et
719 3380 882 3441 subtilitate
908 3378 1059 3460 explorate
1088 3376 1219 3440 iudicare
1246 3380 1373 3459 possint.
1417 3381 1466 3442 llla

243 3475 377 3536 eiusdem
399 3476 503 3537 aetatis
526 3477 634 3558 scripta
654 3479 815 3560 polemico,
838 3499 914 3560 quae
935 3496 1015 3543 nuno
1036 3480 1217 3560 apologetica
1240 3481 1340 3560 potius
1362 3481 1465 3560 appel-

242 3577 302 3637 lare
331 3573 481 3650 solemus,
514 3575 594 3639 volut
616 3579 736 3643 Eusebii
758 3581 930 3662 Evangelica
958 3583 1144 3664 praeparatio
1167 3590 1197 3644 et
1217 3581 1389 3662 Evangelica
1412 3581 1464 3643 dc·

242 3677 430 3750 monstratio,
451 3677 601 3740 Athanasii
625 3680 703 3742 liber
717 3692 819 3745 contra
834 3691 948 3762 gentes,
964 3683 1169 3763 chrysostomi
1184 3684 1326 3746 adversus
1340 3680 1465 3744 ludaeos

218 3779 393 3840 “orationes
416 3786 447 3840 ct
467 3779 699 3855 demonstratio,
723 3785 800 3864 quod
824 3784 961 3846 Christus
984 3785 1023 3848 sil
1045 3785 1135 3860 deus,
1158 3784 1256 3866 Cyrilli
1278 3781 1465 3846 Alexandrini
1496 3775 1504 3792 ⁸

241 3887 343 3940 contra
375 3879 496 3959 impium
519 3881 662 3946 lulianum
694 3883 761 3946 libri
784 3887 830 3959 X„
853 3886 1033 3949 'l'heodoreti
1068 3887 1244 3950 Graecarum
1279 3885 1465 3948 allectionem

240 3981 371 4054 curatio,
403 3982 439 4041 ad
470 3983 603 4046 notitiam
633 3986 803 4064 dogmatum
832 3987 1069 4068 theologicorum
1097 4007 1158 4051 non
1187 3994 1299 4050 tantum
1328 3993 1463 4065 prosunt,

229 4093 381 4162 ,quantum
393 4080 459 4143 libri
475 4084 696 4164 apologetarum
712 4088 898 4151 saeculorum
916 4090 1038 4152 secundi
1053 4098 1082 4152 et
1097 4089 1186 4160 tertii,
1202 4105 1299 4168 neque
1314 4087 1343 4147 in
1356 4084 1463 4146 biblio-

240 4183 370 4256 thecam,
394 4184 490 4263 qualis
513 4185 585 4248 haec
606 4195 707 4250 nostra
730 4199 793 4263 est,
815 4191 971 4253 referendo
993 4197 1076 4252 sunt:
1108 4187 1284 4268 praesertim
1307 4203 1398 4268 quum
1420 4204 1463 4260 ea,
1571 4253 1572 4258 ,

239 4302 314 4363 qnae
336 4283 455 4346 Eusebii
483 4296 555 4349 sunt
580 4297 610 4350 et
638 4289 835 4366 Theodoreti,
865 4309 960 4372 nuper
980 4288 1134 4350 arbona
1156 4285 1311 4362 Gaislord‚
1341 4287 1406 4349 viro
1429 4286 1465 4352 de

238 4383 345 4446 litteris
367 4385 481 4464 graecis
510 4389 716 4453 immortaliter
744 4393 868 4466 meritc,
898 4389 1057 4471 separatim
1085 4387 1162 4449 edita
1185 4385 1255 4448 sint.
1298 4389 1381 4450 ldem
1403 4388 1463 4452 lore

237 4484 425 4547 iudicandum
448 4496 495 4549 est
517 4489 553 4550 de
575 4491 773 4571 scriptoribus
796 4489 968 4572 polemicis,
997 4489 1048 4568 qui
1077 4497 1128 4550 aut
1155 4505 1261 4550 omnes
1284 4488 1462 4552 anteceden-

237 4585 311 4650 tium
334 4596 364 4648 et
385 4605 509 4650 suorum
540 4591 679 4654 haereses
714 4599 914 4672 exposuerunt
946 4589 1093 4669 simulque
1125 4588 1245 4651 easdem
1279 4589 1409 4654 breviter
1430 4607 1462 4652 ac
