3094 5318
489 387 635 432 srrsrom
648 387 682 432 n.
697 389 734 432 an
750 389 947 434 osmoaonsu.
1224 449 1227 456 ¹
1252 375 1312 440 tta

80 543 204 606 rodunt
225 540 348 604 Patrem
370 543 402 602 in
424 537 545 621 Spiritu
566 551 596 603 rt
616 543 755 604 ocfftotc.
798 539 876 602 Nom
905 549 933 603 et
953 539 1046 602 Poter
1079 538 1156 601 tolca
1185 544 1425 620 parmaneat·
1541 553 1544 562 ’

78 648 141 728 qui
162 643 292 706 odorent
313 659 390 704 eum.
435 641 573 722 Spiritus
596 641 757 713 callicana,
787 652 818 703 et
838 659 906 710 cos,
937 644 990 720 oui
1016 641 1150 703 odorant
1171 631 1251 710 coln,
1281 645 1314 702 in

4 735 5 738 ¹
77 747 204 826 spiritu
226 753 255 804 ct
277 747 406 805 oeritotr
430 751 551 822 oportet
571 741 715 804 odorare.
759 739 832 800 lnde
854 740 933 802 enim
955 741 1144 820 perspicuum
1168 749 1230 815 est,
1260 759 1312 803 ve·

74 845 207 908 ritatem
229 846 326 925 ipsum
355 861 425 906 esso
445 841 571 915 Filium,
599 849 633 904 ut
654 842 719 922 ipso
741 842 797 904 ait:
826 841 888 922 Bpo
916 860 983 905 acm
1010 847 1139 912 comtos,
1169 860 1256 921 quem
1285 850 1314 904 et

72 946 238 1027 Propheta
260 943 350 1007 David
372 944 419 1006 bis
442 943 541 1005 verbis
565 942 737 1004 invocabat:
760 942 869 1005 Emitte
885 943 980 1006 lucem
1002 954 1085 1006 tuom
1107 954 1136 1006 ct
1157 946 1315 1006 ceritatem

71 1063 183 1115 tuom.
227 1046 296 1108 Veri
318 1046 407 1125 igitur
427 1045 601 1108 adoratores
621 1044 740 1105 Patrem
762 1043 881 1123 quidem
903 1043 1084 1117 adorabunt,
1114 1043 1168 1105 sed
1190 1043 1220 1103 in
1243 1042 1313 1120 Spi-

69 1153 140 1214 ritu
171 1157 202 1210 et
222 1148 355 1221 veritate,
378 1145 484 1209 Filium
505 1145 644 1209 videlicet
664 1153 694 1206 et
715 1145 745 1206 in
761 1144 834 1206 Filio
850 1145 995 1226 Spiritum
1017 1145 1198 1208 confitendo.
1240 1143 1313 1206 Nam

3 1271 4 1274 ¹
75 1271 93 1314 a
118 1249 204 1313 Filio
227 1249 357 1328 separari
379 1266 441 1310 non
462 1255 563 1328 potest
583 1246 730 1326 Spiritus,
752 1247 795 1308 uti
817 1265 872 1310 nec
893 1265 910 1309 a
930 1247 1017 1309 Patre
1038 1245 1146 1318 Filius,
1169 1243 1312 1326 mamad·

75 1352 212 1415 modum
235 1351 298 1432 ipsa
320 1350 429 1412 ventas
445 1349 500 1418 bis
522 1348 620 1410 verbis
641 1348 743 1430 docet:
767 1349 884 1412 Mittam
905 1350 990 1412 codis
1011 1347 1218 1418 Paraetoom,
1241 1345 1314 1425 Spi-

75 1458 186 1518 ritum
206 1455 355 1524 veritatis,
377 1453 432 1532 qui
450 1469 469 1512 o
492 1449 584 1514 Putre
600 1450 749 1530 procedit,
772 1467 858 1530 quem
877 1450 1009 1512 mundus
1030 1468 1092 1513 non
1112 1459 1212 1529 potest
1233 1451 1314 1510 occi-

73 1573 176 1638 pere,
204 1551 263 1614 boc
289 1559 337 1613 est
364 1551 415 1630 qui
442 1569 509 1612 eum
538 1569 574 1612 ex
595 1551 682 1612 Patre
710 1551 740 1612 ln
762 1549 837 1610 lilio
868 1568 938 1612 esse
965 1557 1081 1630 negant
1133 1549 1192 1623 Qui
1222 1549 1313 1629 igitur

75 1656 349 1740 voluerintperos
372 1652 480 1714 imitari
503 1652 693 1724 adoratores,
717 1669 770 1714 eos
791 1652 947 1714 veritatem
968 1652 1104 1714 confiteri
1126 1661 1156 1714 et
1177 1650 1313 1731 amplecti

77 1773 216 1821 necesse
239 1753 361 1816 omnino
383 1761 438 1814 est.
484 1753 629 1825 Quocirca
651 1752 708 1826 illi,
737 1772 813 1833 quos
841 1753 890 1816 bio
917 1753 1095 1816 refellendos
1123 1753 1257 1832 suscepi,
1287 1751 1313 1812 si

76 1877 142 1920 nec
165 1863 239 1934 post
260 1855 334 1915 baec
353 1853 444 1915 velint
464 1852 545 1934 quod
566 1873 668 1916 venam
691 1863 739 1918 est
758 1855 890 1928 discere,
923 1873 979 1918 nec
1000 1855 1163 1936 intelligere
1184 1853 1313 1933 possint,

79 1959 196 2022 saltem
216 1955 308 2035 impia
329 1955 465 2035 prolerre
489 1955 643 2030 desinant,
672 1974 728 2018 nec
748 1955 922 2018 Trinitatem
944 1955 1072 2018 audeant
1091 1973 1246 2033 separare,
1275 1971 1314 2014 no

78 2059 144 2142 ipsi
170 2076 188 2119 a
208 2057 267 2118 rite
289 2064 476 2136 separentur,
498 2075 555 2119 nec
576 2057 719 2137 Spiritum
746 2065 880 2120 sanctum
903 2057 980 2119 inter
1001 2075 1050 2119 res
1072 2063 1185 2118 creatas
1206 2071 1313 2116 nume·

78 2167 166 2233 rent,
189 2177 227 2220 ne
249 2157 499 2238 quomadmodum
521 2159 616 2220 sancti
639 2149 767 2238 Spiritus
790 2176 881 2239 opera
894 2157 1045 2220 Pharisaei
1064 2155 1134 2218 olim
1148 2153 1314 2218 Beelzebuli

78 2257 298 2333 attribuebant,
321 2259 365 2321 sic
386 2267 415 2320 et
436 2259 477 2322 illi
498 2260 579 2340 poris
600 2261 739 2323 audaciae
760 2260 804 2322 rei
826 2261 876 2323 bic
897 2269 927 2323 et
948 2259 979 2320 iu
1000 2261 1098 2322 lutura
1120 2259 1177 2321 vito
1192 2265 1313 2320 aeterno

79 2361 235 2443 supplicio
259 2360 324 2423 sine
346 2359 404 2422 ulla
426 2379 479 2441 spe
501 2361 604 2424 veniae
626 2381 693 2424 cum
715 2361 774 2423 illis
797 2361 969 2425 afficiantur.

628 2714 776 2774 EIUSDEM

259 2827 308 2878 lit
338 2829 520 2880 Elllllllllt
552 2831 816 2882 urtscouuot
847 2827 1143 2880 stnlrtontctt

318 2930 432 3004 adserens
450 2946 492 2981 eoa
510 2933 553 2996 qni
570 2932 645 2982 lilium
664 2946 716 2982 rem
735 2940 839 2982 creatam
858 2945 913 2980 csse
931 2930 1085 2982 contendant.

176 3063 205 3122 1.
248 3059 311 3140 Ego
334 3061 451 3140 quidem
474 3081 565 3142 pauca
586 3083 635 3126 me
657 3064 696 3124 ita
719 3061 878 3142 scripsisse
900 3061 1115 3136 existimabam,
1138 3071 1225 3143 etque
1240 3061 1314 3124 adeo

80 3181 131 3224 me
155 3161 222 3240 ipsc
249 3161 395 3224 maximae
421 3161 629 3226 imbecillitate
660 3163 848 3237 accusabam,
877 3163 927 3244 qui
955 3182 1012 3226 nec
1039 3171 1151 3226 tantum
1182 3162 1313 3226 scribere

78 3261 265 3344 potuissem,
288 3269 430 3343 mantum
452 3264 596 3326 adversus
618 3282 682 3337 eos,
705 3264 755 3343 qui
777 3265 808 3327 in
823 3264 966 3344 Spiritum
984 3273 1117 3328 sanctum
1133 3264 1215 3344 impii
1231 3270 1310 3337 sunt,

77 3365 151 3426 licet
173 3361 347 3426 bominibus
369 3363 479 3426 dicere.
525 3364 650 3436 Quando
672 3383 754 3439 vero,
777 3373 810 3428 ut
831 3365 947 3440 scribis,
974 3367 1093 3446 quidam
1115 3383 1150 3428 ex
1172 3364 1313 3427 iratribus

77 3463 320 3545 postulaverunt,
342 3470 376 3524 ut
396 3464 470 3526 baec
492 3465 523 3526 in
545 3466 753 3544 compendium
774 3467 989 3547 redigerentur,
1011 3487 1070 3547 quo
1092 3465 1256 3547 paratiores
1279 3483 1313 3528 ac

113 3665 136 3712 g.
156 3651 199 3700 Sic
217 3649 298 3699 Ottob.
334 3649 360 3698 ln
380 3647 451 3698 llssll.
478 3651 609 3711 etluglic.
635 3652 673 3702 ln·
724 3651 857 3702 cedentem.
899 3651 1019 3702 ineditis
1050 3661 1129 3712 rotem
1153 3651 1233 3718 primo
1258 3651 1312 3700 loco

78 3717 196 3767 scribitur
215 3717 272 3766 ilem
290 3707 415 3774 ἐπιστολὴ
434 3711 503 3781 πρὸς
522 3711 570 3764 τὸν
587 3708 672 3764 αὐτὸν
722 3721 771 3770 sire
790 3727 844 3768 ante
864 3719 1047 3784 praecedentem
1067 3721 1172 3784 ponitur,
1193 3731 1247 3768 cum
1266 3717 1312 3766 bu·

77 3779 249 3849 Σεραπίωνα
265 3775 335 3830 κατὰ
351 3781 409 3829 coir
424 3776 632 3846 icyo'rrorrxrio
653 3798 671 3832 α
722 3787 829 3836 insmodl
853 3787 936 3836 titulo:
961 3785 1010 3833 rori
1028 3779 1058 3833 tv
1081 3779 1171 3850 ἁγίοις
1188 3793 1233 3834 etc.
1257 3775 1312 3832 ine·

77 3846 129 3898 abr
146 3843 211 3898 υἱόν
230 3849 300 3898 etad
320 3849 450 3909 marginem
469 3843 594 3907 ἐπιστολὴ
631 3863 671 3898 ευ·
723 3846 804 3910 στολὴ
823 3847 893 3916 πρὸς
910 3852 1075 3916 Σεραπίωνα
1099 3847 1147 3900 τὸν
1164 3845 1312 3900 ἐπίσκοπον

77 3914 155 3984 τέρα.
191 3915 281 3976 nesius
298 3923 395 3974 autern,
414 3915 513 3976 Sepaer.
532 3917 629 3966 Gobler.
648 3925 680 3982 et,
721 3911 791 3965 κατὰ
808 3917 865 3965 τῶν
882 3913 1019 3982 λεγόντων
1041 3909 1084 3966 ὅτι
1102 3913 1117 3966 ὁ
1135 3911 1193 3971 υἱὸς
1209 3921 1311 3983 κτίσμα

76 3985 187 4033 l'elclm.
210 3981 232 4030 l.
252 3995 296 4042 pro
315 3979 384 4030 titulo
402 3981 461 4030 baec
480 3982 568 4031 babent
585 3983 670 4032 verba:
722 3977 804 4032 ἐστίν.
840 3985 919 4035 Sancti
935 3987 1009 4034 Patria
1027 3993 1072 4035 etc.
1090 3986 1195 4050 Epistola
1219 3987 1250 4035 od
1270 3987 1311 4035 Se-

77 4049 169 4098 ταῦτα
187 4041 217 4098 ἐκ
235 4045 291 4122 ζῶν
312 4041 517 4128 προειρημένων
538 4041 595 4124 apur'
615 4041 671 4096 tue
721 4053 840 4114 ropiomm
851 4051 997 4115 Episcopum,
1018 4059 1099 4104 contro
1117 4068 1155 4103 eor
1173 4055 1214 4116 poi
1232 4054 1312 4104 dicunt

78 4110 171 4182 τομὴν
185 4107 296 4180 ἔγραφη
320 4105 376 4161 κατ’
403 4111 494 4162 αυταῑν
515 4110 598 4162 maier
614 4115 672 4162 coir
721 4119 807 4168 filiurn
824 4114 939 4168 crre'rrna
956 4125 1063 4170 creotmn
1099 4119 1311 4169 Videsdmonitio·

77 4175 221 4248 λεγόντων
242 4175 344 4246 κτίσμα
371 4167 440 4232 εἶναι
465 4175 497 4229 rb
514 4180 622 4247 πνεῦμα
639 4177 671 4231 ri
722 4198 777 4234 nem
797 4199 820 4247 p.
836 4183 894 4234 blb.
920 4181 1024 4250 [pact.
1044 4185 1115 4236 buius
1132 4185 1183 4250 ed]
1203 4201 1267 4236 nom.
1286 4183 1310 4233 2.

79 4243 171 4315 ἅγιον.
209 4249 236 4299 ld
254 4249 363 4300 estfloec
378 4265 407 4298 er
422 4251 548 4314 praedictis
566 4266 673 4314 compcn·
757 4251 780 4300 lr.
800 4252 904 4302 Felclm.
921 4252 945 4302 2.
968 4247 1016 4302 sat
1037 4255 1131 4304 omittit.
1168 4255 1220 4304 llos
1238 4252 1312 4302 basil.

81 4319 120 4368 dio
139 4320 227 4384 scripto
249 4323 302 4366 sont
326 4323 405 4368 contro
428 4319 519 4368 eoadem
537 4321 576 4384 pul
594 4319 673 4368 dieunt
722 4319 812 4388 lngllc.
832 4329 854 4370 et
872 4320 976 4371 ielclm.
990 4320 1013 4370 2.
1038 4329 1062 4371 ct
1087 4322 1144 4372 editi
1168 4333 1256 4387 γεγρα
1284 4335 1311 4379 p-

80 4385 193 4447 Spiritron
211 4391 315 4436 sonetum
332 4399 379 4434 rem
396 4391 494 4436 creotom
512 4401 568 4438 erce.
605 4386 672 4446 Qnee
721 4381 804 4436 utros.
845 4387 905 4438 lbid.
930 4389 1234 4440 adblandientes
1265 4401 1311 4436 orn·

79 4449 137 4499 item
156 4459 251 4502 exstant
269 4452 673 4514 inmarginecodiciallasiliensis.
722 4447 864 4518 cpyo'poou.
900 4455 960 4508 leam
987 4457 1074 4511 ibidem
1094 4457 1186 4519 Anglic.
1209 4448 1311 4513 πολλὴν

81 4514 109 4563 ln
126 4521 240 4569 omnibus
257 4533 333 4584 porro
352 4535 409 4570 mss.
434 4521 505 4570 etism
524 4521 548 4570 in
566 4521 671 4572 Felclrn.
722 4512 876 4570 dedicetur.
926 4524 1001 4574 Panlo
1019 4532 1075 4587 post
1094 4525 1150 4586 bag.
1169 4532 1192 4573 et
1210 4525 1309 4585 Segoer.

81 4579 106 4630 2.
125 4578 162 4632 e'st
178 4601 280 4672 numero
298 4589 463 4638 secundarios
472 4591 581 4652 sequitur
598 4601 670 4653 prae·
721 4582 841 4656 γρᾶψαι.
876 4589 921 4641 llll
940 4600 963 4642 el
981 4591 1037 4642 editi
1054 4585 1185 4657 γράφω·
