3094 5318
461 361 713 408 enumeramus
729 361 924 408 smnronau.
1214 293 1285 414 ‘ter

19 529 117 594 tur3
157 523 390 580 consectaneum
411 531 538 594 prorsus
559 523 621 589 est,
650 521 683 577 ut
704 514 754 594 qui
775 523 846 594 post
865 513 1015 594 Baptiama
1036 515 1370 594 praevaricantur,r.ue
1422 519 1426 529 '

21 622 66 683 in
99 629 249 682 sanctam
271 625 302 682 et
321 617 475 680 indivisam
498 615 671 678 Trinitatem
695 614 909 695 blasphement
953 614 991 676 Et
1014 615 1073 678 boc
1092 635 1218 696 aequum
1240 626 1286 680 est
1332 647 1358 698 g
1422 601 1425 610 ¹

22 724 78 786 ita
110 723 256 802 cogitare
278 727 309 784 et
328 719 501 799 intelligere.
545 718 631 780 Certe
654 717 681 780 si
701 717 738 791 ii,
769 735 845 797 quos
867 715 916 778 ille
937 716 1157 797 alloquebatur,
1178 719 1284 782 Phari·

25 824 113 886 saei
140 843 275 904 nempe,
297 821 444 884 lavacrum
465 819 702 900 regenerationis
721 819 907 900 accepissent
928 825 959 880 et
979 819 1050 882 doni
1072 820 1165 882 saneti
1188 821 1284 900 Spiri-

25 935 93 988 tus
129 927 197 988 iam
225 923 384 1006 participes
412 924 556 998 luissent,
586 921 757 984 verisimilis
785 928 868 983 esset
894 921 1041 983 eiusmodi
1070 921 1285 1000 interpretatio,

27 1028 85 1090 illi
115 1029 237 1109 quippe
259 1045 275 1090 a
303 1025 412 1088 iustitia
434 1024 631 1088 descivissent
651 1029 681 1085 et
701 1023 731 1084 iu
755 1022 897 1102 Spiritum
919 1029 1053 1086 sanctum
1075 1021 1285 1102 deliquissent3

29 1131 102 1192 sed
132 1148 208 1193 mam
227 1129 374 1192 lavacrum
395 1129 456 1190 nou
478 1125 654 1205 acceperint,
676 1124 730 1187 sed
750 1124 838 1186 etiam
859 1123 1005 1204 baptisma
1019 1124 1138 1187 loannis
1160 1123 1285 1204 vilipen·
1335 1131 1341 1142 “

33 1231 171 1306 derint,
197 1249 250 1292 our
270 1231 338 1292 illos
358 1229 522 1304 accusabat,
545 1237 578 1291 ut
599 1227 649 1307 qui
666 1226 924 1306 blasphemassent
936 1225 968 1288 iu
983 1215 1124 1306 Spiritum
1140 1236 1284 1301 sanctum,

34 1333 145 1396 ouius
169 1333 303 1394 noudum
330 1331 490 1412 participes
519 1330 616 1393 allecti
642 1327 780 1392 lucrant?
822 1327 889 1391 Non
917 1327 997 1391 enim
1025 1329 1198 1408 simpliciter
1227 1329 1284 1391 do·
1356 1371 1362 1382 .

38 1437 155 1498 cende
180 1433 325 1496 Dominus
346 1433 420 1496 baec
439 1431 632 1512 loquebatur,
662 1449 757 1509 neque
778 1429 826 1506 iis,
849 1429 899 1510 qui
920 1429 1009 1494 loturi
1038 1439 1138 1505 erant,
1169 1430 1285 1511 suppli·
1407 1488 1411 1494 .

37 1537 137 1600 cium
161 1535 425 1608 interminabatur3
456 1535 510 1597 sed
531 1533 562 1595 in
583 1531 750 1613 praesentia
771 1549 841 1594 rere
862 1531 1038 1594 Pharisaeos
1065 1533 1204 1596 incusans
1234 1540 1283 1594 ut·

37 1647 129 1720 pote
153 1645 254 1700 tantm
274 1635 475 1716 blasphemiae
497 1635 554 1698 iam
575 1654 645 1698 reos
675 1633 745 1697 illud
774 1634 889 1697 dicebat
915 1635 1072 1698 llominus.
1115 1635 1285 1698 Pharisaeis

38 1741 151 1820 igitur
173 1741 216 1800 ita
237 1738 392 1813 accusatis,
415 1738 587 1818 priusquam
609 1737 754 1817 baptisma
772 1736 987 1818 percepissent,
1009 1737 1068 1799 boc
1081 1745 1160 1799 corte
1174 1735 1284 1800 dictum

43 1861 111 1904 eos
136 1839 262 1902 minime
284 1847 409 1920 spectat,
432 1840 481 1920 qui
497 1845 580 1930 'post‘
594 1839 740 1902 lavacrum
761 1835 1009 1920 praevaricantur.
1051 1837 1089 1900 llt
1108 1839 1284 1918 praesertim

44 1942 129 2024 quia
159 1960 216 2004 eos
243 1959 305 2004 non
332 1941 369 2004 de
391 1939 572 2022 quibuslibet
598 1941 743 2022 peccatis,
777 1940 831 2002 sed
857 1939 894 2004 de
915 1940 1097 2020 blasphemia
1119 1939 1283 2003 accusabat.

45 2045 142 2107 llaec
162 2052 262 2108 autem
283 2043 362 2106 inter
382 2062 416 2106 se
437 2044 594 2118 differunt,
617 2043 696 2124 quod
713 2043 769 2124 qui
789 2043 1018 2124 peceat,·legem
1040 2042 1283 2122 transgrediatur,

48 2147 112 2228 qui
135 2165 208 2208 vero
230 2146 424 2227 blasphemat,
447 2147 478 2209 in
499 2146 594 2226 ipsam
617 2146 755 2209 deitatem
777 2145 866 2226 impie
888 2153 965 2226 agat.
1008 2145 1081 2208 Cum
1102 2155 1200 2208 autem
1215 2145 1285 2208 illos

50 2251 95 2311 de
120 2247 223 2311 multis
245 2247 417 2311 criminibus
439 2247 523 2328 prius
546 2257 699 2310 accusaret
721 2247 869 2321 Salvator,
897 2246 977 2327 quod
1000 2247 1111 2310 scilieet
1133 2247 1226 2327 legem
1248 2248 1286 2310 de

48 2351 235 2432 parentibus
257 2349 345 2414 latam
366 2358 489 2430 propter
509 2350 663 2428 pecuniam
692 2350 985 2430 transgrederentur,
1013 2357 1044 2412 et
1069 2349 1284 2429 Prophetarum

54 2451 139 2513 dicta
161 2461 346 2532 respuerent,
369 2471 405 2514 ac
425 2452 545 2514 domum
560 2451 614 2513 llei
629 2450 749 2514 domum
764 2453 895 2514 lacerent
915 2451 1135 2532 negotiationis,
1157 2458 1285 2514 attamen

55 2551 238 2613 hortabatur
258 2571 312 2614 eos
333 2560 368 2614 ut
387 2551 600 2633 poenitendam
621 2560 750 2632 agerent.
794 2553 902 2616 Verum
924 2553 974 2614 ubi
995 2553 1093 2632 ipsum
1109 2551 1240 2616 dicerent
1253 2553 1284 2615 in

57 2647 237 2714 Beellebule
259 2651 366 2716 eiicere
388 2653 554 2729 daemonia,
576 2671 638 2716 nou
659 2655 717 2716 boc
737 2654 813 2718 ultra
835 2663 988 2735 peccatum
1012 2647 1200 2732 simpliciter,
1230 2655 1284 2716 sed

57 2751 278 2831 blasphemiam
300 2753 373 2816 dixit
394 2773 462 2818 esse
484 2764 604 2831 unum,
627 2758 730 2836 utqui
752 2757 820 2818 talia
840 2756 977 2836 prolerre
997 2755 1063 2818 ausi
1085 2763 1208 2829 essent,
1229 2773 1287 2818 nec
1324 2777 1328 2786 ’

60 2871 190 2935 poenam
213 2855 343 2936 effugere
364 2875 419 2920 neo
438 2859 554 2922 veniam
575 2858 710 2922 obtinere
730 2864 865 2939 possent.

153 3266 214 3350 1³.q
242 3263 359 3344 Alioqui
380 3265 408 3328 si
431 3283 534 3326 eorum
556 3281 659 3337 eausa,
689 3263 739 3343 qui
759 3271 829 3343 post
848 3263 995 3326 lavamum
1016 3271 1154 3342 peceant,
1182 3263 1214 3326 id
1234 3264 1282 3326 di·
1371 3319 1374 3325 .
1407 3331 1409 3342 ,

65 3375 144 3428 etum
164 3365 280 3440 luisset,
302 3375 332 3428 et
352 3367 392 3428 illi
415 3365 530 3430 veniam
549 3375 739 3449 peccatorum
761 3365 897 3428 obtinere
917 3382 980 3426 uon
1000 3371 1134 3443 possent,
1157 3383 1210 3428 cur
1223 3365 1282 3430 bo·

64 3468 172 3530 minem
193 3468 268 3546 apud
292 3467 463 3531 Coriutbioe
484 3469 695 3548 poenitentem,
717 3466 748 3529 in
770 3467 890 3530 mritate
913 3465 1197 3541 confirmatPaulus,
1220 3467 1281 3530 Ga-

64 3569 138 3632 latas
160 3587 228 3631 raro
250 3557 417 3634 retrorsum
438 3569 584 3634 abeuntes
603 3569 740 3649 parturit,
763 3571 856 3634 donee
876 3571 1164 3650 [cruciaremur
1185 3570 1215 3632 iu
1238 3571 1284 3632 ais

69 3669 226 3734 meatu?
269 3671 342 3734 Cum
363 3682 461 3746 autem
484 3672 554 3736 dicit
574 3676 694 3744 iterent,
715 3671 874 3752 pristinam
896 3688 999 3734 eorum
1020 3670 1052 3732 in
1074 3670 1189 3750 Spiritu
1208 3690 1280 3752 per-

68 3774 219 3839 lectionem
241 3773 376 3836 declarat.
420 3774 572 3836 Currere
593 3774 738 3837 Nouatum
765 3773 916 3855 culpamus
937 3771 1151 3862 poenitentiam
1173 3772 1283 3836 tollen-

103 3927 119 3975 l.
136 3926 188 3987 lleg.
213 3931 236 3972 et
258 3924 356 3988 Sequor.
375 3917 479 3979 αυτούς.
515 3926 567 3975 lter
584 3927 641 3988 bag.
692 3919 756 3990 περὶ
772 3917 901 3974 Neudros
917 3919 1109 3991 πρεσβυτέρου,
1128 3921 1281 3992 Κορνηλίου

71 3995 163 4054 Sequor.
186 3989 282 4042 Gobler.
306 4001 329 4041 et
351 3993 455 4044 Felolm.
477 3993 499 4042 l.
517 3985 642 4056 leatus.
693 3991 742 4041 τοῦ
756 3985 859 4059 Ῥώμης
875 3983 1029 4042 ἐπισκόπου.
1064 3993 1156 4044 Similis
1180 3995 1282 4046 babetur

71 4061 130 4109 illiti
146 4051 282 4122 lapatho.
318 4059 390 4108 Paulo
409 4069 464 4123 post
482 4060 537 4110 editi
557 4061 644 4111 babent
695 4061 763 4110 locus
790 4063 813 4111 in
839 4061 995 4111 Testimoniis
1023 4061 1161 4126 Scripturas
1196 4079 1279 4114 sacrae

71 4119 645 4192 aulantefllurqrqpt'umquaeportiouladsest
695 4127 777 4192 [lom.
795 4128 825 4176 ll.
866 4125 972 4190 .2bc.l
998 4131 1279 4194 dioecesaneam

73 4197 95 4246 iu
113 4196 163 4276 lieq.
180 4195 277 4258 Seguer.
296 4194 391 4244 Gobler.
411 4204 434 4244 et
452 4194 555 4244 l'elcltm.
575 4195 597 4244 l.
666 4205 669 4212 ·
695 4197 836 4246 Antiochum
846 4143 926 4262 f‘l'om
937 4197 966 4246 ll.
985 4211 1009 4261 p.
1020 4196 1070 4246 ²84
1082 4198 1121 4262 ll]
1132 4199 1192 4250 iolra
1203 4193 1279 4250 ehen-

105 4279 125 4324 g.
142 4279 156 4323 q
173 4263 238 4312 deest
256 4263 279 4311 in
296 4262 369 4312 Basil.
405 4253 645 4326 Paulopostca’raq'v
695 4264 741 4314 dis.
776 4263 827 4314 lieu
845 4264 901 4314 editi
920 4272 975 4314 ante
990 4257 1141 4330 μετάνοιαν
1151 4268 1278 4318 articulum

75 4333 136 4382 abest
152 4347 163 4382 a
179 4331 251 4381 basil.
695 4331 783 4382 babent
799 4323 858 4392 τήν,
878 4334 918 4396 qui
936 4333 1005 4384 deest
1022 4335 1044 4383 iu
1064 4335 1120 4398 lieg.
1138 4336 1279 4398 Segoerian.

106 4402 127 4451 b.
143 4399 232 4462 liegius,
249 4399 349 4461 Sequar.
366 4397 486 4458 lnglican.
506 4399 602 4452 (lobler.
620 4407 644 4448 et
695 4399 791 4451 Goblec
808 4401 899 4462 buglis.
916 4409 940 4450 et
956 4401 1059 4452 Felolnu
1071 4403 1093 4452 l.
1111 4411 1134 4452 et
1144 4403 1166 4453 2.
1203 4405 1276 4456 Panlo

77 4467 202 4518 labiml.
220 4460 347 4532 Ναυάτῳ.
381 4467 443 4516 Editi
461 4477 484 4517 st
501 4461 644 4517 aliiNooei·
694 4475 750 4531 post
776 4469 831 4529 lisg.
861 4476 885 4520 et
908 4469 1007 4530 Segoer.
1026 4462 1192 4536 συγγνώμην
1207 4459 1279 4520 abac

78 4545 120 4596 τῳ.
150 4536 214 4586 basil.
233 4537 262 4586 ad
273 4535 405 4597 marginem
419 4527 638 4600 babetNoooeirqr.
693 4533 751 4588 τοῖς
775 4529 846 4616 gaer&
876 4529 908 4584 rh
936 4531 1052 4607 λουτρὸν
1079 4531 1275 4603 ἁμαρτάνουσι.

78 4601 257 4668 nepoteque.
267 4606 327 4656 baec
343 4604 374 4654 ad
391 4605 523 4668 marginem
539 4603 641 4655 babent:
692 4605 758 4668 (hag.
771 4595 990 4674 υμὰρτᾶνουτας)
1008 4597 1114 4672 εἴρηται
1129 4599 1162 4653 τὸ
1180 4599 1271 4670 ῥητόν.
