3094 5318
516 415 662 472 serarum
676 416 710 462 u.
724 417 762 460 an
778 415 976 461 ssmrrcnau.
1282 407 1342 472 759

89 565 375 630 consubstantialis
398 585 467 628 esse
495 566 660 639 rideretur,
691 585 726 629 ea
747 585 854 648 nempe
875 567 1004 641 habeus,
1035 587 1110 648 quae
1139 569 1205 631 illae
1234 571 1430 635 haberentur.

87 675 250 748 possent.
379 673 381 676 ’

182 772 230 833 ’6.
274 768 323 831 Sic
344 777 442 831 autern
465 768 553 830 etiam
575 767 697 830 refutari
719 775 819 848 potest
841 785 944 830 eorum
968 768 1121 850 impietas,
1144 773 1195 850 qui
1217 771 1270 834 Dei
1292 773 1343 834 Fi-

85 871 178 933 lium
206 887 271 932 rem
294 879 421 932 creatam
443 887 513 950 esse
534 876 675 949 pugnant.
719 869 833 948 Nempe
860 869 934 930 fides
962 878 1066 931 nostra
1096 879 1141 932 est
1163 873 1194 933 in
1216 873 1344 948 Patrem,

86 971 220 1034 Filium
243 978 273 1034 et
294 970 440 1049 Spiritum
462 969 614 1043 sanctum,
642 970 710 1050 ipso
732 969 807 1032 Filio
830 969 867 1031 ad
890 970 1043 1050 apostolos
1071 971 1202 1034 dicente:
1232 975 1344 1040 litamen

87 1075 214 1137 docete
238 1090 339 1136 omnes
360 1083 473 1153 pentes,
497 1073 688 1152 baptizantes
702 1057 763 1133 'eoe
786 1076 819 1134 in
840 1075 960 1135 acma'ne
975 1071 1078 1135 Patris
1101 1086 1131 1138 et
1146 1074 1218 1137 Filii
1231 1086 1260 1138 et
1275 1075 1347 1156 Spi-

47 1185 54 1196 '
90 1179 191 1238 ra'taes
219 1177 328 1236 eoacti.
373 1173 490 1246 Quibus
513 1191 585 1235 sane
608 1172 707 1234 serbis
730 1191 803 1235 usus
826 1181 883 1247 est,
905 1181 937 1235 ut
959 1191 995 1234 ex
1017 1172 1075 1248 bis,
1099 1193 1174 1254 quae
1196 1175 1343 1250 norimus,

92 1293 155 1348 ea,
181 1273 469 1354 quaestionum,
497 1273 741 1353 intelligeremus.
786 1273 1044 1346 Quemadmodum
1066 1293 1137 1354 ergo
1160 1283 1261 1356 patres
1282 1279 1345 1339 nnn

38 1369 45 1374 ’
92 1376 237 1457 opifices
260 1375 314 1437 sed
342 1375 493 1454 genitores
516 1375 713 1456 appellamus,
747 1393 782 1435 ac
807 1371 935 1453 proinde
961 1393 1050 1437 nemo
1079 1394 1137 1437 nos
1165 1396 1182 1441 a
1209 1377 1344 1458 patribus

92 1486 248 1550 creatos,
272 1477 326 1538 sed
348 1483 465 1556 patrum
488 1494 556 1538 esse
580 1473 784 1537 naturalibos
807 1483 837 1536 et
859 1474 1129 1538 consubstantiales
1151 1477 1250 1540 dicere
1269 1497 1344 1558 pos·
1459 1457 1463 1470 ’

93 1577 161 1653 sit;
189 1577 233 1638 ita
255 1577 282 1639 si
297 1577 386 1638 Pater
408 1585 456 1639 est
470 1576 561 1649 liene,
575 1577 718 1654 „prolecto
734 1575 823 1636 Pater
844 1575 980 1650 seruitii,
1004 1575 1054 1655 qui
1076 1577 1116 1638 sit
1136 1581 1243 1640 natura
1265 1579 1344 1640 filius

1 1745 2 1758 ¹
91 1680 231 1762 ipsique
252 1677 379 1756 proinde
401 1675 675 1739 consubstantialis.
727 1676 809 1738 lline‘
824 1675 971 1740 Abrabam
999 1695 1061 1738 non
1083 1677 1192 1740 creavit
1213 1679 1267 1741 sed
1289 1697 1343 1758 ge·

93 1781 173 1844 nuit
196 1779 292 1851 isaac,
313 1778 447 1840 Beseleel
468 1785 567 1839 autem
589 1776 716 1839 et'Elinb
738 1795 799 1840 non
821 1787 998 1857 genuerunt,
1020 1779 1074 1840 sed
1095 1781 1230 1842 lecerunt
1244 1781 1344 1842 omnia

1 1938 2 1970 Ξ
95 1897 220 1960 opera,
249 1897 325 1957 quae
353 1880 384 1941 iu
413 1879 601 1942 tabernaculo
630 1886 724 1942 erant.
768 1879 912 1942 Similiter
938 1879 1057 1940 navium
1089 1889 1120 1940 et
1141 1879 1342 1944 aedificiorum

1 2045 2 2062 ξ
96 1979 305 2045 fabricatores
328 1998 389 2042 nnn
410 1981 533 2060 gignunt
555 1999 630 2060 quae
652 1981 777 2053 laniunt,
801 1981 855 2042 sed
878 1981 921 2042 illi
942 1980 1060 2061 quidem
1083 1999 1208 2056 navem,
1232 1981 1263 2043 bi
1285 1982 1342 2044 dn·

96 2099 192 2145 mum
216 2090 404 2145 construunt.
449 2081 499 2144 Sic
527 2082 597 2144 item
625 2081 709 2144 isaac
736 2101 797 2143 non
826 2083 911 2156 iecit,
940 2083 992 2144 sed
1022 2083 1125 2161 genuit
1152 2082 1209 2146 sibi
1237 2087 1343 2146 natura

97 2183 394 2246 consubstantialem
417 2183 522 2256 lacdb,
552 2193 584 2245 nt
606 2189 637 2244 et
656 2183 744 2244 laceb
766 2183 868 2245 ludam
890 2202 925 2244 ac
946 2184 1052 2246 tratres
1075 2185 1151 2264 eius.
1196 2184 1363 2257 Quocirca·

13 2351 26 2362 .
96 2293 136 2349 u‘t
160 2286 190 2348 is
215 2271 408 2348 saua'mente
430 2304 491 2347 non
514 2292 610 2359 esset,
639 2285 690 2364 qui
712 2286 834 2346 domum
857 2284 902 2346 rel
925 2303 1030 2346 navem
1053 2286 1152 2366 opifici
1175 2303 1245 2346 esse
1267 2304 1341 2346 con·

98 2386 335 2450 substantialem
358 2387 487 2460 diceret3
519 2386 558 2447 ita
581 2385 714 2464 prolecto
737 2385 823 2447 lateri
846 2385 999 2460 convenit,
1029 2403 1148 2446 omnem
1170 2383 1263 2445 filium
1285 2403 1340 2446 suo

97 2487 184 2566 patri
208 2506 276 2550 esse
298 2486 593 2550 consubstantialem.
637 2486 703 2559 Qua
729 2494 853 2565 propter
880 2486 907 2548 si
936 2505 1004 2548 rere
1035 2494 1066 2546 et
1086 2485 1175 2546 Pater
1197 2492 1227 2546 et
1247 2484 1340 2546 Filius

101 2594 164 2674 est,
189 2603 315 2650 necesse
337 2590 460 2650 omnino
483 2597 530 2651 est
549 2587 656 2649 Filium
680 2591 784 2650 naturd
806 2597 835 2650 et
857 2573 980 2652 verita'te
1003 2586 1094 2648 lilium
1108 2586 1175 2648 boc
1196 2595 1244 2649 est
1259 2586 1341 2648 Patri

102 2685 394 2751 consubstantialem
418 2709 504 2763 esse,
528 2689 607 2768 quod
630 2689 749 2768 quidem
771 2688 871 2752 multis
894 2690 1131 2750 demonstratum
1153 2694 1210 2748 est.
1255 2685 1342 2746 Certe

102 2786 143 2847 de
167 2785 311 2862 operibus
332 2789 455 2852 dieitur:
479 2791 549 2872 lpse
572 2793 651 2855 dicit
673 2805 701 2855 et
722 2792 807 2870 sueto
829 2801 918 2861 enen
943 2794 1008 2869 a'pse
1023 2789 1180 2850 mondavit
1194 2796 1223 2849 et
1238 2798 1342 2848 erecto

1 2965 2 2972 ἵ
102 2895 198 2958 eunt,
228 2886 265 2948 de
286 2877 360 2950 nitu
383 2898 496 2952 autem:
529 2891 691 2955 Eructavit
719 2909 773 2953 cor
801 2907 898 2950 meum
924 2888 1050 2950 Verbum
1072 2889 1193 2950 besum.
1237 2887 1340 2948 Daniel

102 3005 229 3068 quoque
252 2988 358 3051 Filium
380 2989 433 3051 liei
457 2992 567 3070 optime
588 2999 728 3062 noreratt
750 2996 874 3049 noverat
896 2997 925 3050 et
944 2988 997 3049 Dei
1020 3005 1122 3066 opere.
1166 2987 1266 3066 ltaque
1287 2986 1340 3048 li·

101 3088 322 3168 lium·quidem
343 3090 477 3152 dammas
500 3091 630 3152 fornacis
653 3107 723 3150 rore
745 3088 918 3168 irrigantem
940 3087 1028 3162 vidit3
1058 3097 1088 3150 at
1115 3107 1182 3149 cum
1204 3087 1241 3149 de
1263 3105 1338 3168 ope·

1 3249 2 3254 ,
103 3189 193 3252 ribus
217 3188 358 3252 dixisset:
381 3189 552 3253 benedicite
575 3193 674 3252 omnic
697 3205 790 3269 opera
810 3189 936 3250 domiai
955 3187 1093 3260 liceuriae,
1117 3187 1248 3268 singulas
1271 3187 1339 3268 qui·

1 3271 3 3299 '
103 3292 175 3354 dem
198 3276 381 3353 reserentes
401 3290 603 3363 enumeravit,
632 3289 686 3350 sed
716 3288 795 3349 inter
822 3306 872 3350 eas
893 3289 1000 3350 Filium
1021 3287 1143 3351 minime
1174 3287 1338 3362 collocavit,

1 3376 3 3408 ⁵
103 3391 218 3473 quippe
240 3392 290 3471 qui
317 3409 378 3452 non
408 3398 490 3452 esset
511 3391 645 3462 nescius,
675 3387 757 3451 illum
779 3407 855 3468 opus
876 3407 938 3452 nnn
961 3409 1047 3464 esse,
1076 3391 1131 3451 sed
1158 3408 1213 3470 per
1238 3389 1339 3470 ipsum

1 3493 2 3508 ³
93 3481 180 3556 'laeta
210 3511 278 3554 esse
308 3509 414 3572 opera,
450 3509 577 3571 eumque
605 3491 635 3552 in
665 3490 752 3552 Patre
781 3489 893 3553 laudari
922 3498 953 3552 ct
980 3489 1201 3570 superexaltari.
1244 3489 1340 3569 igitir

1 3580 2 3590 ³
103 3592 355 3674 quemadmodum
379 3593 432 3654 liei
455 3591 586 3672 cognitio
608 3609 662 3671 per
683 3592 782 3672 ipsum
798 3591 927 3654 Verbum
948 3591 1084 3665 babetur,
1108 3591 1148 3652 ita
1170 3608 1225 3670 per
1239 3589 1337 3670 ipsum

1 3703 2 3711 ’
104 3703 135 3756 et
156 3695 187 3754 in
210 3695 277 3773 ipso
299 3692 487 3767 benedictio,
515 3695 598 3782 laus,
627 3691 720 3772 gloria
749 3700 779 3754 et
805 3693 938 3771 potentia
958 3693 1038 3755 Patri
1067 3691 1249 3766 concutior,
1278 3709 1338 3770 quo
1368 3745 1377 3755 .
1423 3733 1427 3738 -

104 3878 196 3929 ibidem
216 3885 275 3940 post
289 3871 409 3943 πατέρας
426 3876 483 3937 llas.
502 3879 635 3939 etsegaer.
651 3876 695 3927 ad·
781 3890 804 3937 g.
822 3877 862 3925 Sic
880 3876 937 3936 lteg.
955 3875 1054 3936 Segusa.
1072 3875 1170 3924 Gobter.
1188 3873 1293 3924 Felelm.
1316 3875 1336 3924 l.

105 3947 165 3996 dunt
181 3937 295 3992 ἑαυτῶν.
334 3943 424 3992 ibidem
445 3943 543 4000 Gobler.
568 3952 592 3992 et
609 3939 695 3992 l'elel'-
747 3949 771 3992 et
786 3942 894 4004 dualia..
918 3941 961 3990 sed
986 3941 1094 3990 utribus
1135 3941 1251 3990 ostremis
1268 3943 1337 3991 abest

105 4013 186 4061 manni
208 4011 230 4059 t.
249 4000 298 4056 aba
315 4000 350 4056 ἂν
367 3999 438 4057 εἴποι
454 4003 565 4075 κτίσμα.
746 4001 814 4056 ἐστι.
857 4007 935 4057 Ceteri
960 4015 983 4056 et
1006 4007 1063 4057 editi
1087 3955 1163 4062 ullu,
1190 4003 1337 4058 *ventac

140 4093 163 4127 e.
181 4079 215 4126 lte
236 4077 292 4138 lteg'.
311 4077 409 4137 Segner.
428 4075 526 4126 anler.
547 4084 571 4125 et
589 4075 693 4125 l'elebnr.
747 4064 905 4140 dpacadctos.

108 4145 131 4195 l.
149 4152 175 4193 nt
192 4153 215 4194 et
234 4143 291 4206 legit
302 4143 417 4201 Nunnius,
435 4143 508 4193 statii
522 4150 546 4192 et
557 4133 691 4192 editiet‘da.
781 4143 803 4190 b.
822 4142 856 4190 lta
876 4141 932 4202 ling.
950 4139 1049 4202 Segaer.
1067 4139 1165 4192 Gobler.
1184 4141 1291 4193 l'elelrm.
1312 4142 1334 4191 l.

106 4211 158 4262 llos
176 4213 233 4272 fleg.
244 4219 268 4260 et
277 4210 376 4272 sepner.
393 4203 439 4256 atei
456 4202 583 4269 Βεσιλεὴλ
600 4201 631 4258 at
647 4216 694 4258 ete.
746 4217 770 4258 et
788 4208 901 4258 ottobon.
937 4207 1016 4258 Ceteri
1034 4215 1113 4258 aetem
1125 4223 1178 4258 enm
1190 4209 1247 4258 edit.
1261 4208 1338 4258 Com-

140 4279 156 4328 i.
175 4280 216 4329 Sic
233 4279 290 4340 tteg.
308 4278 408 4338 Seguer.
430 4286 454 4326 et
471 4278 563 4339 duplic.
603 4277 631 4325 lt
649 4275 694 4325 0t-
746 4277 802 4326 met.
821 4269 1000 4342 dpcetcarrc.
1037 4275 1098 4324 ibid.
1116 4276 1173 4338 lteg.
1193 4284 1218 4326 et
1234 4275 1335 4338 Seguer.

107 4347 188 4398 tobon.
213 4337 297 4412 φύσει
319 4339 370 4392 τὸν
389 4335 484 4408 Ἰακὼβ
506 4336 575 4393 υἱόν.
613 4343 694 4394 Ceteri
745 4331 806 4393 alde.
844 4343 890 4393 etti
909 4352 932 4393 et
950 4342 1007 4392 editi
1025 4329 1091 4392 otta.

108 4423 131 4464 et
148 4416 219 4466 editio
238 4412 356 4464 Geminei.
372 4406 419 4462 aci
435 4405 485 4462 τὸν
498 4403 603 4476 Ἰακώβ.
641 4411 694 4460 llcx
779 4412 796 4462 i.
813 4411 918 4461 retetm.
933 4409 958 4460 2.
977 4417 1001 4460 et
1025 4408 1081 4460 edili
1101 4401 1149 4458 aba
1166 4402 1225 4459 lata
1241 4404 1294 4476 μέν
1311 4417 1335 4460 et

108 4481 194 4532 ibidem
212 4481 310 4534 Gebler.
334 4488 359 4531 et
376 4480 480 4532 Felelrrn.
502 4481 523 4530 l.
549 4472 564 4528 ὅ
588 4473 618 4528 δὲ
644 4469 695 4526 τὸν
745 4491 799 4528 mon
816 4473 913 4543 γέγονε
929 4471 982 4543 μὲν
999 4469 1090 4525 πάντα
1107 4471 1142 4525 τὰ
1159 4469 1237 4544 ἔργα.

107 4537 200 4597 Ἰούδα.
230 4539 316 4613 ὅπερ
334 4532 383 4597 οὖν
400 4556 446 4601 ete.
481 4548 692 4612 liepbebetqno·
778 4547 801 4595 lr.
826 4545 965 4597 rotetur
984 4552 1009 4596 et
1025 4545 1229 4596 editinCommel.
1247 4534 1335 4606 ὅπερ

111 4627 156 4677 que
171 4610 219 4664 aba
232 4608 329 4666 lodda.
395 4672 400 4681 Ι
707 4672 712 4684 Ι
743 4605 807 4678 γάρ.
981 4615 984 4622 “
