3212 5272
249 377 290 440 76
646 393 673 436 ε.
689 393 843 438 ιτιιιιιιειι
856 393 1081 439 neumatum

68 607 71 612 .
163 539 281 612 Μυσοί
301 539 346 625 μὴ
370 537 427 606 διά
446 538 544 625 τιμὴν
565 537 624 626 τὴν
648 538 695 618 είς
715 539 773 607 τὸν
794 539 886 622 θεόν,
911 535 995 608 άλλὰ
1017 538 1073 608 διά
1094 540 1152 628 τὴν
1176 538 1223 619 είς
1236 539 1294 608 τόν
1310 541 1382 609 υἱὸν
1398 539 1471 612 άτι-

246 646 327 726 μίοιν
348 638 460 706 πάντα
480 642 535 707 καί
557 643 733 721 ποιοῦντες
755 643 809 708 καί
832 643 1021 721 λαλοῦντες,
1045 635 1104 708 σῦκ
1126 640 1264 722 είδότες,
1295 637 1348 709 ότι
1370 638 1389 710 ό
1410 643 1470 710 τὸν

246 739 319 808 υἱὸν
348 735 517 826 ἀτιμάζων
545 736 697 827 ἀτιμάζει
716 741 775 810 τόν
796 748 934 831 πατέρα.
979 745 1114 827 πρῶτον
1134 743 1194 826 μὲν
1216 741 1277 828 γάρ
1298 737 1359 831 κάν
1380 739 1468 812 οῦτω

246 839 305 909 τόν
326 841 409 910 θεὸν
433 837 647 928 δνσμάζιοσιν,
671 837 710 909 οῦ
732 842 896 912 δείκνυται
916 847 984 911 τῶν
1004 845 1146 930 γενητῶν
1162 838 1180 910 ό
1195 842 1300 929 λόγος.
1333 846 1392 932 τῆς
1404 843 1467 930 γάρ

248 937 365 1024 οῦσίας
385 947 446 1012 τοῦ
468 943 595 1033 πατρὸς
616 939 662 1022 ῶς
683 949 824 1031 γέννημα
845 944 958 1026 πάλιν,
982 939 1088 1023 οὕτως
1109 938 1187 1030 παρ’
1205 939 1294 1031 αὐτῷ
1310 943 1399 1012 ἐστιν
1415 940 1469 1012 άί-

248 1042 338 1126 δίως.
383 1040 421 1112 οῦ
452 1045 514 1134 γάρ
547 1044 587 1112 τὸ
615 1041 719 1130 ὄνομα
746 1048 844 1113 τοῦτο
872 1056 1032 1133 παραιρεί
1060 1043 1118 1131 τὴν
1146 1047 1205 1112 τοῦ
1235 1045 1332 1132 λόγου
1356 1044 1467 1133 φύσιν,

247 1141 325 1214 οῦδὲ
346 1145 450 1214 πάλιν
470 1146 510 1214 τὸ
533 1141 688 1234 άγένητον
708 1145 795 1232 πρὸς
814 1146 872 1214 τὸν
896 1146 967 1214 υἱὸν
983 1147 1049 1230 ἔχει
1062 1145 1102 1213 τὸ
1117 1146 1367 1234 σημαινόμενον,
1383 1141 1470 1215 άλλόι

247 1248 334 1333 πρὸς
360 1247 402 1316 τά
429 1245 486 1314 διά
511 1251 571 1314 τοῦ
598 1247 672 1314 υἱοῦ
700 1246 865 1333 γενόμενα.
909 1250 963 1314 καὶ
993 1243 1102 1333 ῶςπερ
1131 1242 1150 1312 ό
1177 1246 1236 1314 τὸν
1258 1242 1469 1334 άρχιτίντονα

246 1351 452 1436 πρσςφωνῶν
474 1353 528 1416 καί
550 1349 652 1435 λέγων
674 1348 870 1436 δημιουργὸν
893 1350 999 1427 σίκίας
1018 1344 1040 1435 ἢ
1061 1346 1192 1426 πόλεως
1213 1341 1251 1414 οῦ
1268 1354 1471 1435 συναριθμεῑ

245 1453 293 1536 τῷ
321 1444 459 1534 ὀνόματι
485 1449 592 1538 τοῦτηι
619 1448 677 1517 τὸν
705 1449 741 1530 ίξ
761 1444 861 1518 αὐτοῦ
884 1454 1082 1538 γεννηθέντα
1105 1448 1191 1530 υἱόν,
1223 1445 1308 1517 άλλὰ
1329 1449 1387 1518 διά
1407 1451 1469 1535 μὲν

187 1579 194 1592 ·
245 1549 303 1636 τὴν
337 1549 385 1629 εἷς
415 1550 459 1618 τὰ
486 1551 564 1638 ἔργα
591 1557 703 1638 τέχνην
725 1552 779 1618 καί
801 1550 859 1639 τὴν
882 1549 1082 1638 ἐπιστήμην,
1106 1556 1274 1639 σημαίνων
1306 1549 1351 1639 μὴ
1382 1546 1469 1620 εἶναι

246 1644 347 1718 αὐτὸν
367 1656 529 1734 τοιοῦτον,
553 1648 611 1720 οἶά
632 1651 767 1720 ἐστιτὰ
787 1647 865 1738 παρ’
890 1646 991 1719 αῦτσῦ
1005 1651 1172 1738 γενόμενα,
1196 1651 1393 1740 δημιουργὸν
1408 1646 1470 1720 αῦ-

244 1749 303 1818 τὸν
326 1753 428 1834 καλεῖ,
451 1753 509 1842 τὴν
531 1753 567 1820 δὲ
589 1752 691 1841 ηόσιν
712 1757 771 1819 τοῦ
793 1752 996 1841 ποιήσαντος
1018 1751 1114 1832 είδώς
1136 1747 1234 1832 οἶδεν,
1258 1752 1359 1822 άλλον
1381 1747 1469 1822 εἶναι

245 1851 340 1941 παρὰ
360 1857 465 1922 ταῦτα
485 1853 543 1922 τὸν
565 1855 602 1935 ἐξ
622 1849 723 1922 αὐτοῦ
745 1861 960 1942 γεννηθέντα,
990 1856 1044 1922 καὶ
1068 1852 1125 1921 διὰ
1144 1856 1205 1938 μὲν
1225 1853 1284 1920 τόν
1306 1853 1377 1922 υίόν
1398 1879 1468 1922 πα-

245 1957 324 2040 τίρο
345 1950 444 2021 αὐτὸν
466 1955 573 2037 καλεῖ,
593 1955 649 2024 διὰ
671 1956 707 2023 δὲ
728 1953 770 2022 τά
793 1955 870 2042 ἔργα
890 1963 1023 2043 κτίστην
1044 1958 1099 2022 καὶ
1114 1955 1272 2043 ποιητήν·
1293 1955 1352 2022 τὸν
1367 1951 1467 2024 αῦτὸν

245 2053 371 2138 τρόπον
402 2051 420 2121 ὁ
447 2058 549 2143 λέγων
578 2053 682 2136 οῦτως
709 2055 767 2124 τόν
789 2055 872 2124 θεὸν
894 2053 1049 2143 άγένητον
1072 2056 1106 2124 ἐκ
1126 2059 1193 2124 τῶν
1216 2056 1317 2143 ἓργων
1338 2051 1465 2124 ὀιότῶν

246 2149 414 2240 όνσμάζει,
444 2164 612 2245 σημαίνων
640 2157 685 2246 μὴ
714 2157 816 2242 μόνον
843 2156 887 2245 μὴ
912 2151 998 2224 εἶναι
1018 2151 1118 2224 αὐτὸν
1139 2156 1289 2246 γενητόν,
1319 2152 1387 2222 ἀλλ’
1412 2152 1467 2224 ότι

244 2259 298 2323 καί
326 2261 392 2324 τῶν
413 2261 576 2346 λγενητῶν
602 2258 743 2346 ποιητής
771 2257 875 2337 ἐστιν,
906 2252 977 2325 σλδε
1003 2263 1139 2342 μέντοι
1166 2257 1224 2326 τὸν
1246 2257 1342 2344 λόγον
1364 2256 1466 2326 ἄλλον

245 2354 325 2424 ὄντα
353 2363 419 2426 τῶν
446 2363 588 2447 γενητῶν
617 2358 674 2426 καὶ
700 2357 801 2444 μόνον
830 2359 917 2426 ἴδιον
938 2361 997 2426 τοῦ
1020 2358 1324 2447 πατρόςγὲννημα,
1355 2354 1401 2426 δι’
1426 2349 1466 2426 οῦ

243 2462 297 2526 καί
320 2459 362 2528 τά
383 2460 493 2528 πάντα
513 2467 624 2547 γίγσνε
644 2463 697 2527 καί
721 2465 903 2546 συνέστηκε.

330 2567 379 2629 30.
425 2561 493 2628 Καὶ
514 2561 576 2649 γὰρ
597 2561 653 2628 καὶ
674 2560 926 2649 παντοκράτσρα
946 2560 1005 2628 τὸν
1022 2559 1104 2628 θεὸν
1119 2561 1153 2628 σί
1166 2564 1340 2649 προφῆται
1355 2562 1465 2646 λόγον·

243 2687 307 2743 τες,
331 2658 367 2729 οῦ
393 2665 449 2733 διά
471 2665 510 2732 τὸ
533 2660 618 2734 εἶναι
638 2662 697 2730 τὸν
718 2662 815 2749 λόγον
831 2663 888 2730 ἕνα
901 2664 967 2728 τῶν
983 2660 1128 2742 πάντων,
1152 2657 1258 2740 σῦτως
1272 2657 1371 2729 αῦτὸν
1387 2661 1466 2730 ἐπε-

158 2769 419 2835 υ.ιυυ.κσλοῦντο·
441 2765 577 2855 Ιἤδεισαν
598 2764 660 2852 γάρ
681 2763 739 2830 τὸν
761 2762 833 2830 υίὸν
855 2760 956 2830 ἄλλον
978 2759 1058 2830 ὄντα
1072 2764 1139 2830 τῶν
1153 2765 1294 2850 γενητῶν
1310 2764 1364 2832 καί
1378 2762 1465 2830 πάν-

243 2895 310 2937 των
338 2872 391 2937 καὶ
420 2864 520 2937 αὐτὸν
547 2869 730 2953 κρατοῦντα
751 2864 835 2932 κατὰ
855 2863 914 2952 τὴν
934 2869 994 2932 τοῦ
1017 2863 1145 2950 πατρὸς
1167 2859 1363 2952 ὁμοιότητα,
1393 2857 1461 2931 ἀλλ’

244 2967 298 3039 ὅτι
318 2971 463 3052 πάντων,
488 2959 534 3038 ῶν
556 2967 614 3038 διά
633 2969 692 3034 τοῦ
716 2968 788 3034 υίοῦ
810 2973 1001 3053 πεποίηκεν,
1025 2961 1124 3046 αῦτός
1145 2975 1265 3052 κρατεῖ,
1288 2965 1414 3032 τούτων
1428 2989 1465 3033 τε

242 3072 301 3159 τὴν
324 3073 475 3153 ἐξουσίαν
496 3075 543 3159 τῷ
565 3071 627 3157 υίηῦ
650 3067 780 3148 δέδωκε,
803 3069 857 3134 καί
881 3066 1031 3146 δεδωκὼς
1052 3065 1155 3134 πάλιν
1177 3060 1276 3145 αῦτὸς
1297 3070 1364 3133 τῶν
1378 3064 1464 3133 πάν-

242 3199 309 3240 των
338 3173 395 3241 διὰ
423 3172 603 3258 τοῦλόγου
624 3167 774 3256 κυριεύει.
819 3167 921 3234 πάλιν
943 3193 979 3235 τε
999 3166 1110 3253 κόριον
1131 3169 1198 3234 τῶν
1220 3165 1390 3251 δυνάμεων
1411 3167 1464 3234 λέ-

242 3294 354 3356 γοντες
375 3272 432 3338 τὸν
454 3273 552 3352 θεόν,
584 3266 623 3339 οῦ
653 3269 770 3336 διὰτὸ
793 3263 877 3337 εἶναι
897 3267 953 3334 καὶ
973 3266 1031 3334 τὸν
1053 3267 1151 3354 λόγον
1173 3267 1230 3336 ἕνα
1250 3266 1376 3334 τούτων
1397 3269 1464 3334 τῶν

243 3369 413 3455 δυνάμεων
441 3367 542 3436 ιτοῦτ’
568 3372 692 3455 ἔλεγον,
722 3364 791 3435 ἀλλ’
816 3365 870 3433 ότι
891 3368 1031 3450 τοῦμὲν
1053 3368 1127 3434 υίοῦ
1149 3367 1259 3455 πατήρ
1282 3365 1367 3447 ἔστι,
1396 3369 1464 3434 τῶν

242 3471 279 3539 δὲ
307 3470 364 3538 διὰ
390 3473 449 3536 τοῦ
478 3470 550 3535 υἱοῦ
578 3474 759 3554 γενομένων
781 3465 950 3552 δυνάμεων
971 3467 1083 3554 κόριός
1104 3467 1184 3536 ἐστι.
1229 3468 1307 3536 ’καὶ
1326 3466 1387 3555 γάρ
1409 3469 1464 3534 καί

242 3567 341 3652 αὐτὸς
361 3569 464 3638 πάλιν
488 3564 506 3634 ό
528 3566 624 3654 λόγος
646 3567 680 3636 ἐν
701 3570 748 3654 τῷ
771 3571 874 3654 πατρί
897 3563 943 3636 ῶν
964 3567 1099 3637 πάντων
1120 3567 1246 3637 τούτων
1268 3569 1338 3638 ἐστὶ
1353 3567 1465 3656 κύριος

240 3678 295 3740 καλ
317 3671 453 3740 πάντων
473 3672 601 3756 κρατεῖ·
623 3667 735 3734 πάντα
755 3667 826 3754 γάρ,
850 3664 914 3737 ὅσα
936 3670 1005 3766 ἔχει
1024 3666 1177 3759 όπατήρ,
1199 3673 1258 3736 τοῦ
1275 3671 1348 3738 υἱοῦ
1363 3669 1462 3737 ἐστιν.

241 3772 351 3861 ῶςπερ
384 3763 442 3841 σῦν
469 3774 584 3840 ’τοῦτο
612 3772 764 3836 τοιοῦτον
793 3769 858 3852 ἔχει
884 3795 905 3836 τ

241 3879 345 3962 λέγειν
366 3875 425 3944 τὸν
446 3873 529 3945 θεὸν
551 3868 715 3961 ἀγένητον,
739 3871 858 3958 λεγέτω
878 3868 952 3955 μήν,
977 3869 1007 3938 ελ
1028 3866 1122 3951 άπαξ
1135 3868 1242 3952 οῦτως
1256 3865 1345 3959 αῦτηῦ
1361 3871 1461 3950 δοκεῖ,

239 3976 285 4066 μὴ
307 3983 421 4062 μέντοι
443 3977 500 4044 διὰ
526 3973 566 4042 τό
595 3967 681 4042 εἶναι
700 3970 759 4040 τὸν
780 3969 878 4057 λόγον
898 3973 966 4038 τῶν
987 3975 1145 4060 γενητῶν,
1177 3967 1247 4040 ἀλλ’
1271 3969 1341 4054 ότι,
1371 3969 1463 4039 καθά

240 4088 416 4164 προεῖπον,
441 4072 460 4143 ό
481 4074 564 4154 θεὸς
585 4069 622 4142 οῦ
644 4073 746 4159 μόνον
770 4068 827 4141 οῦκ
850 4071 921 4140 ἔστι
941 4073 1083 4161 γενητός,
1106 4068 1191 4141 άλλά
1212 4076 1265 4140 καί
1289 4077 1356 4140 τῶν
1370 4095 1464 4160 γενη-

238 4179 305 4244 τῶν
327 4177 468 4266 ποιητής
491 4177 563 4244 ἐστι
584 4174 641 4242 διά
661 4179 720 4242 τοῦ
743 4175 830 4243 ίδίου
852 4171 960 4257 λόγου.
1004 4178 1059 4243 καί
1081 4172 1142 4263 γάρ
1164 4177 1218 4242 καί
1241 4170 1348 4254 οῦτως
1369 4175 1463 4259 λεγο-

238 4281 338 4361 μένου
365 4281 424 4345 τοῦ
453 4276 596 4365 πατρός,
626 4274 730 4344 πάλιν
759 4276 854 4344 εἰκῶν
877 4267 907 4338 ό*
917 4273 1014 4364 λόγος
1034 4275 1104 4346 ἐστὶ
1127 4277 1179 4344 καί
1203 4271 1381 4360 όμοοῦσισς
1401 4275 1461 4340 τοῦ

272 4479 294 4515 ι.
313 4465 385 4518 ΒεείΙ.
404 4458 496 4517 αῦτόν.
912 4485 932 4520 ε.
951 4468 1059 4531 stenes.
1079 4474 1102 4517 ει
1119 4467 1190 4520 Bnil.
1227 4467 1272 4518 Alii
1289 4479 1344 4518 τειο
1363 4471 1386 4514 ει
1403 4462 1463 4514 editi

271 4532 295 4582 b.
313 4534 355 4584 sie
371 4535 429 4598 λος.
463 4533 492 4586 Αι
513 4531 554 4584 ulii
573 4541 596 4585 ιι
615 4532 687 4584 editio
707 4530 824 4592 ῦοωιαιΙ.
877 4525 948 4588 τοῦτ’
967 4529 1063 4600 ἔλεγεν.

238 4593 408 4666 γενημάτων.
