3226 5280
455 371 598 416 sarsrou
613 373 810 418 annumeras
825 375 971 420 mearmu
987 375 1105 420 seuam.
1355 367 1396 430 51

42 540 46 585 :
157 530 221 594 aie,
255 522 310 584 sed
342 521 444 602 potios
467 523 503 583 ad
527 521 716 602 splendorem
738 525 768 585 in
790 533 953 606 conspeetu
975 527 1049 589 lueis
1071 527 1164 607 ipsius
1187 529 1319 594 veritatis
1342 543 1485 594 atr-rm.

39 600 43 661 5
155 625 254 686 cedet.
300 621 382 684 flaee
403 633 452 684 est
473 625 551 686 enim
575 625 704 686 veritatis
728 626 876 700 dourina,
900 627 1124 707 disrumpantur
1145 629 1213 690 lioet
1234 631 1276 693 illi
1296 633 1394 713 perti·

155 745 267 798 moes,
291 725 343 804 qui
366 743 424 786 nea
445 724 537 787 Deum
560 735 749 802 reverentur,
777 747 834 789 nee
854 736 1098 808 argumentorum
1119 730 1148 790 vi
1170 739 1200 791 et
1221 735 1394 798 auctoritato

154 827 225 888 vieti
251 825 445 887 eruhesmnt.
547 831 550 842 '

251 1231 301 1294 18.
347 1229 398 1291 Sio
431 1230 521 1310 igitur
542 1229 703 1292 Eusebiaoi
737 1231 839 1292 multis
868 1239 938 1294 tune
965 1231 1064 1294 modis
1091 1231 1248 1294 examinati
1277 1250 1314 1293 eo
1336 1249 1398 1312 po-

157 1340 309 1392 stremum
337 1331 448 1392 redacti
471 1339 559 1405 sunt,
582 1342 616 1392 ut
637 1331 757 1411 seipsos
780 1332 1030 1406 condemnarent,
1058 1333 1235 1412 tandemque
1258 1331 1396 1395 subseri·

157 1452 261 1513 psere,
284 1433 329 1493 uti
352 1451 441 1511 supra
464 1432 603 1504 diximus,
626 1441 713 1511 atque
736 1433 811 1494 adeo
832 1441 944 1494 mutata
966 1433 1111 1495 sententia
1127 1432 1282 1496 siluerunt.
1319 1433 1395 1494 Cam

158 1543 259 1596 antem
283 1534 331 1595 isti
354 1531 503 1611 impietate
526 1536 642 1595 ieroues
656 1519 696 1595 'et
717 1553 732 1596 a
755 1533 887 1608 veritate,
910 1543 1048 1614 tanquam
1069 1534 1212 1614 vertigine
1227 1533 1314 1615 eapti,
1337 1533 1393 1596 ah·

161 1643 298 1696 errantes
327 1653 415 1696 omne
444 1635 575 1696 studium
603 1635 634 1696 in
662 1635 866 1697 calumnianda
888 1635 1006 1716 Synodo
1035 1643 1162 1716 ponant,
1191 1635 1395 1713 respondeant

161 1735 260 1810 nohis,
284 1754 321 1797 ex
344 1735 518 1816 quibusnam
536 1734 698 1816 seripturis
721 1735 780 1816 ipsi
801 1737 938 1811 hausere,
962 1737 1007 1798 rei
1029 1757 1044 1798 a
1067 1737 1244 1815 quibusnam
1255 1733 1393 1796 Patribus

162 1837 302 1898 audivere
329 1837 501 1898 huiusmodi
530 1837 668 1912 voculas,
698 1857 771 1916 quas
795 1838 851 1899 sibi
873 1840 970 1900 visum
993 1849 1040 1898 est
1060 1855 1240 1916 congerere,
1261 1835 1311 1898 Eu
1332 1855 1395 1899 aaa

162 1940 375 2011 arietantibus,
398 1957 462 2000 arou
485 1949 554 2000 erat
578 1949 739 2020 autequam
760 1943 878 2019 penitae
901 1952 955 2011 eet,
979 1940 1041 2019 suit
1062 1939 1225 2019 aliquando
1249 1955 1317 1998 euru
1331 1955 1396 1999 rrae

163 2050 330 2111 essetnec
357 2058 419 2101 non
442 2049 601 2120 sequentes
624 2059 731 2114 voces,
754 2039 926 2115 moratae,
945 2043 1155 2119 praeexistere
1177 2049 1205 2100 et
1226 2038 1395 2109 ooiuutute,

163 2140 270 2219 quihus
298 2143 399 2221 utique
428 2142 581 2204 vocabulis
609 2141 700 2222 impie
729 2142 872 2203 adversus
900 2140 1058 2202 Dominum
1087 2149 1243 2218 nugantur.
1287 2137 1394 2202 Enim·

162 2259 232 2302 vero
257 2241 359 2302 heatus
382 2243 499 2322 quidem
515 2243 623 2305 Paulus
646 2243 772 2322 epistota
796 2242 833 2303 ad
848 2241 1000 2304 Hebraeos
1023 2243 1078 2303 ait:
1102 2238 1393 2321 Fr'deiuteliiqioure,

159 2343 300 2422 perfecta
321 2362 386 2406 ease
408 2345 529 2407 saerata
556 2345 646 2408 i'erdo
670 2344 735 2416 Dei,
758 2355 795 2406 au
815 2345 856 2414 id,
879 2346 959 2425 quod
981 2348 1134 2414 eerua'tur,
1157 2361 1220 2404 ooo
1241 2359 1280 2404 eu·
1300 2342 1393 2403 redae

161 2445 381 2524 apparentibus
402 2446 500 2524 fieret.
543 2446 653 2506 Verum
681 2445 755 2506 nihii
776 2444 875 2506 Verbo
907 2461 1064 2506 commuue
1094 2451 1228 2504 estotim
1250 2441 1393 2520 saeculis3

161 2545 229 2623 ipse
252 2545 332 2605 enim
355 2553 423 2604 ante
445 2545 561 2606 sueonia
583 2546 700 2618 existit,
730 2563 895 2625 perquem
919 2531 1131 2607 soeuuia'iaota
1155 2552 1235 2605 sunt.
1278 2543 1312 2604 ln
1334 2541 1394 2602 Pa·

165 2653 249 2704 etore
272 2653 369 2702 autem
393 2644 534 2720 scriptum
557 2653 604 2704 est
627 2647 876 2723 (quandoquidem
898 2647 1006 2708 librum
1029 2645 1109 2706 huno
1131 2645 1236 2714 citant,
1262 2638 1396 2720 quamvis

167 2757 233 2800 non
261 2740 301 2798 sit
327 2757 363 2798 ex
391 2749 528 2816 ranouet:
560 2743 693 2804 Primum
723 2749 855 2806 amariam
882 2748 968 2808 erede
996 2763 1092 2806 arrum
1114 2761 1179 2806 esee
1201 2743 1314 2810 naam,
1348 2743 1485 2818 attium.

170 2841 275 2900 amaia
303 2843 418 2900 areaoit
445 2851 473 2901 et
497 2843 642 2919 perfecit,
666 2847 821 2922 ornatuque
851 2861 889 2905 eae
915 2845 1010 2907 attrito
1031 2855 1067 2906 ut
1088 2855 1189 2906 esseut
1210 2843 1296 2918 feeit.
1340 2837 1399 2898 Sed

165 2959 226 3001 neo
254 2939 325 3000 iilud
355 2957 473 3018 quoqne
501 2941 537 3001 ad
559 2939 664 3000 Filium
692 2940 837 3019 pertinet3
867 2943 1012 3022 siquidem
1035 2945 1071 3004 de
1095 2940 1236 3002 omnihus
1258 2935 1399 3014 loquitur,

164 3059 242 3121 quae
264 3059 321 3119 per
342 3039 443 3119 ipsum
466 3039 539 3101 iacta
563 3047 649 3114 sant,
679 3059 696 3102 a
726 3039 834 3120 quihus
856 3051 934 3104 aerte
956 3044 1020 3121 ipse
1041 3041 1117 3102 alius
1140 3046 1195 3099 est.
1239 3037 1301 3098 Neo
1321 3037 1400 3100 enim

163 3149 266 3224 potest
286 3143 362 3216 fieri,
387 3151 420 3201 ut
442 3143 540 3221 opiter
564 3141 624 3214 iris,
647 3161 722 3222 quae
737 3143 802 3222 ipse
818 3143 925 3216 effecit,
948 3146 1168 3212 annumeretur,
1190 3137 1248 3200 nisi
1263 3135 1398 3198 fortassis

164 3243 205 3305 ita
234 3243 339 3322 aliquis
371 3241 514 3322 desipiat,
544 3254 576 3304 ut
599 3244 794 3306 architectum
816 3242 895 3304 idem
919 3261 988 3303 esse
1011 3239 1080 3303 vetit
1100 3247 1186 3318 atque
1208 3237 1337 3320 aadidoia
1358 3237 1395 3300 ah

165 3363 203 3405 eo
226 3351 407 3406 constructa.
454 3343 530 3416 Otrid
555 3343 644 3424 igitur
665 3345 708 3405 itii
731 3363 795 3416 eos,
819 3343 869 3423 qui
890 3351 970 3405 reete
991 3361 1026 3405 aa
1045 3342 1095 3422 pie
1109 3339 1248 3414 sentinat,
1271 3339 1394 3402 voeihus

167 3462 228 3516 naq
251 3443 372 3524 seriptis
394 3443 436 3504 nti
459 3453 613 3518 accusant,
642 3463 707 3506 cnm
730 3444 788 3524 ipsi
811 3463 899 3506 voees
922 3461 982 3505 non
1006 3444 1131 3522 scriptas
1154 3441 1189 3503 ad
1211 3439 1394 3502 confirman-

166 3545 234 3606 dam
256 3543 439 3624 impietatem
462 3545 574 3624 tingere
596 3563 656 3606 non
672 3546 733 3606 sint
742 3545 851 3607 veriti?
883 3545 962 3606 Sane
974 3543 1085 3606 nemini
1099 3559 1226 3623 prorsus
1242 3541 1311 3602 iioet
1326 3557 1396 3602 esse

166 3643 274 3723 impio,
308 3643 424 3706 etiamsi
453 3645 545 3708 variis
567 3645 665 3708 uerbis
688 3645 870 3725 speciosiore
891 3645 1083 3725 sophismatis
1105 3661 1191 3706 suam
1213 3639 1395 3719 impietatem

167 3745 235 3824 quis
263 3753 356 3806 tentet
384 3745 541 3824 obtegere3
569 3753 599 3808 at
625 3765 714 3808 nemo
735 3764 797 3810 non
819 3749 960 3819 fateatur,
989 3763 1054 3806 rem
1076 3751 1209 3806 sanatam
1232 3758 1266 3802 aa
1287 3740 1395 3800 iustam

169 3863 237 3906 esse
270 3845 408 3923 pietatem
436 3847 552 3919 colere,
584 3847 651 3908 lieet
678 3847 766 3908 novis
795 3865 829 3907 aa
856 3845 1022 3924 peregrinis
1051 3841 1175 3902 roeihus
1197 3840 1263 3918 quis
1284 3847 1394 3909 utatur,

167 3945 328 4006 dnmmodo
351 3945 387 4018 is,
411 3943 461 4022 qui
484 3945 623 4022 loquitur,
644 3946 695 4022 pie
716 3945 825 4005 sentiat
847 3952 877 4003 et
897 3961 951 4021 per
973 3942 1038 4002 iiias
1060 3957 1149 4000 voees
1171 3938 1210 4010 id,
1234 3938 1312 4017 quod
1330 3937 1396 4016 ipse

168 4045 354 4123 cogitaverit,
383 4044 433 4123 pie
462 4043 534 4104 velit
561 4042 737 4122 significare.
781 4042 852 4102 Iliae
881 4042 983 4120 itaque
1006 4039 1115 4102 Christi
1142 4039 1292 4109 hostiurn,
1321 4053 1396 4114 quas

167 4293 232 4344 rerht
262 4289 358 4358 [Athen.
385 4294 447 4358 Opp.
475 4293 598 4372 eddon.
630 4295 699 4372 dom.
726 4288 757 4374 t]
843 4309 864 4343 e.
889 4288 1004 4358 [Hermae
1028 4289 1126 4354 Pastor]
1149 4287 1244 4340 ΗΜ.
1268 4285 1356 4352 maed,
1375 4285 1398 4336 i.

168 4375 221 4424 paq.
240 4359 281 4410 49.
307 4362 416 4410 hahetur.
452 4361 530 4412 Ceteu
557 4369 579 4412 et
597 4362 654 4440 edua
672 4355 702 4410 lat
716 4375 755 4427 μη
809 4356 905 4426 [Patres
924 4369 1002 4424 apost.
1022 4359 1059 4409 ed.
1070 4357 1228 4408 (latei-Cion
1238 4356 1256 4404 l.
1275 4368 1329 4420 pag.
1342 4349 1397 4420 dh]

167 4423 371 4557 Ξξῇοτέῖἓῑεὲ
389 4429 575 4544 :horationem
593 4429 685 4480 ardetur
703 4443 756 4480 rer·
843 4459 860 4510 f·
880 4459 937 4522 neg·
954 4449 1123 4524 tertiaeet
1143 4456 1269 4506 mendose·

203 4561 226 4610 d.
244 4554 299 4628 πρό
318 4563 386 4612 duest
406 4563 429 4611 iu
448 4563 503 4624 itaq.
842 4574 866 4621 q.
887 4558 942 4620 fleg.
960 4547 1017 4622 ἴχη.

1157 4635 1197 4688 μ
