3236 5286
228 373 288 440 166
627 393 654 437 ι.
669 389 823 438 mmm
836 389 1058 436 ιιειιεειιουει
1117 355 1122 366 ’

138 555 216 602 ειιε.
226 535 384 622 διαβόλου
405 535 564 622 λαβόντες
585 537 750 626 ίμόνησαν
771 537 910 619 (τούτων
929 538 991 626 γὰρ
1013 538 1135 618 ἐκεῖνος
1155 538 1257 624 μόνος
1277 537 1350 607 ἐστὶ
1365 562 1457 608 σπο-

224 635 320 724 ρεύς),
344 643 426 726 φέρε
447 639 535 727 πρὸς
556 634 656 708 αῦτόν
677 636 881 724 ἀντιστιῦμιν
903 640 1002 728 (πρὸς
1022 640 1145 709 ἐκεῖνον
1165 640 1244 728 ·γοἰρ
1267 639 1357 708 ἔστιν
1371 637 1453 727 ἡμῖν

220 737 282 806 όιά
301 737 430 808 τούτων
452 737 473 831 ἡ
495 741 606 829 πάλη),
629 741 686 808 ἵνα
698 743 757 808 τοῦ
772 747 886 828 κυρίου
899 745 1117 830 βοηθοῦντος,
1132 737 1282 831 κάκείνου
1297 742 1455 830 συνήθως

225 845 415 924 πίπτοντος
435 853 508 923 τοῖς
529 841 678 928 ἐλέγχοις,
702 841 931 925 αἰσχυνόιῦσιν
946 832 1048 925 οὗτοι,
1064 845 1245 930 βλέποντες
1260 839 1453 930 ἀποροῦντα

225 942 285 1012 τόν
307 945 570 1030 λέπισπείραντα
590 941 649 1028 τὴν
670 942 799 1027 αἵρεσιν
821 939 945 1025 αῦτοίς,
968 948 1023 1012 καὶ
1045 945 1187 1030 μάῦωσι
1207 940 1267 1034 κᾷν
1290 940 1450 1032 όψέποτε,

227 1041 283 1114 ότι
299 1043 464 1134 Ἀρειανοὶ
487 1040 578 1121 ὄντες
598 1036 657 1110 οῦκ
680 1040 746 1111 ιίοὶ
766 1051 976 1132 Χριστιανοί.

315 1156 363 1216 11.
408 1143 565 1231 Είρήκατε
585 1147 640 1212 καί
664 1156 832 1234 φρονεῖτε,
861 1143 1111 1233 όποβόλλοντος
1134 1143 1213 1232 ῦμίν
1236 1147 1376 1230 ἐκείνου,
1400 1144 1454 1214 ότι

226 1240 267 1337 ἦν
288 1273 372 1317 ποτε
393 1243 448 1313 ότι
469 1239 527 1311 οῦκ
547 1234 588 1333 ἦν
610 1241 734 1328 όυίός·
755 1251 855 1315 τοῦτο
869 1247 930 1336 γὰρ
946 1251 1080 1335 πρῶτον
1096 1244 1189 1332 ῦμιῦν
1202 1251 1262 1336 τῆς
1281 1249 1456 1328 ’ἐπινοίας

227 1348 396 1419 ἀποδῦσαι
421 1344 461 1412 τὸ
489 1345 614 1434 ἀνόυμα
643 1349 703 1418 dez.
748 1346 783 1416 τό
802 1356 914 1418 τοίνυν
933 1339 973 1436 ἦν
995 1373 1085 1417 ποτε,
1101 1345 1158 1418 ότι
1181 1345 1199 1415 ό
1221 1349 1293 1429 υίὸς
1315 1347 1374 1418 οῦκ
1393 1339 1453 1437 5,-

226 1437 403 1527 εἴπατε-ὦ
426 1445 592 1538 όύςφημοι
613 1453 667 1518 καί
690 1452 867 1538 όυςσεβείς.
898 1450 928 1518 εἰ
948 1452 1008 1536 μὲν
1030 1440 1087 1517 οῦν
1108 1449 1167 1516 τόν
1188 1455 1319 1537 πατέρα
1332 1453 1452 1537 λέγετε,

223 1550 343 1634 μείζων
365 1544 460 1634 ῦμιῦν
481 1547 522 1639 ⁶⁷5
544 1553 752 1640 βλαςφημία·
775 1547 814 1620 ού
837 1551 898 1639 γὰρ
920 1557 1022 1636 θέμις
1043 1551 1161 1631 εἰπεῖν,
1185 1546 1239 1617 ότι
1259 1553 1344 1618 ποτὲ
1366 1543 1455 1638 ἦν,ἢ

225 1649 259 1718 όν
280 1652 328 1736 τῷ
351 1652 437 1718 ποτέ
459 1658 630 1739 σημαίνειν
653 1647 770 1721 αὐτόν·
792 1652 963 1740 ’ἔστιγὰρ
986 1648 1053 1733 ἀεί,
1076 1655 1131 1720 καὶ
1153 1655 1211 1719 νῦν
1231 1651 1331 1732 ἔστιν,
1356 1648 1455 1730 όντος

223 1754 336 1820 τεκαὶ
358 1755 418 1819 τοῦ
439 1753 514 1820 υἱοῦ
536 1753 623 1834 ἔστι,
653 1752 710 1821 καὶ
737 1749 837 1835 αῦτός
859 1754 949 1824 ἐστιν
971 1751 989 1821 5
1012 1749 1058 1821 ὢν
1078 1756 1133 1821 καὶ
1154 1755 1213 1820 τοῦ
1234 1753 1308 1820 υίοῦ
1329 1751 1450 1839 πατήρ.

226 1853 256 1922 εἰ
285 1855 322 1922 όὲ
349 1855 473 1939 λέγετε,
509 1850 563 1922 ότι
596 1850 614 1922 5
641 1854 714 1934 υἱός
735 1845 775 1942 ἦν
796 1881 882 1924 ποτε
916 1853 971 1923 ότε
993 1849 1093 1934 αῦτὸς
1115 1849 1174 1921 οὐκ
1193 1844 1247 1942 ἦν,
1280 1854 1377 1939 μωρὰ
1398 1855 1452 1920 καί

223 1952 381 2044 ’ἀνόητός
403 1955 493 2023 ε’στιν
513 1953 534 2045 ἡ
557 1951 744 2050 ἀπόκρισις.
775 1962 851 2037 πῶς
871 1957 933 2044 γὰρ
954 1947 994 2045 ἦν
1017 1953 1117 2037 αάτός
1137 1959 1191 2024 καὶ
1210 1950 1268 2022 οῦκ
1281 1945 1321 2040 ἦν
1337 1950 1454 2035 αάτόςῑ

226 2052 284 2124 οῦκ
315 2047 373 2123 οῦν
403 2058 437 2124 ἐν
464 2057 596 2138 τούτοις
623 2054 834 2145 ἀποροῦντας
861 2055 946 2142 ὑμᾶς
974 2053 1096 2146 ἀνάγκη
1118 2056 1240 2126 λοιπὸν
1261 2058 1382 2142 λέγειν·
1413 2045 1454 2142 ἦν

224 2180 310 2225 ποτε
329 2158 455 2245 χρόνος,
480 2155 536 2226 ότι
557 2154 615 2226 οῦκ
635 2151 675 2249 ἦν
698 2157 716 2226 5
738 2159 850 2246 λόγος·
872 2162 971 2225 τοῦτο
993 2157 1056 2244 γάρ
1078 2158 1202 2246 ιφύσει
1223 2164 1376 2245 σημαίνει
1397 2158 1452 2222 καί

226 2253 307 2326 αάτὸ
328 2259 367 2326 τό
390 2262 474 2328 ποτέ
495 2257 588 2345 ύμιῦν
610 2261 786 2349 ῦπίῤῥημα.
830 2263 885 2327 καὶ
908 2256 993 2344 ὅπερ
1015 2260 1052 2325 όὲ
1075 2258 1181 2326 πόλιν
1201 2259 1385 2346 γράφοντες
1406 2257 1455 2324 ελ-

225 2361 360 2450 ρήκατε·
389 2357 447 2429 οῦκ
474 2344 514 2451 ἦν
543 2359 561 2430 5
584 2361 655 2442 υἱός
677 2365 757 2449 πρὶν
778 2365 957 2450 hymn&
990 2358 1110 2426 ταυτόν
1133 2359 1331 2445 ἐπιλέγειν
1353 2355 1454 2444 ἀμᾶς·

224 2453 265 2552 ἦν
286 2487 370 2531 ποτε
392 2460 448 2530 ὅτε
469 2459 528 2530 οῦκ
549 2454 605 2550 ἦν·
625 2463 743 2550 χρόνον
764 2465 826 2552 γὰρ
849 2459 935 2532 εἶναι
955 2471 1085 2550 κακεῖνο
1106 2463 1160 2527 καὶ
1183 2463 1282 2527 τοῦτο
1303 2460 1373 2546 πρό
1393 2461 1453 2526 τοῦ

227 2564 325 2652 λόγου
358 2571 520 2653 σημαίνει.
571 2565 683 2633 πόθεν
715 2556 774 2632 οῦν
806 2563 884 2652 ύμίν
916 2563 1102 2654 ἰἐξηύρηται
1128 2565 1250 2644 ταῦτα,·
1284 2562 1372 2629 ίνατί
1398 2559 1456 2628 καὶ
1558 2549 1565 2558 ’

226 2661 319 2752 ῦμεῖς
340 2662 386 2746 ιῦς
407 2665 450 2734 τά
472 2667 553 2754 ἔθνη
576 2665 761 2754 ἒφρυόξατε
781 2671 836 2736 καί
856 2669 1014 2751 μελετᾶτε
1035 2664 1112 2732 κενὰ
1134 2665 1277 2744 λεξείόια
1297 2662 1381 2730 κατὰ
1394 2665 1453 2728 τοῦ

226 2774 339 2853 κυρίου
368 2769 422 2834 καὶ
453 2766 538 2834 κατὰ
563 2771 623 2834 τοῦ
644 2772 796 2854 Χριστοῦ
825 2763 972 2850 0505),-
1004 2761 1143 2852 οῦόεμία
1169 2765 1231 2852 γὰρ
1259 2768 1325 2831 τῶν
1352 2760 1456 2850 ἆγίων

226 2871 363 2956 γραφῶν
392 2867 544 2934 τοιοῦτόν
566 2893 601 2934 τι
628 2872 706 2954 περὶ
728 2873 787 2936 τοῦ
812 2873 960 2955 σωτῆρος
982 2868 1117 2955 εἴρηκεν,
1142 2861 1227 2934 ἀλλὰ
1247 2867 1393 2950 Ιιμᾶλλον
1414 2863 1455 2930 τὸ

228 2966 294 3050 ἀεί,
322 2967 361 3035 τό
388 2965 502 3036 ἀΐόιον
522 2972 577 3038 καὶ
599 2969 638 3035 τό
660 2981 808 3037 συνεῖναι
830 2965 881 3037 ἀεὶ
902 2974 949 3056 τῷ
972 2975 1085 3054 πατρί.
1132 2967 1166 3035 ἐν
1188 2962 1269 3054 ἀρχῇ
1291 2967 1352 3054 γὰρ
1374 2956 1413 3052 ἦν
1435 2959 1456 3032 5

229 3070 333 3158 λόγος,
354 3072 409 3137 καὶ
433 3065 452 3135 5
474 3069 571 3156 λόγος
591 3061 632 3158 ἦν
653 3070 741 3158 πρὸς
760 3069 819 3137 τὸν
840 3069 933 3150 θεόν,
956 3073 1010 3138 καί
1032 3069 1117 3148 θεὸς
1138 3059 1178 3157 ἢν
1201 3064 1219 3134 5
1242 3066 1377 3152 λόγος’).
1400 3070 1474 3152 καίΧ

228 3172 263 3240 έν
289 3173 329 3258 τῇ
358 3165 572 3256 ἀποκαλύψει
599 3173 680 3241 τάόε
701 3174 804 3258 λέγει·
834 3165 921 3238 όιάν
942 3173 996 3237 καί
1019 3165 1038 3236 5
1060 3161 1099 3258 ἦν
1121 3173 1177 3236 καί
1200 3165 1219 3234 5
1242 3167 1454 3253 59x5uevog³).
1504 3175 1508 3184 '

227 3272 287 3338 τοῦ
318 3272 355 3338 όέ
383 3266 402 3338 ό
431 3265 477 3339 ὢν
498 3272 555 3340 καὶ
574 3273 634 3340 τοῦ
656 3263 695 3360 ἦν
717 3279 768 3350 τίς
790 3265 830 3339 ἀν
852 3267 1029 3358 1ἀφέλοιτο
1050 3269 1091 3336 τό
1113 3266 1222 3338 ἀΐδιον
1229 3297 1241 3351 ,·
1273 3272 1371 3335 τοῦτο
1392 3268 1456 3353 γὰρ

227 3375 282 3440 καὶ
306 3367 324 3440 5
346 3373 483 3451 Παῦλος
505 3372 539 3440 ἐν
561 3377 601 3460 τῇ
624 3371 710 3458 πρός
721 3369 897 3456 Ῥωμαίους
909 3367 1087 3450 ’λουόαέους
1100 3374 1161 3456 μὲν
1175 3368 1288 3456 ἤλεγχε
1301 3369 1455 3456 γράφων·

228 3473 265 3556 έξ
285 3463 331 3542 ὧν
355 3469 374 3541 5
395 3471 544 3559 Χριστός
565 3473 604 3540 τὸ
625 3471 709 3540 κατὰ
731 3472 845 3560 σάρκα,
870 3469 888 3539 5
912 3467 957 3540 ὢν
980 3473 1036 3540 ἐπὶ
1060 3471 1196 3540 πόντων
1218 3471 1302 3550 θεὸς
1323 3464 1457 3558 εὐλογη-

227 3576 286 3657 τὸς
307 3575 355 3657 εἷς
374 3574 452 3655 τοῦς
473 3572 634 3654 αλιῦναςἾ,
649 3569 806 3661 Ἕλληνας
827 3576 864 3641 όὲ
887 3573 1052 3661 ἐντρέπων
1068 3573 1173 3660 έλεγε·
1195 3572 1238 3640 τὰ
1251 3569 1314 3657 γάρ
1329 3567 1457 3657 ἀόρατα

230 3672 331 3745 αῦτοῦ
361 3674 430 3748 ἀπὸ
457 3683 595 3755 κτίσεως
619 3673 746 3760 κόσμου
774 3685 848 3754 τοῖς
875 3675 1043 3762 ποιήμασι
1067 3674 1232 3758 νοούμενα
1253 3677 1453 3757 καθορᾶται,

227 3771 286 3860 ἥτε
308 3774 417 3859 ἀΐδιος
438 3774 540 3848 αῦτοῦ
562 3767 701 3862 Ιόύναμις
721 3779 776 3844 καί
798 3775 973 3862 θειότηςλ).
1018 3781 1069 3855 τίς
1097 3777 1135 3843 a&
1162 3770 1183 3863 ἡ
1211 3777 1270 3841 τοῦ
1292 3776 1376 3841 θεοῦ
1398 3771 1456 3838 όύ-

229 3899 335 3959 ίϋμίςι
359 3875 484 3958 ιἀῦτός
505 3880 608 3948 πόλιν
627 3879 777 3948 όιόόσκει
798 3879 917 3966 λέγων·
950 3875 1100 3964 Χριστός
1120 3879 1205 3944 θεοῦ
1236 3875 1374 3959 όύναμις
1399 3869 1458 3940 καὶ

229 3977 313 4044 θεοῦ
336 3981 478 4064 σοφία“).
524 3976 561 4046 οῦ
589 3982 651 4068 γὰρ
680 3981 720 4069 όὴ
742 3985 841 4049 τοῦτο
863 3983 965 4068 λέγων
987 3977 1045 4046 τὸν
1067 3983 1197 4065 πατέρα
1219 3983 1387 4064 σημαίνει,
1411 3970 1458 4053 ὥς

298 4145 322 4204 1)
349 4130 454 4206 pm,
474 4147 497 4196 1.
516 4148 539 4197 ι.
627 4151 653 4210 ι)
679 4153 745 4202 102⁰.
766 4153 789 4212 ι,
810 4155 831 4204 ι.
919 4154 944 4214 υ)
969 4151 1067 4217 Aponi.
1087 4151 1110 4212 1,
1129 4149 1152 4199 ι.
1245 4145 1271 4208 ι)
1298 4147 1455 4210 εοεαε.

230 4214 256 4277 5)
273 4215 342 4264 Rom.
363 4213 385 4274 1,
404 4211 445 4262 20.
515 4215 541 4275 ό)
561 4215 583 4266 1.
601 4217 658 4270 Cor.
679 4220 701 4278 1,
720 4219 761 4268 24.

265 4347 285 4384 ε.
305 4331 346 4381 Sic
363 4329 462 4393 Sessuar.
499 4329 526 4380 ln
544 4331 599 4380 τΙίῑο
617 4331 685 4382 deest
702 4325 786 4381 έσιέν.
902 4335 1085 4396 mmmm,
1111 4323 1456 4388 00b101,02r01011m,1‚‚5

264 4401 288 4452 b.
307 4401 447 4462 εεςοιιιιιι.
474 4389 669 4463 ίιιισπείρονια
685 4407 717 4452 ,ιι
742 4399 817 4462 ριείο
868 4395 1017 4468 όυςφημία.

230 4477 288 4538 post
303 4459 496 4531 ἀποβαλόντος.

265 4554 285 4588 α
304 4537 376 4588 ΒιείΙ.
395 4523 536 4590 ἀπονοίας,
556 4541 583 4584 ut
599 4539 624 4584 ιι
640 4531 713 4582 lubet
725 4531 816 4595 λοςίίε.

175 4627 182 4638 ·
230 4607 255 4656 in
274 4607 389 4669 ιοιιςίαε.

903 4517 926 4554 ι.
943 4503 1043 4560 δομοις.
1061 4495 1121 4550 ἔστι
1135 4493 1190 4566 γάρ
1209 4489 1251 4549 ἀεὶ
1268 4492 1314 4548 καὶ
1325 4493 1376 4544 νῦν
1386 4488 1456 4551 ἔστι,

866 4563 914 4616 καὶ
940 4559 1022 4622 αάτόε
1044 4563 1120 4618 ἔστιν
1143 4561 1158 4616 ό
1183 4557 1229 4617 ὧν.
1268 4565 1405 4620 ῦοίιίειίιο.
1434 4571 1458 4613 ει
