3192 5260
539 393 707 440 omrrom.
723 396 839 440 eornm
852 397 990 444 munos.
1295 385 1356 450 sm

129 539 237 606 ritum
260 559 322 604 non
343 561 412 606 esse
434 549 537 606 natura
560 551 590 606 et
617 544 783 608 substantia
811 554 960 621 ereetum,
989 548 1043 610 sed
1071 551 1193 631 proprie
1214 570 1250 614 ex
1272 552 1445 616 Patronus.

129 643 274 722 genitum,
295 645 420 724 eiusque
442 663 511 706 esso
532 645 706 726 sapientiam
728 653 760 707 et
779 646 909 708 Verbum
930 665 1050 723 rerum,
1079 668 1135 738 per
1156 651 1236 731 quod
1258 653 1358 714 omnio

129 744 308 818 iaetssunt,
332 749 363 806 et
383 744 449 806 sine
470 763 529 824 quo
552 747 661 808 fretum
682 753 730 808 est
750 747 834 808 nihii.

419 995 640 1104 musone·
655 997 836 1068 CONTRA
867 999 1068 1064 suithes

617 1118 730 1168 onorio
755 1119 872 1170 ruerit.

119 1277 124 1286 ·
211 1255 240 1313 1.
291 1249 538 1330 Quandoquidem
560 1251 654 1314 semel
675 1251 791 1324 Ariani,
815 1257 848 1313 ut
869 1251 1001 1326 ridetur,
1024 1251 1154 1316 animum
1177 1253 1357 1317 induxerunt

126 1349 291 1414 averitato
312 1351 495 1425 deseiseere,
523 1351 555 1413 io
577 1352 697 1432 seipsos
720 1353 867 1415 attrahere
889 1353 1073 1415 contendunt
1094 1353 1168 1416 haee
1188 1353 1356 1434 Scripturas

124 1452 226 1514 verhe:
250 1452 371 1533 Impetis
387 1472 454 1516 ruer
467 1458 502 1516 io
519 1431 713 1534 profunditis
726 1453 879 1516 malorum
900 1458 1027 1531 ornent,
1051 1460 1221 1519 coutemnit.
1254 1454 1356 1536 Neque

126 1553 200 1614 enim
224 1553 355 1616 eonvieti
377 1555 544 1633 quieseunt,
565 1573 622 1617 neo
643 1556 801 1618 haerentes
825 1555 1018 1628 erubeseunt,
1041 1555 1095 1619 sed
1117 1554 1206 1618 veluti
1219 1559 1356 1624 ,frontem

124 1655 453 1732 gerentesxmeretriois
469 1675 587 1718 omnem
602 1657 747 1737 pudorem
765 1663 922 1729 exuerunt,
943 1665 977 1719 ut
990 1674 1075 1718 susm
1091 1657 1234 1720 adversus
1250 1677 1355 1722 omues

127 1753 288 1818 detendunt
310 1755 502 1834 impietatem.
534 1756 696 1836 Postquam
719 1757 797 1819 enim
819 1757 976 1838 probatum
999 1776 1015 1819 a
1037 1757 1126 1818 nohis
1149 1766 1212 1830 est,
1236 1759 1354 1822 illorum

127 1853 299 1937 scripturae
321 1856 466 1930 iooorum,
488 1875 597 1938 nempe
608 1857 758 1921 Dominus
782 1864 899 1923 ereoor‘t
918 1878 964 1922 ore
982 1868 1012 1921 et
1029 1857 1124 1920 Toeto
1142 1863 1355 1937 praestantior

127 1956 227 2034 [ortes
252 1956 378 2038 Auqeh's
406 1967 436 2019 et
461 1961 682 2038 primopeoitos
711 1967 741 2021 et
766 1960 829 2032 Qui
853 1957 953 2040 fidelis
982 1969 1027 2022 ert
1049 1963 1078 2020 οι·
1102 1963 1155 2038 qro'
1182 1960 1254 2038 [erit
1277 1977 1354 2032 eum,

124 2069 231 2122 reetam
262 2077 334 2120 esse
362 2058 624 2138 signifimtionem,
658 2059 822 2140 iisdemque
850 2078 948 2122 rerum
976 2058 1007 2120 in
1037 2058 1186 2122 Christum
1214 2059 1354 2140 pietatem

125 2159 260 2234 edoeeri3
288 2160 390 2222 neseio
417 2178 546 2240 quonam
576 2163 662 2241 paeto
692 2161 731 2224 ihi
761 2170 899 2240 tanquam
921 2159 1070 2241 serpentis
1091 2179 1206 2222 ueneno
1228 2161 1375 2241 periuri,-

123 2262 338 2324 providentes
360 2279 435 2340 quae
457 2261 582 2324 videnda
611 2270 698 2334 sunt,
728 2281 786 2324 nee
814 2279 865 2334 ea,
894 2280 969 2341 quse
997 2261 1114 2340 legunt,
1144 2262 1354 2344 intelligentes,

125 2360 179 2422 aed
201 2371 340 2440 tauquam
364 2382 398 2424 ex
421 2362 504 2442 impii
527 2363 574 2424 sui
596 2363 695 2425 sordis
717 2363 866 2444 profundo
889 2371 1051 2436 ructantes,
1074 2362 1132 2425 iam
1148 2365 1222 2426 haee
1235 2365 1354 2426 Domini

124 2461 227 2526 verbo:
251 2462 314 2542 Epo
336 2467 369 2524 io
392 2463 484 2528 Putre
508 2474 538 2526 et
559 2464 652 2528 Potor
674 2469 705 2527 iu
726 2484 774 2528 me
795 2475 848 2536 ert,
871 2464 1015 2544 exagitare
1037 2473 1210 2545 coeperunt.
1244 2465 1354 2537 „Quo-

125 2566 250 2635 ‚,modo,
274 2564 422 2645 inquiunt,
444 2555 505 2628 iste
527 2566 557 2626 in
579 2565 630 2626 ilio
652 2573 682 2627 et
703 2566 751 2628 iile
773 2566 803 2626 in
825 2566 884 2628 i'sto
907 2565 1052 2628 eontineri
1074 2565 1201 2645 potest?
1223 2565 1275 2626 Vel
1296 2583 1353 2644 que

127 2681 279 2743 „prorsus
302 2665 419 2728 rstione
439 2666 537 2739 Peter,
561 2665 611 2745 qui
633 2668 728 2728 maior
749 2675 805 2738 est,
828 2667 858 2728 in
874 2665 960 2739 Filio,
982 2665 1032 2744 qni
1055 2665 1155 2726 minor
1175 2672 1230 2737 est,
1253 2671 1355 2743 potest

127 2765 391 2848 „eomprehendir
434 2766 493 2830 hut
514 2766 584 2846 quid
606 2767 714 2829 mirum
737 2775 784 2830 est
805 2767 912 2828 Filium
935 2767 965 2827 in
987 2765 1076 2826 Putre
1098 2783 1185 2837 esse,
1215 2764 1352 2844 quando-

127 2867 271 2945 „quidem
295 2867 383 2930 etiam
406 2868 442 2930 de
461 2867 550 2928 nohis
572 2867 716 2949 seriptum
739 2877 802 2931 est:
836 2868 873 2929 io
895 2871 962 2946 ipro
984 2870 1065 2928 roim
1086 2869 1215 2930 oiorhror
1238 2877 1266 2928 et
1286 2884 1354 2928 oro-

127 2985 258 3036 „remor
280 2979 311 3031 et
331 2965 484 3031 somos?“
508 2967 586 3030 Sene
607 2968 667 3030 hoe
688 2969 745 3029 illis
762 2967 869 3029 merito
886 2985 940 3045 pro
956 2983 1011 3027 sua
1026 2965 1221 3045 perversitate
1237 2965 1352 3038 oceidit,

125 3074 157 3126 ut
175 3067 269 3132 heum
292 3087 401 3148 eorpus
418 3087 492 3131 esse
514 3069 693 3140 existiment,
716 3087 771 3128 nee
793 3067 972 3145 intelligant,
1000 3065 1072 3148 quid
1095 3065 1136 3127 sit
1156 3083 1243 3128 verus
1265 3064 1354 3126 Peter

129 3172 158 3225 et
182 3185 271 3232 verus
303 3169 411 3243 Filius,
445 3169 515 3250 quid
549 3170 598 3232 lux
632 3166 790 3231 invisibilis
822 3176 852 3230 et
882 3173 1001 3230 aeterna
1035 3168 1162 3247 eiusque
1194 3165 1351 3228 invisibilis

130 3265 282 3342 splendor,
310 3272 381 3350 quid
409 3269 565 3333 invisibilis
593 3271 664 3332 item
693 3268 872 3341 substantio,
905 3268 976 3348 quid
1003 3270 1096 3348 figura
1118 3277 1149 3330 et
1171 3267 1267 3346 imago
1290 3285 1437 3330 nonnosi.

129 3380 277 3445 corporea.
314 3371 448 3450 Namque
470 3370 497 3433 si
520 3377 745 3451 cognoscerent,
768 3386 829 3432 non
851 3370 985 3450 proiecto
1007 3377 1066 3432 tam
1089 3368 1180 3449 impie
1193 3367 1350 3432 Dominum

129 3513 175 3592 iipx
198 3520 300 3582 Sequer.
324 3517 429 3578 καὶτὸ,
454 3517 641 3590 πρωτότοκος·
665 3517 712 3571 καὶ
762 3520 887 3575 νοοῦντες
910 3515 950 3576 τίς
973 3515 1049 3570 ἔστιν
1071 3531 1116 3571 etc.
1154 3521 1244 3571 thidum
1264 3521 1351 3582 Regios

128 3593 166 3637 το,
183 3580 293 3666 neapo.
675 3653 683 3670 .
762 3591 857 3654 primur
880 3597 905 3640 rt
927 3589 1026 3669 §eroep⁸
1050 3581 1120 3654 perire
1142 3583 1172 3635 rt
1194 3581 1252 3666 iope
1278 3585 1348 3652 eor.

127 3655 440 3786 ,ttht'ttt'ttttf
456 3653 712 3790 {ttttitt'tth
762 3648 1353 3787 itti.‘titt“stttshi‘ttttiefft

127 3774 258 3848 ‘mew-
294 3790 587 3854 torturisque.
612 3793 710 3844 Gohter.
761 3791 867 3840 Fetetm.
880 3791 902 3840 1.
915 3781 1006 3838 ἀΐδιον
1022 3783 1068 3836 καὶ
1085 3781 1263 3852 ἂπωῖγαομα.
1289 3787 1351 3838 Edit

128 3857 149 3897 tt
164 3853 270 3908 Feirhm.
291 3857 313 3907 1.
329 3851 412 3906 πάλιν
429 3850 516 3910 eirvei.
547 3859 593 3908 rui
612 3861 711 3910 metiti
753 3853 879 3908 ‘Commet
898 3850 971 3904 ἴδιον
987 3847 1166 3919 ἇποὸγοομο.

127 3910 205 3968 πάλιν
223 3907 308 3972 οὗτοι.
797 3925 812 3973 i.
830 3923 871 3973 Sie
889 3923 945 3984 Reg.
967 3921 987 3971 i.
1006 3921 1105 3982 Sequer.
1125 3921 1194 3971 Gobi.
1210 3921 1351 3972 eti'elchm.

159 3987 174 4034 i.
191 3989 247 4052 neg.
262 3992 284 4042 i.
298 3993 396 4053 Sequor.
413 3992 510 4042 Gobier.
529 4000 552 4040 et
569 3991 674 4042 Frichm.
689 3991 711 4040 Ι.
764 3991 786 4039 i.
805 3997 830 4038 ut
847 3997 871 4039 et
889 3989 911 4038 ie
930 3991 946 4038 it
964 3988 1078 4038 Noouios.
1116 3989 1141 4036 tr
1165 3989 1205 4037 etii
1230 3995 1254 4038 et
1277 3987 1351 4038 editio

126 4049 709 4175 rite·„thzrtirtmttte
761 4003 1352 4186 eei-heere:eoo-,21

129 4185 178 4236 otiis
195 4197 218 4240 et
236 4139 306 4241 initii
325 4193 394 4242 deest
408 4187 462 4242 καί.
581 4138 597 4192 ρ
760 4139 822 4241 suin
840 4181 920 4238 ehoe
943 4182 1033 4249 αὐτῆς.
1051 4136 1083 4237 τὶ
1097 4182 1154 4268 γάρ
1171 4199 1216 4240 ete.
1252 4189 1351 4240 Gohtrr.

160 4267 180 4313 t·
197 4257 283 4320 Regios
301 4260 394 4322 primm
407 4268 431 4309 et
443 4261 543 4322 Sequor.
561 4250 577 4318 ἢ
596 4253 625 4306 ri
640 4257 708 4306 θου-
759 4273 815 4308 rere
834 4266 858 4308 et
876 4259 980 4308 Fetehm.
997 4259 1018 4308 1.
1033 4269 1176 4324 χοιρακτηρ
1195 4248 1350 4322 ἀσώματος.

130 4316 237 4376 tento.
270 4329 299 4376 ht
317 4327 357 4376 atii
375 4335 399 4376 et
417 4327 473 4377 editi
490 4321 582 4375 rohos
598 4321 627 4375 ri
642 4325 711 4375 hou·
762 4317 786 4375 ei
801 4319 865 4390 γάρ.

131 4383 237 4442 μθθῐὸν.
795 4395 818 4442 h.
843 4393 929 4454 Regius
972 4393 1062 4452 rimus,
1087 4392 1186 4453 Sequer-
1211 4390 1309 4442 Gohier.
1327 4399 1352 4439 et

161 4451 181 4502 h·
198 4457 238 4508 Sir
261 4461 348 4522 iterius
366 4461 468 4525 primos,
493 4463 591 4522 Sequor.
610 4461 709 4511 Gohter.
762 4460 866 4509 Fetohm.
879 4461 901 4509 t.
919 4451 952 4506 oi
969 4473 999 4518 qr
1015 4451 1085 4524 μετὰ
1102 4453 1219 4522 γέλωτος
1235 4449 1296 4507 tour
1323 4448 1351 4514 ri-

132 4519 266 4590 ttuh'etehm.
287 4525 309 4576 1.
347 4527 623 4588 tenentemque.
664 4519 711 4584 η’τε
761 4539 842 4591 poor,
868 4517 938 4576 erist.
975 4527 1037 4575 Editi
1063 4525 1151 4587 otiique
1175 4518 1255 4580 δόξης
1278 4535 1292 4568 ο
1312 4535 1350 4568 τω

133 4589 169 4634 tu·
189 4579 270 4642 ieter.
315 4593 361 4644 thr
387 4609 442 4644 reru
468 4602 493 4645 et
518 4595 575 4644 editi
599 4540 709 4657 serpsi
760 4587 965 4659 peroptimos
982 4585 1167 4656 &termimum
1184 4580 1254 4636 οὒδέ·
