3226 5280
461 1125 561 1206 ΤΟΥ
587 1131 651 1202 ΕΝ
676 1130 836 1206 ΑΓΙΟΙΣ
863 1129 1060 1205 ΠΑΤΙὈΣ
1087 1130 1224 1204 ΗΜΩΝ

620 1287 1107 1407 ΑΘΑΝΑΣΙΟΥ

554 1447 873 1504 ΔΡΧΙΕΠΙΣΚΟΠΟΥ
890 1444 1170 1502 ΑΛΕΞΑΝΔΡΕΙΑΣ

232 1565 294 1637 περὶ
311 1567 457 1619 Διονυσίου
474 1571 523 1620 τού
542 1564 692 1620 ἐπισκόπου
706 1562 918 1636 Ἀλεξανδρείας·
943 1560 986 1618 ὁτι
1009 1563 1055 1618 καί
1073 1562 1155 1623 ούτὸς
1171 1563 1241 1618 κατὰ
1259 1568 1307 1628 τῆς
1318 1557 1463 1634 Ἀρειανῆι·

233 1648 503 1798 αίρὲσεισςῧρόνει,
523 1648 560 1710 ὥς
578 1649 592 1714 ἡ
611 1649 760 1718 ἐν’Νιιιαίη
778 1648 908 1708 σύνοδος·
926 1647 970 1702 καί
987 1646 1080 1719 μάτην
1097 1645 1183 1702 αύτὸν
1199 1652 1422 1720 συκοφαντοῦσιν
1433 1647 1463 1703 οί

561 1729 772 1806 Ἀρειομανίται,
793 1731 830 1792 ὡς
849 1730 983 1804 ὁμόδοξον
999 1730 1130 1787 ιίαυταῑν.
1151 1795 1154 1804 .

149 2147 223 2191 εσυ.
322 2131 349 2190 1.
394 2121 552 2208 Βραδίως
573 2120 741 2208 ἐδήλωσας
763 2121 841 2207 περὶ
863 2123 921 2207 τῆς
943 2122 999 2186 νῦν
1022 2119 1198 2200 διαλέξεως
1218 2123 1276 2208 τῆς
1289 2125 1463 2207 γενομένης

233 2217 311 2311 παρ’
337 2219 414 2308 ύμῖν
436 2222 523 2311 πρὸς
544 2221 621 2301 τοὺς
641 2221 896 2309 χριστομάχους·
919 2222 973 2286 καί
995 2221 1057 2307 γὰρ
1079 2223 1161 2306 πρὶν
1182 2220 1314 2308 γράψαι
1327 2221 1386 2308 τὴν
1401 2220 1462 2308 σὴν

233 2323 404 2406 διάθεσιν,
435 2324 563 2408 ἐ’μαδον
594 2325 829 2411 φιλοπευστῶν
850 2319 906 2388 καὶ
927 2317 1032 2407 ἡδέως
1054 2318 1181 2396 ἁκούων
1203 2321 1284 2408 περὶ
1305 2327 1371 2390 τῶν
1392 2347 1465 2391 τοι·

232 2426 348 2494 ούτων.
393 2425 452 2512 τὴν
473 2427 533 2510 μὲν
556 2415 614 2492 ούν
635 2423 716 2510 Βσὴν
738 2419 911 2510 εὐλάβειαν
926 2418 1135 2512 άπεδεξάμην
1150 2424 1258 2504 καλῶς
1273 2429 1462 2512 φρονοῦσαν

231 2529 398 2614 περὶτῶν
420 2533 591 2613 μακαρίων
612 2531 766 2613 πατέρων
781 2521 883 2613 ἡμῶν,
906 2528 973 2592 τῶν
988 2520 1020 2591 δ’
1036 2518 1295 2611 Ἀρειομανιτῶν
1309 2526 1368 2614 τὴν
1383 2521 1463 2594 άλο-

231 2636 306 2716 γίαν
338 2631 393 2696 καί
426 2631 482 2696 νῦν
515 2627 670 2713 ἐπέγνων.
716 2621 812 2694 ούδὲν
833 2625 895 2714 γάρ
918 2620 984 2692 οὔτ’
1011 2624 1145 2712 εύλογον
1168 2623 1244 2695 ούτε
1265 2626 1352 2712 πρὸς
1374 2623 1462 2694 άπό-

222 2731 335 2812 ·δειξιν
364 2729 398 2798 ἐκ
425 2733 483 2818 τῆς
511 2734 610 2807 θείας
638 2731 766 2816 γραφῆς
788 2726 886 2816 ῥητὸν
910 2727 1045 2816 ἐχούσης
1066 2731 1124 2816 τῆς
1145 2728 1320 2814 “αίρέσεως
1343 2723 1460 2809 αύτύίν,

233 2826 285 2900 άεί
306 2833 367 2917 μὲν
391 2830 580 2919 προφάσεις
603 2825 838 2914 ἀναισχύντους
859 2829 1052 2916 ἐπορίζοντο
1074 2828 1130 2896 καί
1145 2837 1338 2917 σοφίσματα
1352 2835 1463 2896 πιδα-

233 2933 289 3000 νά·
326 2936 383 3001 νῦν
411 2935 447 3002 δὲ
475 2935 528 3000 καὶ
558 2932 749 3020 διαβάλλειν
777 2930 854 3012 τοὺς
882 2937 1029 3017 πατέρας
1056 2930 1282 3019 τετολμήκασι.
1327 2930 1383 2998 καὶ
1405 2925 1462 2998 ούκ

234 3027 409 3122 ἀλλότριόν
437 3061 474 3122 γε
509 3029 593 3102 άλλὰ
614 3037 669 3102 καί
693 3033 815 3101 οίκεῒον
836 3037 934 3100 τοῦτο
956 3035 1014 3118 τῆς
1035 3040 1208 3111 κακονοίας
1230 3030 1319 3100 ἐστίν
1342 3026 1458 3098 αὐτῶν·

234 3131 268 3199 υί
294 3135 356 3220 γὰρ
380 3136 472 3204 κατὰ
500 3140 559 3204 τοῦ
587 3133 700 3222 κυρίου
729 3137 784 3202 καὶ
812 3133 896 3201 κατὰ
916 3137 975 3199 τού
997 3135 1148 3218 Χριστοῦ
1171 3127 1302 3214 αύτούῑ)
1322 3135 1461 3220 μελετᾷν

234 3232 509 3321 ἐπιχειρήσαντες,
532 3245 567 3303 τί
587 3237 785 3321 θαυμαστὸν
808 3236 837 3302 εί
858 3233 991 3301 καὶτὸν
1012 3241 1194 3322 μακαρίτην
1210 3234 1390 3302 Διονύσιον
1403 3233 1461 3310 τὸν

151 3365 223 3410 mu.
234 3329 420 3401 ἐπίσκοπον
442 3331 710 3421 λἈλεξανδρείας
733 3331 778 3412 ιὸς
801 3331 962 3418 ὁμόδοξον
984 3333 1109 3400 ἑαυτῶν
1131 3335 1187 3402 καί
1203 3332 1376 3425 ὁμόφρονα
1390 3337 1462 3402 λοι-

234 3434 408 3518 δοροῦσινς
441 3432 479 3498 ὃν
505 3433 567 3519 γὰρ
591 3434 649 3502 ἐὰν
671 3423 766 3501 οὗτοι
786 3431 873 3517 πρὸς
895 3433 1054 3501 σύστασιν
1075 3439 1134 3524 τῆς
1156 3437 1281 3505 ἑαυτῶν
1303 3439 1461 3525 αἱρέσεως

233 3533 376 3614 δόξωσιν
409 3528 582 3621 εὐφημεῖν,
617 3530 678 3621 κάν
709 3532 872 3620 μακάριον
901 3529 1000 3603 αύτὸν
1030 3533 1232 3624 όνομάζωσι,
1266 3543 1384 3608 τοῦτον
1404 3533 1461 3623 οὐχ

233 3632 350 3714 άπλιύς
379 3630 464 3702 ἀλλὰ
491 3636 544 3700 καὶ
566 3634 716 3718 μεγάλως
739 3634 989 3718 διαβάλλουσιν,
1026 3635 1136 3724 ιύςπερ
1158 3641 1278 3726 λῃσταί
1298 3665 1385 3721 τινες
1405 3640 1461 3708 καί

231 3735 291 3803 τὸν
322 3735 448 3822 τρόπον
483 3733 639 3820 ύίσεμνοι,
667 3739 708 3812 ,οἳ
735 3735 873 3804 ἐπειδὰν
901 3737 958 3806 ἐπί
986 3749 1058 3817 τοῖς
1081 3740 1181 3821 ἰδίοις
1203 3741 1459 3830 ἐπιτηδεύμασιν

235 3834 474 3921 ὁνειδίζωνται,
496 3838 574 3919 τοὺς
596 3837 773 3928 σώφρονας
794 3844 1078 3932 οσυνοιριδμοῦοιν
1100 3842 1232 3923 ἑαυτοῖς
1252 3843 1460 3930 καταψευδό-

233 3963 329 4026 μενοι
349 3943 408 4028 τῆς
431 3941 561 4010 ἐκείνων
584 3941 810 4030 σωφροσύνης.

302 4127 326 4189 1)
345 4129 407 4180 Psal.
426 4127 450 4190 2,
469 4127 493 4180 2.

268 4277 290 4312 ο.
309 4261 376 4324 neg„
394 4277 464 4326 quem
475 4263 608 4326 sequimur,
618 4255 731 4312 ἑαυτῶν.
760 4265 822 4314 editi
875 4257 1011 4329 άρειανιίν
1028 4256 1114 4312 άπσλο
1135 4259 1164 4312 ία
1173 4258 1240 4330 ὑπὲρ
1249 4262 1396 4314 Διονυσίου
1404 4261 1459 4315 ἐπι·

234 4337 259 4380 εί
281 4329 368 4393 reliqui
393 4343 451 4379 mss.
476 4321 575 4377 αύτιύν.
621 4331 646 4380 ln
672 4327 746 4380 editis'
768 4339 823 4394 ροει
875 4325 977 4378 σκόπου
998 4321 1102 4386 Ἀλεξαν
1121 4326 1202 4396 ρείας.
1247 4333 1354 4382 Είιιιδεια
1380 4341 1458 4382 contra

234 4397 328 4448 titulum
339 4397 427 4460 legitur
437 4390 574 4456 ἐπιστολή,
594 4412 655 4461 quae
667 4411 709 4446 vox
720 4399 743 4447 ίιι
755 4397 822 4446 nuno
872 4399 971 4448 Arianos
997 4397 1109 4461 Αροίορίο
1133 4413 1177 4461 pro
1205 4397 1315 4461 δι’σαγείο
1345 4399 1457 4464 Episcopo

235 4465 318 4514 codice
342 4465 459 4527 hahetur3
483 4466 578 4514 tametsi
604 4475 696 4514 certum
715 4474 752 4514 οσῑ
770 4463 822 4528 τρὶ·
871 4465 1035 4538 λίιτοιιδηίοι.

234 4532 394 4582 ιλσίοωεσσε.
430 4531 584 4582 Felckmanni
595 4533 679 4582 tertius
689 4545 822 4595 anonymus
907 4531 931 4581 b.
949 4542 1002 4590 σην
1025 4533 1049 4583 in
1075 4531 1145 4583 editis
1169 4530 1265 4585 deerat:
1289 4547 1374 4586 omnes
1398 4546 1458 4584 msa.

234 4600 299 4652 hunc
324 4600 397 4652 habet
422 4599 532 4651 titulum:
559 4597 609 4649 τοῦ
638 4590 724 4650 αύτού
751 4589 822 4648 κατά
873 4597 969 4650 habent.
1000 4625 1010 4636 ·

501 4666 525 4696 Ἰ
