3226 5280
465 365 610 409 sersroct
624 367 663 409 ns
678 367 821 410 occussis
837 367 982 410 arcturon
997 369 1113 412 smum.
1363 356 1405 417 59

167 533 238 578 nam
260 515 464 594 proleruntur,
487 517 535 578 his
558 517 699 590 indicant,
721 517 828 596 qttihus
850 507 938 580 aures
961 539 1051 581 sanae
1073 528 1104 581 et
1125 521 1257 598 integrae
1281 531 1351 582 sunt
1372 523 1491 582 inune

167 617 293 696 pietate.
337 616 369 676 ld
398 635 472 678 sane
500 627 530 678 et
556 618 610 680 tibi
633 619 779 698 inspicere
802 629 832 681 et
852 621 1000 700 imperitis
1024 621 1081 681 illis
1103 622 1171 681 licet
1192 622 1302 683 audire.
1348 623 1402 684 n't-

167 717 281 778 mirum
311 735 403 796 supra
431 727 585 782 ostensum
615 729 661 782 est
682 739 809 800 vereque
832 721 978 794 creditur,
1004 723 1135 802 ,Verbum
1159 741 1226 782 esse
1248 743 1280 783 ex
1304 725 1402 796 Patre,

166 818 302 897 illudque
332 819 430 880 solnm
459 821 614 898 proprium
641 821 707 881 eius
737 831 767 882 et
795 831 899 882 natura
930 823 1021 882 letum
1050 841 1128 882 esse.
1173 822 1215 881 Ex
1244 842 1303 901 quo
1325 828 1403 888 enim

167 919 229 980 alio
253 919 372 991 Filium,
394 921 444 999 qui
467 929 497 980 et
519 922 664 1000 sapientia
686 931 733 982 est
755 931 784 981 et
806 922 947 992 Verbum,
971 921 1001 982 in
1024 940 1083 1000 quo
1107 923 1204 983 omitia
1229 933 1300 983 snm
1321 927 1403 993 saca.

168 1039 260 1100 mam
284 1039 321 1082 ex
342 1021 404 1081 Deo
428 1041 496 1083 esse
518 1021 640 1100 intelligi
664 1021 778 1100 queat?
823 1023 930 1083 Verum
953 1023 1022 1082 illud
1045 1043 1162 1101 quoque
1184 1042 1219 1082 ex
1243 1024 1404 1102 scripturis

169 1122 342 1182 didicimus.
386 1121 474 1183 Pater
496 1123 576 1184 enim
599 1142 652 1202 per
674 1122 764 1183 llavid
788 1123 873 1185 dicit:
902 1125 1062 1187 Eructavit
1086 1143 1140 1186 cor
1162 1145 1257 1186 meum
1282 1127 1405 1188 verbum

171 1224 293 1294 bonurn,
316 1231 361 1282 et:
383 1221 431 1284 Bon
453 1233 542 1285 utero
564 1235 635 1284 uate
659 1223 821 1302 luciferum
841 1231 934 1303 genui
954 1239 991 1286 te.
1037 1225 1128 1286 Filius
1149 1225 1219 1286 item
1243 1227 1280 1287 de
1303 1228 1404 1306 seipso

171 1324 212 1384 ita
235 1324 272 1384 ad
294 1323 422 1384 ludaeos
444 1324 592 1403 loquitur:
616 1324 654 1386 Si
672 1325 755 1388 Deus
776 1337 867 1406 poter
890 1337 990 1389 vester
1012 1338 1099 1397 essct,
1122 1328 1287 1406 diligeretis
1303 1333 1406 1408 utique

173 1443 229 1485 ore.
275 1423 337 1503 Epo
367 1429 445 1486 onor
473 1444 512 1486 an
533 1427 626 1488 Putre
650 1432 746 1502 enini,
781 1436 810 1488 et
843 1427 966 1488 iterum:
1002 1427 1071 1489 Noa
1092 1433 1162 1508 qnia
1183 1429 1305 1490 Potrern
1330 1431 1404 1491 or'dr't

171 1529 345 1606 quisquam,
368 1531 431 1588 nisi
450 1531 504 1608 qur·
523 1540 568 1590 ert
591 1546 610 1588 o
632 1528 711 1600 Deo,
736 1529 781 1592 ln'c
804 1533 879 1592 or'tlr‘t
902 1529 1033 1593 Putrem.
1079 1529 1151 1590 item
1174 1530 1261 1590 illud:
1290 1531 1352 1610 Epo
1375 1543 1403 1594 ct

170 1623 266 1687 Fater
292 1645 388 1688 orrum
416 1647 536 1699 sumus,
565 1638 610 1690 et:
637 1628 699 1708 ligo
731 1635 763 1690 io
786 1629 878 1692 Putre
900 1643 928 1692 et
951 1629 1042 1692 Pater
1065 1635 1095 1692 in
1118 1651 1177 1703 me,
1200 1632 1278 1692 idem
1301 1644 1348 1694 est
1369 1651 1404 1694 ac

173 1727 199 1786 si
221 1727 349 1788 diceret:
371 1727 434 1806 Ego
459 1748 492 1788 ex
507 1729 593 1789 Patre
615 1749 681 1791 sum
705 1750 760 1791 nec
781 1732 818 1792 ab
840 1751 877 1791 eo
900 1751 1026 1810 possum
1041 1731 1143 1792 diuidi.
1178 1733 1304 1792 loannes
1324 1753 1400 1812 quo-

171 1846 229 1906 que
251 1828 336 1890 dicit:
370 1828 547 1909 Unrgmitus
571 1829 683 1901 Filius,
714 1837 765 1910 qni
787 1843 831 1892 est
856 1838 886 1894 in
909 1839 980 1894 rino
1003 1831 1123 1903 Putris,
1148 1838 1212 1912 ipse
1233 1841 1403 1896 enarravit.

170 1929 288 1992 Scilicet
310 1929 385 1990 baec
406 1931 472 2009 ipse
495 1930 679 1992 aSalratore
702 1932 852 1992 didicerat.
896 1934 969 1992 Nam
992 1933 1061 2009 quid
1084 1933 1162 1992 aliud
1185 1933 1256 1993 illud
1280 1938 1312 1996 ia
1334 1939 1404 1996 riou

171 2031 327 2110 significat,
351 2049 437 2110 quam
461 2050 559 2092 reram
580 2030 646 2092 Filii
669 2052 705 2094 ex
726 2033 813 2093 Patre
835 2031 1083 2111 generationem?

257 2337 309 2398 22.
354 2335 385 2396 Si
413 2337 480 2414 quis
503 2356 575 2414 ergo
597 2337 692 2400 Deum
715 2337 915 2416 compositum
938 2355 1005 2396 esse
1029 2337 1196 2407 existimat,
1219 2346 1251 2397 ut
1271 2339 1302 2399 in
1326 2341 1400 2400 sub-

170 2435 280 2498 stantia
308 2437 459 2510 accidens,
488 2439 535 2498 rel
558 2440 598 2498 ita
621 2448 653 2498 ut
674 2439 801 2517 aliquem
825 2437 1009 2499 extrinsecus
1031 2439 1169 2498 amictum
1193 2439 1313 2512 habeat,
1341 2460 1402 2517 quo

170 2544 367 2614 contegatur,
399 2545 450 2597 ant
480 2538 624 2615 quaedam
661 2540 770 2600 circum
798 2557 866 2601 eum
896 2539 974 2610 sint,
1008 2558 1083 2618 quae
1113 2541 1176 2600 eius
1204 2540 1401 2600 substantiam

172 2635 357 2712 compleant,
386 2633 460 2694 adeo
486 2645 521 2696 ut
542 2655 608 2696 cum
631 2637 721 2698 Deum
744 2640 869 2700 dicimus
891 2640 937 2700 rel
959 2639 1076 2700 Patrem
1100 2641 1308 2710 nominamus,
1343 2657 1404 2698 non

176 2733 242 2790 eius
264 2731 470 2804 substantiam,
493 2753 569 2810 quae
592 2753 646 2796 nec
664 2737 757 2798 videri
778 2757 834 2798 nec
854 2740 1066 2816 comprehendi
1086 2749 1196 2818 potest,
1220 2739 1272 2800 sed
1296 2738 1405 2814 aliquid

177 2847 295 2902 eorum,
317 2848 392 2908 quae
415 2831 524 2892 circum
547 2833 640 2911 ipsam
662 2847 750 2908 sunt,
772 2839 988 2916 significemus3
1016 2840 1169 2918 Synodum
1191 2857 1246 2915 per
1268 2857 1316 2898 me
1339 2837 1407 2898 licet

172 2931 332 3000 incusent,
357 2949 431 3010 quae
452 2932 505 2993 Dei
527 2933 635 2994 Filium
658 2953 693 2994 ex
716 2937 781 2996 eins
802 2936 967 2998 substantia
989 2957 1057 2998 esse
1081 2938 1246 3014 scripserit.
1291 2937 1404 2998 lntelli-

170 3041 244 3113 gant
271 3043 388 3107 nmen,
418 3053 452 3095 se
473 3034 513 3096 ita
536 3034 694 3096 sentiendo
718 3036 863 3114 duplicem
886 3038 1068 3113 impietatem
1091 3037 1286 3097 committere.
1332 3038 1404 3100 Nam

169 3133 317 3214 quendam
339 3135 434 3196 Deum
457 3155 637 3216 corporeum
659 3137 814 3208 inducunt,
838 3146 868 3198 et
889 3136 1047 3197 Dominum
1070 3155 1130 3196 non
1154 3138 1199 3198 sui
1223 3139 1328 3210 Patris,
1350 3142 1403 3201 sed

167 3254 280 3308 rerum,
303 3255 379 3316 quae
403 3236 514 3298 circum
536 3237 635 3316 ipsum
658 3248 740 3312 sunt,
763 3238 857 3300 lilium
882 3257 950 3299 esse
972 3239 1164 3300 mentiuntur.
1207 3239 1265 3300 Sed
1281 3240 1307 3300 si
1322 3240 1402 3303 Deus

169 3338 279 3418 aliquid
302 3339 428 3418 simplex
450 3349 514 3412 est,
539 3341 582 3401 uti
601 3359 705 3402 revera
728 3349 791 3414 est,
814 3340 908 3421 liquet
929 3339 1001 3401 nihil
1022 3359 1098 3414 nos,
1127 3341 1206 3420 quod
1229 3343 1315 3404 reluti
1339 3345 1399 3404 cir-

170 3455 236 3500 cum
259 3441 355 3520 ipsimi
380 3440 436 3513 sit,
459 3442 629 3514 nominare,
652 3462 718 3504 cutm
742 3441 834 3503 Deum
859 3442 986 3518 dicimus
1008 3451 1037 3503 et
1058 3443 1175 3503 Patrem
1199 3443 1399 3516 nominamus,

170 3539 223 3600 sed
251 3540 345 3618 ipsam
375 3542 441 3603 eins
468 3543 667 3604 substantiam
696 3545 873 3624 significare.
920 3543 1061 3616 Quamvis
1084 3547 1162 3606 enim
1186 3545 1400 3624 comprehendi

170 3659 229 3700 uon
251 3642 366 3720 possit,
387 3643 457 3723 quid
481 3645 598 3706 tandem
623 3645 663 3706 sit
683 3645 736 3706 [lei
759 3643 941 3716 substantia,
964 3655 1094 3708 attamen
1119 3648 1144 3706 si
1169 3647 1266 3707 solum
1289 3645 1397 3707 intelli-

170 3759 272 3820 gamus
294 3743 388 3804 Deum
409 3764 486 3818 esse,
509 3765 635 3824 cumque
658 3747 812 3826 Scriptura
835 3747 917 3807 illum
938 3746 1113 3808 huiusmodi
1135 3747 1257 3806 vocibus
1279 3746 1400 3818 iudicet,

170 3842 215 3902 sic
236 3860 293 3904 nos
316 3844 405 3906 etiam
427 3865 493 3908 com
514 3846 608 3907 Deum
630 3857 660 3908 et
680 3848 799 3908 Patrem
822 3843 852 3908 el
874 3847 1034 3906 Dominum
1056 3846 1199 3918 dicimus,
1228 3865 1289 3906 non
1311 3846 1399 3907 alium

168 3946 303 4020 prolecto
332 3945 460 4025 aliquem
488 3964 576 4025 quam
605 3947 701 4025 ipsum
725 3947 822 4008 solum
845 3946 982 4006 volumus
1004 3945 1172 4022 significari.
1216 3947 1289 4008 Cum
1311 3948 1400 4026 igitur

164 4043 253 4132 ‚dicitg
276 4045 339 4126 Epo
361 4067 428 4110 sum
450 4051 504 4127 qni
524 4065 607 4115 sum,
632 4054 674 4107 et:
697 4047 759 4126 ligo
784 4065 850 4106 sum
872 4044 1021 4106 Dominus
1045 4045 1142 4121 Heus,
1166 4065 1200 4107 ac
1221 4048 1398 4126 ubicumque
1408 4077 1486 4120 m,

168 4145 320 4225 Scriptura
349 4147 421 4210 dicit
441 4147 541 4222 Deum
573 4165 640 4210 cum
670 4165 727 4207 nos
755 4147 813 4208 ista
841 4145 982 4225 legitrms,
1011 4146 1083 4206 nihil
1106 4147 1184 4208 aliud
1206 4149 1398 4226 intelligimus

168 4245 337 4324 significari,
360 4267 448 4328 quam
469 4249 565 4328 ipsam
588 4249 654 4311 eius
675 4249 952 4328 incomprehensam
975 4248 1180 4324 substantiam,
1204 4256 1234 4308 et
1255 4251 1335 4328 quod
1349 4249 1399 4311 ille

166 4347 216 4420 sit,
239 4366 328 4428 quem
350 4369 419 4412 esse
441 4358 597 4412 testantur.
641 4350 736 4412 Nemo
758 4351 849 4430 igitur
872 4349 1075 4430 obstupescat,
1098 4368 1165 4410 cum
1188 4351 1270 4411 audit
1292 4349 1399 4410 Filium

201 4515 222 4549 a.
242 4501 283 4551 Sic
301 4501 357 4564 lleg.
382 4511 409 4552 nt
432 4511 456 4552 et
480 4505 567 4566 legitor
585 4504 651 4554 loon.
670 4503 695 4566 6,
714 4503 754 4554 tc.
843 4505 865 4552 b.
885 4503 925 4552 Sic
936 4503 993 4580 lleg.
1019 4501 1087 4580 ¹Editi
1107 4517 1162 4551 reru
1182 4509 1206 4550 et
1224 4501 1264 4550 alil
1281 4491 1393 4562 πατρρι·

164 4563 212 4618 stit
231 4575 255 4617 et
272 4569 329 4620 editi
348 4562 397 4618 τόν
414 4573 534 4622 omittunt
843 4587 864 4620 c.
883 4571 940 4632 lleg.
959 4583 1052 4616 actor.
