3226 5308
228 347 291 410 598
338 400 347 418 ,,
622 354 648 398 s.
663 353 819 397 ιτιωιωειι
832 353 1058 398 mmmmm

141 503 321 578 ποιεῖται.
358 503 377 568 6
403 500 464 586 γὰρ
492 497 684 586 βουλεύεταί
705 525 778 579 τις,
812 502 912 566 τοῦτο
941 499 1156 579 πάνταςκαὶ
1186 514 1319 590 φρονεῖ,
1354 506 1457 573 καλό

124 659 131 670 .
228 611 357 693 φρονεῖ,
389 603 489 669 τοῦτο
517 603 573 666 καί
594 599 796 684 βουλεύεται.
835 596 935 679 αὐτὸς
957 605 1053 686 Ιγοῦν
1076 599 1095 668 6
1118 603 1228 690 σωτήρ
1252 601 1297 684 ὥς
1319 601 1453 695 ἆόελφὰ

140 701 328 770 συσπαστὰ
348 705 388 789 τῇ
412 696 572 787 ἀναλογίᾳ
595 703 741 786 συνῆψεν
764 697 836 784 ἅμα
858 701 976 786 λέγων·
1000 699 1060 790 ἐμῆ
1083 703 1186 789 βουλή
1201 707 1257 772 καί
1273 701 1452 794 ἀσφάλεια,

224 801 284 888 ἐμῆ
308 803 479 890 φρόνησις,
503 801 563 890 ίμή
587 802 624 867 δὲ
647 799 775 884 ίσχῦς“).
814 796 860 879 ὦς
880 800 941 886 γὰρ
965 802 1056 885 ίσχός
1076 806 1131 870 ναὶ
1148 799 1318 893 ἀσφάλεια
1331 807 1453 874 ταυτόν

226 903 331 984 ἔστιν,
359 899 380 992 6
410 899 491 991 αῦτὴ
514 902 575 988 γὰρ
599 900 738 985 δύναμίς
760 901 868 982 ἐστιν,
898 899 986 969 οῦτω
1007 903 1128 971 ταυτόν
1150 903 1242 974 ἔστιν
1264 907 1372 975 εἰπεῖν
1392 906 1454 994 τήν

219 1004 389 1093 φρόνησιν
418 1003 475 1071 καὶ
500 1003 559 1090 τήν
580 1001 723 1090 λβουλῆν
752 997 855 1082 εἶναι,
885 1000 972 1089 ἅπερ
1000 1003 1090 1072 ἐστὶν
1117 1001 1138 1070 6
1167 1005 1287 1092 κόριος.
1325 1003 1394 1074 ἀλλ’
1418 1009 1453 1074 οἱ

227 1101 360 1193 ἀσεβεῖς
390 1099 429 1172 οῦ
455 1105 598 1172 θέλουσι
623 1103 683 1188 μὲν
711 1102 809 1188 λόγον
830 1102 886 1170 καὶ
906 1104 1027 1190 βουλήν
1050 1106 1157 1186 ζῶσαν
1180 1102 1269 1175 εἶναι
1288 1107 1347 1176 τόν
1367 1108 1451 1187 υἱόν,

227 1209 306 1294 περὶ
335 1208 371 1274 δὲ
400 1205 458 1274 τόν
479 1205 563 1273 θεὸν
585 1203 746 1292 φρόνησιν
767 1202 824 1270 καὶ
843 1205 965 1290 βουλήν
986 1207 1040 1272 καλ
1063 1213 1187 1294 σοφίαν
1211 1204 1256 1286 ὠς
1278 1209 1346 1288 ἕξιν
1368 1231 1453 1293 συμ-

166 1337 168 1340 ·
225 1315 407 1394 βαίνουσαν
439 1308 494 1373 καί
527 1300 843 1389 ἆποσυμβαίνουσαν
871 1302 1096 1392 ἀνθρωπίνως
1122 1312 1279 1395 γίνεσθαι
1299 1309 1451 1392 μυθολο-
1484 1342 1494 1350 -

225 1406 410 1494 γοῦσι,,καί
431 1405 543 1472 πάντα
564 1408 702 1484 κινοῦσι,
725 1403 780 1471 καὶ
800 1403 859 1490 τῆν
874 1400 1093 1473 Οὐαλεντίνου
1104 1407 1231 1474 όννοιαν
1242 1407 1298 1472 καί
1308 1410 1450 1494 θέλησιν

225 1506 489 1593 προβάλλονται,
520 1506 576 1572 ἵνα
602 1505 704 1589 μόνον
734 1505 938 1592 όιαστήσωσι
961 1505 1024 1572 ’τόν
1045 1505 1115 1573 υἱὸν
1130 1502 1208 1572 ’ἀπὸ
1228 1510 1286 1574 τοῦ
1308 1507 1447 1592 πατρός,

224 1611 280 1688 ναί
300 1607 346 1692 μή
369 1607 512 1674 εἴπωσιν
534 1606 622 1673 ’ίόιον
645 1600 745 1673 αῦτόν
765 1609 824 1672 τοῦ
841 1606 969 1694 πατρὸς
985 1601 1072 1674 εἶνἀι
1087 1606 1193 1692 λόγον,
1216 1602 1299 1673 ἀλλὰ
1314 1613 1443 1690 ντίσμα.

225 1709 346 1778 ίκεῒνοι
365 1709 426 1792 μὲν
448 1697 505 1772 οῦν
529 1701 747 1785 όκουέτωσαν,
771 1703 816 1786 ὡς
830 1713 945 1792 Σίμων
967 1703 986 1773 6
1008 1706 1112 1792 μάγος
1132 1705 1313 1794 ῆκουυεν’)·
1334 1702 1448 1792 66⁰6-

224 1817 301 1897 βεια
327 1803 545 1890 Οὐαλεντίνου
574 1806 633 1873 σὺν
654 1803 733 1890 ῦμίν
756 1807 805 1894 εἴη
830 1807 878 1886 είς
901 1802 1087 1888 ἇπιόλειυν,
1117 1808 1254 1886 ἕκαστος
1275 1808 1311 1874 όὲ
1332 1807 1452 1872 αΣολο-

224 1914 312 1996 μῶνι
331 1911 458 1995 μᾶλλον
481 1914 671 1988 πειθέσθω,
695 1911 822 1993 λέγοντι
843 1903 945 1975 αῦτὸν
966 1903 1054 1976 εἶναι
1075 1916 1200 1996 σοφίαν
1220 1907 1276 1975 καὶ
1293 1906 1454 1996 φρόνησιν
1529 1922 1534 1932 ’

224 2011 284 2082 τόν
310 2010 418 2098 λόγον.
462 2009 546 2098 φησὶ
573 2008 652 2095 γάρ·
686 2005 704 2074 6
731 2007 814 2087 θεὸς
841 2013 881 2097 τῇ
910 2016 1018 2097 σοφίᾳ
1044 2009 1270 2094 *ἐθεμελίωσε
1296 2007 1356 2097 τήν
1382 2012 1452 2095 γῆν,

223 2107 386 2200 ἡτοίμασε
418 2113 454 2179 66
487 2107 646 2194 οὐρανοὺς
668 2109 721 2177 οίν
750 2101 948 2198 φρονήσει’).
994 2105 1040 2188 ιῦς
1069 2108 1105 2176 66
1136 2099 1203 2178 ὧδε
1225 2109 1259 2176 ἐν
1282 2107 1452 2196 φρονήσει,

225 2209 332 2291 οῦτως
363 2211 398 2279 όν
425 2213 595 2300 ψαλμοῖςΐ
622 2214 669 2298 τῷ
700 2211 786 2297 λόγῳ
813 2217 926 2297 κυρίου
949 2210 982 2276 οἱ
1004 2207 1138 2296 οῦρανοί
1161 2208 1453 2297 ἐστερεώθησαν).

223 2305 287 2393 ’ὥς
309 2313 345 2380 όὲ
365 2315 413 2400 τῷ
435 2313 522 2399 λόγῳ
545 2313 578 2381 οἱ
600 2307 745 2398 οῦρανοί,
769 2307 876 2391 οῦτως
888 2311 1000 2380 πάντα
1015 2308 1079 2378 ὅσα
1093 2306 1257 2398 ἠθέλησεν
1273 2310 1452 2397 ἐποίησέ),
1575 2351 1582 2363 ·

223 2413 281 2484 καὶ
302 2410 348 2492 (ῦς
370 2409 388 2479 6
411 2407 602 2491 ἀπόστολος
623 2412 746 2501 γράφει
769 2414 1064 2481 Θεσσαλονικεῦσι·
1086 2411 1125 2477 τό
1139 2413 1274 2499 θέλημα
1290 2415 1351 2480 τοῦ
1367 2415 1454 2480 θεοῦ

224 2513 260 2582 ἐν
280 2516 421 2602 Χριστῷ
450 2508 553 2600 Ἰησοῦ
588 2513 716 2592 ἐστιν’).
757 2509 775 2579 6
805 2512 871 2600 ἄρα
896 2516 956 2580 τοῦ
984 2516 1069 2582 θεοῦ
1097 2512 1169 2592 υίὸς
1198 2507 1299 2592 αῦτός
1320 2508 1455 2580 ἒστινό

224 2613 322 2701 λόγος
342 2616 397 2682 καί
419 2611 439 2702 6
463 2620 585 2703 σοφία,
614 2608 714 2692 αῦτὸς
741 2610 761 2700 6
784 2615 946 2703 φρόνησις
966 2617 1021 2682 καί
1042 2611 1063 2703 6
1086 2615 1176 2696 ζῶσα
1195 2612 1312 2700 βουλή,
1335 2615 1395 2692 ,καί
1417 2612 1454 2680 ίν

224 2710 314 2803 αὐτῷ
343 2714 383 2783 τό
411 2717 546 2802 θέλημα
567 2717 625 2782 τοῦ
648 2713 778 2800 πατρός
800 2714 906 2797 ἐστιν,
937 2712 1038 2794 αὐτὸς
1060 2710 1204 2801 ἀλήθεια
1219 2717 1279 2781 w!
1302 2717 1376 2802 φῶς
1396 2713 1455 2780 καὶ

225 2815 363 2903 όόναμις
388 2819 449 2882 τοῦ
477 2815 605 2902 πατρός
633 2813 733 2883 ἐστιν.
779 2815 808 2884 εἰ
838 2817 875 2884 δὲ
895 2813 916 2904 6
937 2815 1096 2902 βούλησις
1116 2819 1175 2881 τοῦ
1196 2817 1282 2884 θεοῦ
1303 2810 1324 2902 6
1347 2819 1455 2902 σοφία

224 2917 297 2987 ἔστί
316 2920 371 2986 καὶ
393 2912 414 3005 6
437 2915 607 3006 φρόνησις,
631 2911 650 2983 ό
673 2917 710 2983 όὲ
731 2915 804 2996 υίός
826 2916 915 2984 ίστιν
936 2911 957 3004 6
979 2924 1095 3003 σοφία,
1117 2912 1158 2982 ⁸6
1175 2913 1242 3001 ἄρα
1256 2917 1358 3002 λόγων
1372 2924 1455 3002 βου-

223 3018 320 3108 λήσει
339 3017 398 3088 τὸν
418 3018 491 3085 υίόν
514 3013 588 3086 ἶσον
610 3019 697 3104 λέγει
717 3018 776 3108 τήν
799 3014 922 3109 σοφίαν
944 3017 978 3084 ἐν
1001 3023 1108 3106 σοφίᾳ
1127 3021 1296 3104 γεγονέναι
1315 3015 1454 3092 καὶτὸν
1521 3063 1525 3068 -

223 3121 297 3188 υίὸν
327 3120 362 3187 ἐν
388 3120 451 3204 υἱῷ
477 3123 695 3208 πεποιῆσθαι
721 3119 778 3189 καί
807 3119 864 3187 διὰ
883 3121 943 3186 τοῦ
966 3118 1065 3205 λόγου
1086 3117 1145 3184 τὸν
1167 3116 1264 3202 λόγον
1286 3117 1452 3186 ἐκτίσθαι.

222 3220 322 3282 τοῦτο
354 3219 391 3284 66
420 3222 476 3284 καί
508 3223 557 3306 τῷ
588 3224 661 3306 θεῷ
693 3220 834 3304 μοῖχεται
861 3221 916 3286 καὶ
943 3229 1019 3298 ταίς
1037 3213 1143 3305 ‘brae'
1174 3211 1276 3284 αὐτοῦ
1304 3227 1453 3306 γραφαῖς

108 3361 112 3372 ·
223 3314 448 3415 ἐναντιοῦται·
470 3318 609 3403 καὶγὰρ
630 3319 687 3386 καὶ
709 3317 727 3385 6
750 3319 941 3396 ἀπόστολος
961 3313 1001 3385 οῦ
1022 3316 1221 3404 βουλήσεως,
1244 3313 1328 3386 ἀλλὰ
1349 3313 1454 3404 αὐτῆς

221 3415 296 3500 ίτῆς
323 3417 488 3500 πατρικῆς
517 3411 634 3494 οῦσίας
661 3417 750 3482 ἰ’όιον
779 3413 983 3499 ἀπαύγασμα
1009 3417 1064 3481 καί
1091 3422 1279 3506 χαρακτῆρα
1299 3419 1356 3486 τόν
1376 3416 1453 3485 υἱόν

222 3512 388 3603 κηρῦνιει,
420 3514 541 3597 λέγων·
571 3511 608 3591 ὃς
635 3509 681 3581 ὢν
709 3510 913 3599 ἆπαίγασμα
933 3517 993 3600 τῆς
1014 3513 1112 3604 δόξης
1132 3518 1190 3585 καὶ
1208 3519 1372 3610 χαρακτήρ
1392 3521 1454 3605 τῆς

222 3609 442 3691 ῦποστόσεως
462 3604 604 3690 αὐτοῦ’).
642 3612 672 3680 εί
694 3612 740 3692 δέ,
762 3609 830 3692 ῑιῦς
851 3613 1103 3702 προειρήκαμεν,
1128 3617 1162 3685 ἐκ
1183 3620 1373 3709 βουλήσεως
1392 3615 1455 3688 οῦν

223 3715 315 3786 ἔστιν
335 3711 356 3802 6
378 3711 522 3800 πατρική
546 3705 644 3780 οῦσία
665 3711 721 3780 καί
741 3708 945 3797 ὑπόστασις,
974 3715 1112 3806 εῦόηλον
1136 3715 1181 3800 ὥς
1203 3719 1280 3790 οῦτε
1300 3719 1340 3788 τὸ
1362 3723 1452 3790 ἴδιον

293 3888 318 3950 1)
335 3887 403 3938 Ριοι.
422 3887 448 3950 8,
468 3887 507 3938 11.
559 3886 585 3950 2)
603 3887 682 3938 λιιοε.
701 3887 727 3946 8,
745 3885 787 3938 21).
839 3887 986 3949 3)1ἰυι.3,
1007 3891 1047 3942 19.
1098 3889 1453 3960 4)1‘221.33[³2.1.xx.],6.

224 3955 252 4020 ό)
266 3954 330 4006 ΡιεΙ.
351 3955 399 4007 135
417 3951 488 4022 [1³4.
507 3951 595 4022 ml,
613 3955 637 4006 θ.
706 3955 732 4014 6)
753 3957 774 4006 1.
793 3956 904 4007 Thessal.
922 3957 947 4017 ό,
968 3957 1008 4010 18.
1076 3959 1103 4019 7)
1121 3961 1193 4009 Hebr.
1215 3960 1238 4020 1,
1256 3961 1281 4011 3.
1420 3984 1425 3990 ·

256 4087 278 4121 ι.
306 4073 363 4134 λος.
375 4073 397 4122 1“.
415 4073 514 4136 διςαοε.
534 4073 603 4124 Gom.
622 4079 646 4122 ει
662 4073 769 4124 Felekm.
787 4074 810 4126 1.
896 4074 920 4124 d.
940 4075 1078 4126 numerian.
1097 4083 1120 4125 ει
1137 4075 1242 4128 θεΙι-Ιιω.
1262 4077 1286 4129 1.
1308 4073 1343 4143 ηῖ
1361 4071 1454 4142 σοφίη

220 4125 291 4204 γοῦν
315 4147 338 4189 ει
362 4153 417 4190 mox
441 4139 528 4187 ταῦτα
546 4153 579 4218 ηρ
598 4130 732 4202 ἀναλογίᾳ
749 4151 811 4188 σνν-
863 4131 1038 4208 ρίιιιόόμησεν
1056 4135 1140 4206 ήγονν
1157 4135 1319 4211 ίθεμιλίωσε
1331 4138 1452 4208 τῆνγήν.

221 4203 302 4268 ἧψεν.
337 4205 383 4256 Alii
409 4212 434 4256 ει
457 4202 513 4256 odini
531 4219 581 4254 ουν
605 4214 628 4255 ει
647 4205 733 4253 ταῦτα
751 4219 812 4255 συν·
897 4224 918 4258 ε.
938 4209 978 4258 Sic
996 4211 1052 4270 Reg.
1073 4209 1094 4258 1.
1119 4209 1452 4274 8οςυεε.λος11ωο.ε1ηαε

223 4271 303 4335 ῆψεν.
862 4276 894 4324 ita
913 4276 969 4336 Ιεςίι
987 4275 1102 4324 Ninnius.
1137 4278 1234 4328 Gobler.
1259 4288 1283 4327 ει
1301 4279 1407 4330 ῦεΙιΙιιο.
1427 4278 1452 4326 1.

255 4339 280 4388 b.
298 4339 355 4401 11ις.
369 4337 393 4388 1.
410 4345 434 4388 ιι
451 4339 550 4401 Seguer.
567 4339 607 4387 hic
624 4346 648 4386 et
665 4338 738 4400 paulo
755 4347 812 4403 post
862 4334 1005 4406 φρονήσει.
1023 4335 1170 4402 midam
1190 4343 1229 4406 τῷ
1246 4337 1328 4408 λόγῳ.
1344 4346 1409 4395 11111
1425 4353 1453 4394 ει

220 4400 329 4469 βουλήν.
364 4405 444 4456 Ceteri
461 4413 486 4454 ει
502 4405 558 4455 editi
575 4396 712 4467 βούλησιν.
861 4409 933 4457 editio
951 4408 1047 4458 (ἶσωω.
1063 4399 1204 4470 φρονήσει.
1229 4401 1317 4461 οῦνως
1332 4405 1364 4459 ἐν
1380 4407 1454 4474 ψαλ-

257 4489 279 4523 α.
298 4474 338 4522 Sic
358 4471 566 4534 neg.1.seguer.
585 4472 656 4520 ΒιείΙ.
676 4471 773 4522 Gobler.
786 4483 811 4524 ει
855 4471 933 4540 μοῖς,
952 4471 992 4536 τῷ
1010 4465 1092 4536 λόγῳ.

222 4539 358 4592 ῈεΙεΙιιοΑ.
376 4539 451 4590 mlii
459 4547 482 4589 ει
489 4539 544 4589 edit.
553 4539 645 4588 comm.
654 4533 809 4604 Σαλομιῦνι,
894 4541 911 4588 1.
930 4539 971 4589 Sic
981 4541 1036 4602 fleg.
1048 4539 1070 4588 1.
1088 4539 1186 4598 Seguer.
1198 4539 1297 4590 Gobler.
1308 4541 1454 4595 enfelekm.
