3226 5280
422 1239 611 1316 sancit
642 1237 832 1313 PATRIS
866 1237 1096 1314 nostrl
1147 1247 1154 1262 '

532 1399 983 1516 ATHANASII

436 1559 765 1614 ancutbstsuost
790 1557 1085 1644 ALEllANDRlNl

209 1686 274 1752 qnod
292 1684 424 1748 bionpaius
447 1683 621 1734 Alexandrinus
639 1683 776 1749 Episcopus
794 1683 918 1734 adrermm
936 1682 1047 1734 brionam
1065 1681 1185 1732 baeresim
1203 1683 1314 1744 amerit,

211 1779 239 1822 at
262 1779 286 1823 et
308 1771 416 1822 Nicaeae
433 1767 562 1833 Synodns,
584 1775 608 1818 et
630 1769 696 1834 qnod
717 1767 779 1818 lalso
797 1767 864 1818 illum
882 1769 963 1818 arbai
986 1775 1011 1819 nt
1029 1766 1140 1818 doctrina
1154 1781 1237 1818 ιεειιιι
1255 1781 1312 1818 oon·

601 1854 744 1903 sentientem
761 1853 924 1903 criminantur.

241 2163 269 2222 1.
314 2158 390 2220 Sero
425 2155 595 2237 significasti
629 2170 690 2218 non
721 2155 762 2218 ita
784 2153 900 2236 pridem
929 2155 1007 2236 apud
1035 2174 1089 2218 ros
1116 2154 1243 2219 babilam
1271 2163 1459 2220 ooubam·

155 2261 269 2325 Christi
298 2262 403 2324 boates
436 2259 682 2341 disputationem
715 2256 826 2321 etenim
859 2263 1015 2339 antequam
1049 2266 1098 2320 tua
1125 2257 1155 2319 id
1176 2257 1249 2321 mibi
1269 2260 1375 2322 auritas

153 2364 309 2439 scriberet,
327 2363 483 2444 diligenter
497 2362 664 2426 sciscitatus
675 2361 749 2423 baec
765 2360 927 2424 didiceram
938 2360 1092 2442 libensque
1104 2359 1259 2423 admodum
1272 2361 1375 2426 ando-

151 2485 225 2531 ram.
264 2465 359 2529 Tuam
383 2466 481 2545 itaque
501 2465 643 2544 pietatem
665 2480 855 2544 summopere
869 2461 1002 2542 probari,
1023 2481 1098 2544 quae
1120 2463 1160 2524 ita
1174 2471 1253 2527 reete
1267 2465 1378 2527 sentiat

155 2569 312 2632 debeatis
334 2567 474 2628 Patribus
495 2563 627 2638 nostris,
660 2563 894 2644 dementiamque
915 2565 1092 2626 brianonum
1114 2565 1200 2626 etiam
1222 2585 1303 2628 nuno
1323 2583 1377 2626 er·

154 2671 305 2750 ploratam
325 2667 429 2726 habui.
474 2665 546 2726 Cum
579 2665 660 2726 enim
686 2665 795 2728 nullum
817 2685 921 2729 eorum
944 2666 1060 2729 haeresi
1089 2674 1228 2746 suppetat
1248 2683 1380 2728 eonsen-

158 2775 280 2828 taneum
303 2771 523 2844 argumentum,
555 2763 636 2825 nulla
657 2763 783 2845 legitima
811 2787 846 2829 ex
869 2769 1029 2846 Scripturis
1051 2767 1144 2830 saona
1166 2775 1285 2848 accepta
1306 2782 1381 2846 pro·
1410 2764 1416 2775 “

163 2865 246 2928 balio
256 2911 265 2938 ,
277 2863 496 2943 impudentibus
507 2863 547 2926 illi
560 2857 790 2928 cavillatidnibus
802 2867 1090 2948 sophismatibusque
1111 2867 1224 2930 callidis
1238 2868 1382 2928 baotanus

158 2985 283 3047 semper
305 2974 375 3028 sunt
397 2965 464 3041 usi;
485 2983 564 3028 nuno
585 2983 656 3027 vero
678 2985 714 3028 eo
738 2967 879 3028 audaciae
889 2977 1113 3046 processerunt,
1134 2976 1169 3029 ut
1182 2969 1270 3030 etiam
1282 2967 1382 3032 Patren

158 3067 388 3142 calumnientur,
415 3067 494 3147 quod
515 3068 551 3129 ab
574 3085 678 3130 eorum
702 3067 879 3147 malignitate
900 3067 1021 3130 minime
1044 3069 1181 3142 alienum,
1204 3068 1275 3150 quin
1298 3069 1383 3133 etiam

157 3171 215 3252 ipsi
238 3171 363 3232 omniuo
386 3169 541 3250 proprium
564 3177 621 3232 est.
653 3169 711 3243 Qui
734 3169 813 3232 onim
836 3170 983 3231 ndomita
1006 3168 1166 3230 Dominam
1186 3181 1216 3234 et
1236 3169 1382 3235 aduersus

159 3273 313 3336 Gbra'atum
335 3276 400 3336 aius
421 3273 567 3335 meditari
585 3271 650 3334 ausi
680 3279 767 3344 sunt,
805 3269 876 3350 quid
904 3271 1011 3331 mirum
1040 3269 1066 3330 si
1094 3269 1194 3334 beatae
1220 3273 1378 3336 memoriae

156 3369 252 3436 viriam
273 3373 445 3453 Dionysium
467 3372 647 3454 Episcopum
669 3373 899 3436 alexandrinum
922 3379 953 3434 ut
975 3371 1105 3434 donnae
1126 3391 1224 3436 seourn
1246 3392 1461 3444 consen-sau.

160 3474 279 3537 benum
301 3474 517 3538 criminentur?
561 3475 657 3550 Quem
679 3476 758 3538 enim
779 3476 837 3556 ipsi
859 3476 895 3537 ad
918 3475 1201 3539 commendationem
1217 3495 1289 3540 suae
1303 3457 1376 3540 ba'e-

159 3595 262 3639 meaos
284 3577 419 3640 laudibus
436 3596 543 3640 ornare
558 3577 706 3653 ridentur,
726 3597 899 3660 quamquam
915 3577 996 3640 illum
1010 3577 1129 3640 boatum
1144 3577 1301 3659 appellant,
1316 3596 1378 3641 non

160 3677 215 3739 leri
238 3685 346 3752 umen,
369 3679 424 3740 sed
446 3688 477 3741 et
499 3679 632 3742 omnium
655 3680 829 3760 gravissima
851 3680 995 3742 calumnia
1015 3679 1167 3754 vellicant,
1188 3679 1267 3741 baud
1291 3698 1377 3744 secus

159 3797 248 3858 qnam
266 3781 435 3861 praedones
457 3793 487 3844 et
507 3783 630 3844 infames
642 3774 771 3863 'quidam
791 3781 941 3856 homiues,
964 3783 1015 3861 qui
1029 3797 1096 3844 oum
1120 3781 1159 3840 ob
1174 3799 1227 3842 sua
1249 3779 1377 3844 facinora

159 3880 236 3941 male
256 3881 397 3974 audiunt,
431 3881 507 3961 lrugi
527 3883 665 3946 homiues
688 3885 788 3947 socios
811 3883 870 3946 sibi
894 3883 1053 3956 simulent,
1086 3881 1157 3942 dum
1184 3881 1253 3944 lalsa
1275 3901 1378 3946 eorum

160 3979 300 4060 probitati
323 3981 505 4044 adscribunt.

195 4179 216 4216 a
240 4166 281 4216 Sia
298 4167 465 4230 laurinensis,
484 4169 648 4230 Colbertinns,
666 4168 747 4220 larnit.
801 4161 815 4216 ὅ
836 4157 1045 4234 antealtaria
1067 4161 1184 4236 ἔχουσαν
1200 4163 1305 4220 ἑαυτῶν
1329 4165 1379 4232 τὴν

160 4241 186 4284 et
202 4233 355 4286 l'elclrmanni
383 4239 423 4302 qni
443 4246 540 4289 notatur
567 4239 604 4289 Fr.
623 4239 642 4288 l.
666 4246 690 4289 et
715 4239 747 4290 ita
801 4179 906 4304 obesam
921 4229 1077 4304 προφάσεις
1093 4229 1241 4290 ἐπινοοῦσι.

163 4301 220 4364 legit
237 4299 352 4352 Nunnius.
388 4306 435 4355 Sed
455 4307 541 4369 Regina
560 4315 584 4356 et
601 4306 674 4358 llasil.
692 4321 745 4358 cnm
832 4307 854 4356 d.
874 4303 921 4363 τῆς
934 4297 1130 4374 Ἀλεξανδρείας
1152 4307 1249 4358 Tauria.
1273 4305 1379 4358 Colbert.

163 4369 275 4420 omnibns
293 4370 427 4433 editioris
445 4368 609 4440 διαιρέσεως.
638 4375 746 4426 Praestat
797 4372 948 4425 leonillam
960 4377 1015 4437 fleg.
1034 4375 1131 4426 Tauria.
1149 4375 1254 4426 Colbert.
1273 4383 1297 4425 et
1314 4375 1378 4426 l'nl.

163 4439 230 4500 prior
249 4437 334 4502 leoti03
354 4443 417 4505 quod
427 4443 541 4493 suadetur
550 4445 620 4494 etiam
633 4458 659 4493 er
670 4444 744 4494 simili
798 4435 933 4510 ὁμόδοξον
950 4437 1062 4491 imur.
1100 4443 1147 4492 Sed
1166 4441 1237 4493 ilarii.
1256 4458 1308 4494 cnm
1326 4443 1378 4494 edi·

161 4507 288 4565 sententia,
301 4522 362 4571 qnae
374 4511 397 4560 in
408 4513 534 4575 superiore
544 4513 646 4576 epistola
658 4506 693 4576 [p.
705 4509 743 4564 18.
794 4512 825 4562 tis
843 4512 955 4561 omnibus
973 4503 1109 4577 ὁμόδοξον
1126 4501 1224 4557 αὐτῶν.

139 4619 144 4642 Ι
163 4572 233 4622 laniae
251 4573 302 4637 aa]
328 4575 415 4640 legitur
438 4593 503 4628 unm.
522 4578 561 4630 2.:
586 4569 665 4628 οὐδὲν
687 4573 742 4646 γὰρ
829 4595 850 4629 ο.
869 4579 909 4628 Sic
928 4579 982 4640 lleg.
1002 4579 1099 4628 taurin.
1118 4577 1225 4628 colbert.
1243 4585 1265 4628 et
1282 4575 1327 4628 lea.
1351 4577 1381 4627 dt

797 4647 852 4698 editi
871 4643 1088 4724 συναριθμῶσιρι.
