3176 5304
226 415 266 477 30
628 425 655 467 s.
670 423 824 468 κτεεκιειι
838 421 1061 466 nemmem

139 575 267 647 καττὰ
294 573 379 658 μετὰ
406 572 464 638 τὸν
494 570 564 637 υίδν
588 565 826 658 αὐτουργῆσαι,
852 571 906 634 καί
928 571 1027 634 τοῦτο
1049 570 1109 652 μέν
1132 563 1256 652 ἀσεβές.
1303 561 1362 634 οάκ
1383 569 1461 636 έστι
1576 593 1577 632 ι

224 675 286 762 γάρ
307 672 413 761 τάφος
435 671 469 739 έν
492 673 538 757 τῷ
561 674 642 757 θεῷ,
667 667 705 750 ὅς
725 695 762 756 γε
782 669 866 755 μετά
887 672 945 736 τοῦ
958 665 1071 754 Ἰακὼβ
1086 669 1133 746 είς
1148 669 1325 754 Αἴγυπτον
1341 675 1460 756 κατέρ-
1574 695 1577 732 ι

136 837 141 845 .
223 801 332 859 χεται,
361 772 418 840 καὶ
447 771 503 839 διὰ
530 773 590 855 μέν
619 771 677 837 τὸν
695 767 848 858 Ἀβραάμ
871 771 1071 856 διορθοῦται
1091 769 1148 836 τὸν
1167 766 1340 856 Ἀβιμέλεχ
1358 769 1457 857 χάριν
1575 801 1577 838 ;

225 881 284 965 τῆς
298 875 438 962 Σάῤῥας,
463 875 510 960 τῷ
534 874 570 940 δὲ
585 875 719 960 Μωόσῇ
743 869 916 958 ἀνθρώπῳ
938 868 1013 938 όντι
1033 871 1141 955 στόμα
1161 871 1245 938 κατὰ
1266 871 1374 956 στόμα
1396 875 1457 940 λα-
1576 914 1578 940 ι

226 980 286 1058 λεί,
310 979 362 1043 καί
387 976 434 1054 εἰς
455 977 515 1059 μὲν
537 973 576 1040 τὸ
598 977 682 1040 Σινά
705 971 782 1058 ὅρος
802 978 1000 1058 κατέρχεται,
1025 975 1071 1059 τῷ
1095 973 1130 1039 δὲ
1153 974 1222 1058 λαῷ
1238 975 1458 1058 συνεπολέμει

227 1084 374 1166 κρυφαίῳ
398 1077 510 1162 χάριτι
537 1075 595 1141 τὸν
622 1069 776 1161 Ἀμαλήκ.
823 1073 993 1158 ψεύδεσθε
1021 1075 1056 1140 δὲ
1085 1069 1175 1157 ὅμως
1203 1076 1256 1140 καί
1282 1077 1380 1141 τοῦτο
1403 1077 1458 1141 λέ·
1551 1077 1578 1124 ἰ

226 1199 353 1266 γοντες·
378 1175 477 1256 αὐτὸς
498 1175 559 1262 γάρ
582 1176 737 1264 ἐποίησεν
759 1171 854 1261 ἡμᾶς,
878 1178 932 1242 καὶ
955 1170 1012 1257 οὐχ
1033 1171 1127 1261 ἡμεῖς
1135 1179 1172 1255 ¹)·
1195 1170 1294 1254 αότός
1315 1181 1351 1242 τέ
1366 1176 1456 1244 έστιν

228 1276 247 1346 δ
271 1279 327 1346 διὰ
348 1282 407 1344 τοῦ
430 1277 529 1363 λόγου
552 1272 652 1344 αὐτοῦ
674 1275 716 1343 τὰ
738 1275 849 1342 πάντα
870 1275 912 1342 τά
932 1301 969 1343 τε
989 1275 1091 1362 μικρά
1110 1275 1167 1344 καὶ
1180 1276 1223 1343 τά
1236 1276 1362 1362 μεγάλα
1377 1301 1457 1345 ποι·
1534 1299 1540 1306 ·

227 1381 325 1467 ήσας·
347 1381 401 1446 καί
425 1375 483 1445 οόι
506 1378 578 1446 έστι
601 1379 722 1445 διελεῖν
744 1377 803 1465 τὴν
824 1384 939 1456 κτίσιν,
964 1373 1051 1445 ὥστε
1073 1377 1183 1444 εἰπεῖν
1202 1381 1301 1444 τοῦτο
1322 1381 1382 1463 μέν
1396 1382 1456 1446 τοῦ

227 1479 486 1568 πατρός,’τοῦτο
509 1481 545 1547 δὲ
568 1483 626 1546 τοῦ
649 1480 737 1546 υἱοῦ·
770 1474 838 1544 ἀλλ’
864 1476 936 1556 ἑνός
958 1477 1030 1545 ἔστι
1050 1482 1134 1546 θεοῦ
1158 1475 1204 1558 ὥς
1222 1479 1310 1567 χειρὶ
1328 1485 1457 1566 χρωμέ»

228 1607 285 1650 νου
312 1586 359 1669 τῷ
391 1581 465 1666 ίδίῳ
495 1580 597 1666 λόγῳ,
626 1582 679 1647 καί
709 1579 743 1646 έν
766 1573 854 1664 αὐτῷ
877 1582 1055 1658 ποιοῦντος
1075 1577 1118 1646 τά
1139 1580 1266 1661 πάντα,
1289 1584 1344 1648 καί
1366 1575 1453 1648 τοῦτ’

229 1678 328 1761 αῦτός
341 1683 402 1766 μέν
418 1677 436 1747 δ
452 1681 533 1759 θεὸς
548 1679 675 1758 δεικνὺς
687 1680 808 1765 ἔλεγεν·
831 1676 850 1768 ἦ
864 1687 934 1766 χείρ
945 1703 1010 1764 μου
1027 1681 1164 1768 έποίησε
1179 1686 1283 1748 ταῦτα
1298 1681 1455 1762 πάντα’)·

229 1779 247 1849 ό
270 1784 306 1850 δὲ
328 1785 465 1860 Παῦλος
492 1785 592 1848 τοῦτο
619 1781 742 1866 μαθιόν
765 1781 952 1849 ἐδίδασκεν·
982 1777 1030 1861 εἷς
1051 1784 1133 1861 θεὸς
1155 1783 1191 1863 έξ
1211 1773 1249 1850 οὗ
1270 1784 1313 1850 τδι
1334 1783 1455 1864 πάντα,

228 1887 282 1952 καί
313 1879 359 1962 είς
387 1883 497 1969 κύριος
522 1880 644 1970 Ἰησοῦς
666 1882 829 1969 Χριστός,
860 1877 908 1948 δι’
934 1871 973 1947 οὗ
1000 1883 1042 1949 τά
1064 1883 1213 1964 πάνταί).
1259 1880 1358 1964 αὐτὸς
1378 1888 1457 1970 γοῦν

230 1981 280 2052 ἀεὶ
308 1988 362 2052 καί
392 1988 447 2052 νῦν
476 1985 562 2070 λέγει
589 1987 635 2070 τῷ
658 1986 718 2067 μέν
740 1980 832 2070 ἡλίῳ,
856 1987 911 2049 καί
933 1979 1117 2064 ἀνατέλλει,
1149 1995 1224 2063 ταῖς
1246 1986 1282 2052 δὲ
1305 1987 1459 2074 νεφέλαις

230 2086 428 2166 ἐντέλλεται,
459 2085 515 2152 καὶ
535 2091 645 2172 βρέχει
667 2085 723 2151 ἐπί
745 2092 825 2168 μίαν
847 2085 975 2170 μερίδα,
1000 2081 1050 2173 ἐφ’
1075 2083 1114 2171 ἣν
1137 2086 1173 2152 δέ
1195 2081 1232 2152 οό
1254 2093 1377 2173 βρέχει,
1401 2089 1459 2174 ξη-

229 2194 385 2273 ραίνεται.
431 2189 485 2252 καί
507 2185 566 2273 τὴν
588 2187 648 2269 μέν
670 2189 729 2274 γῆν
751 2185 874 2252 κελεύει
895 2185 973 2264 τοὺς
994 2187 1142 2273 καρποὺς
1165 2183 1374 2269 ἀποδιδόναι,
1398 2189 1457 2256 τόν

230 2290 266 2354 δέ
285 2283 439 2374 Ἰερεμίαν
468 2287 502 2354 έν
531 2289 570 2374 τῇ
593 2288 703 2374 κοιλίᾳ
725 2286 873 2353 πλάττει.
920 2287 949 2354 εί
971 2287 1007 2354 δέ
1029 2292 1133 2354 ταῦτα
1155 2291 1211 2354 νῦν
1233 2287 1331 2369 αὐτὸς
1353 2300 1457 2370 ποιεί,

230 2384 296 2455 οάκ-
311 2389 400 2456 ἔστιν
424 2384 622 2476 ἀμφίβολον,
647 2384 701 2454 ότι
721 2390 775 2454 καί
798 2387 882 2454 κατὰ
903 2387 960 2474 τὴν
984 2383 1082 2476 ἀρχὴν
1106 2385 1163 2456 οόκ
1185 2385 1374 2477 ἀπηξίωσεν
1397 2386 1457 2458 αὗ-

177 2503 182 2511 ’
229 2489 286 2568 τὸς
301 2490 343 2557 τά
357 2489 469 2557 πάντα
485 2489 542 2556 διά
555 2493 614 2556 τοῦ
631 2488 729 2575 λόγου
741 2492 899 2577 ποιῆσαι·
921 2495 1003 2574 μέρη
1013 2488 1075 2575 γάρ
1087 2495 1153 2558 τῶν
1166 2487 1251 2558 όλιον
1263 2492 1332 2560 έστὶ
1343 2496 1456 2560 ταῦτα.

316 2597 344 2660 8.
390 2591 432 2658 Εἷ
460 2592 496 2658 δέ
525 2587 579 2656 ὅτι
606 2589 650 2678 μὴ
683 2589 819 2657 έδόνατο
848 2588 889 2655 τά
918 2589 1024 2656 λοιπὰ
1050 2598 1214 2675 κτίσματα
1236 2597 1293 2680 τῆς
1315 2588 1457 2679 ἀκράτου

228 2691 339 2778 χειρὸς
370 2696 428 2758 τοῦ
458 2687 653 2778 ·άγευνήτου
676 2691 734 2777 τὴν
756 2691 911 2777 ἐργασίαν
932 2690 1111 2776 βαστάξαι,
1134 2693 1236 2778 μόνος
1259 2690 1276 2758 ό
1300 2693 1369 2773 υίὸς
1390 2691 1458 2762 όπό

231 2794 335 2878 μόνον
356 2797 415 2861 τοῦ
438 2797 522 2861 θεοῦ
544 2800 670 2879 γέγονε,
694 2791 737 2858 τὰ
759 2787 791 2857 δ’
817 2789 901 2858 ἀλλα
924 2789 969 2872 ιδς
991 2788 1038 2860 δι’
1063 2790 1230 2881 όπουργοῦ
1252 2799 1306 2861 καὶ
1327 2799 1458 2882 βοηθοῦ

231 2899 290 2962 τοῦ
314 2897 385 2963 υίοῦ
407 2901 534 2982 γε’γονε·
556 2897 610 2962 καί
632 2897 731 2960 τοῦτο
753 2893 814 2979 γάρ
835 2888 1006 2980 Ἀστέριος
1028 2890 1046 2960 ό
1068 2895 1178 2974 θόσας
1200 2896 1342 2982 ἔγραψεν
1349 2948 1358 2977 ,
1383 2891 1401 2962 ό
1424 2897 1460 2964 δέ

155 3031 169 3068 ².
202 2994 361 3082 ε”Αρειος
387 2997 605 3083 μεταγράψας
632 2997 775 3063 1’δέδωκε
796 3006 869 3074 τοίς
893 2993 1006 3074 ἰδίοις·
1036 2997 1092 3063 καί
1114 2997 1234 3064 λοιπὸν
1258 2995 1302 3077 ιῦς
1323 2997 1459 3084 καλάμῳ

232 3105 468 3186 τεθραυσμένῳ
489 3102 632 3186 χρῶνται
654 3101 701 3184 τῷ
724 3099 872 3184 ῥηματίῳ
894 3097 1015 3183 τούτῳ,
1040 3093 1232 3182 ἀγνοοῦντες
1253 3098 1291 3163 τὸ
1314 3099 1348 3172 έν
1370 3093 1460 3184 αῦτη)

233 3201 363 3284 σαθρὸν
387 3197 432 3278 ὡς
454 3203 677 3288 παράφρονες.
717 3198 746 3266 εί
768 3197 829 3285 γάρ
852 3195 1013 3265 ἀδόνατον
1034 3187 1073 3284 ἦν
1095 3197 1137 3264 τδι
1157 3199 1275 3283 γενητὰ
1295 3199 1461 3282 βαστάξαι

233 3298 291 3383 τὴν
316 3303 410 3384 χεῖρα
438 3304 496 3366 τοῦ
519 3305 619 3368 θεοῦ·
650 3301 721 3366 ἔστι
744 3294 878 3366 δὲκαθ’
903 3296 987 3384 ὑμᾶς
1011 3293 1029 3364 ό
1051 3297 1122 3376 υίὸς
1144 3293 1191 3376 εἷς
1212 3301 1278 3364 τῶν
1298 3301 1459 3385 γενητῶν*

233 3401 308 3476 πῶς
336 3395 436 3476 αὐτὸς
464 3396 612 3486 ἠδυνήθη
642 3407 802 3485 γενέσθαι
823 3401 917 3487 παρὰ
937 3401 1040 3485 μόνου
1062 3405 1120 3467 τοῦ
1143 3401 1244 3482 θεοῦ,·
1277 3403 1329 3466 καλ
1353 3399 1382 3467 εἰ
1403 3401 1461 3468 ἵνα

233 3499 275 3566 τά
307 3498 426 3586 γενητὰ
452 3505 599 3586 γένηται,
633 3507 770 3584 μεσίτου
791 3508 904 3588 γέγονε
922 3509 1032 3589 χρεία,
1067 3503 1198 3590 γενητὸς
1220 3498 1351 3568 δὲκαθ’
1376 3496 1462 3587 ῦμάς

235 3600 324 3668 ἔστιν
354 3595 372 3664 δ
395 3598 481 3678 υἱός·
511 3601 579 3668 ἔδει
604 3605 658 3668 καὶ
681 3601 749 3687 πρὸ
772 3598 872 3668 αι’·τοῦ
894 3611 996 3688 μέσον
1018 3604 1094 3671 τινὰ
1116 3602 1215 3683 εἶναι,
1244 3603 1299 3670 ἵνα
1321 3605 1461 3689 κτισθῇ·

234 3706 292 3768 τοῦ
315 3703 351 3768 δέ
372 3708 508 3786 μεσίτου
531 3701 634 3769 πάλιν
656 3706 709 3769 καί
725 3699 825 3769 αὐτοῦ
840 3712 1018 3789 κτίσματος
1033 3706 1256 3791 τυγχάνοντος,
1274 3703 1393 3790 ἀραρεν
1409 3699 1463 3769 ότι

233 3799 382 3892 κάκεῖνος
405 3803 514 3871 έδέετο
535 3809 671 3888 μεσίτου
694 3803 806 3888 έτίρου
829 3805 914 3890 πρὸς
936 3805 994 3892 τὴν
1018 3806 1105 3873 ίδίαυ
1128 3808 1295 3874 σύστασιν.
1329 3803 1389 3892 κᾷν
1410 3827 1462 3882 τις

234 3903 335 3972 ἀλλον
359 3905 535 3994 ἐπινοήσῃ,
567 3903 808 3992 προεπινσήσει
829 3905 886 3972 τὸν
909 3905 1032 3972 ἐκείνου
1055 3913 1205 3994 μεσίτην,
1231 3905 1316 3974 ὥστε
1337 3907 1392 3973 καί
1415 3903 1462 3982 είς

235 4004 376 4092 ἀπειρον
412 4007 572 4075 ἐκπεσεῖν.
618 4003 704 4074 οῦτιο
733 4008 769 4073 δέ
803 4002 854 4074 ἀεί
886 4011 944 4074 τοῦ
972 4016 1109 4092 μεσίτου
1138 4009 1350 4095 ζητουμένου,
1387 4001 1461 4073 οὐδὲ

235 4105 255 4190 ἡ
277 4113 385 4186 κτίσις
407 4112 567 4192 συστῆναι
589 4108 764 4194 δυνήσεται
786 4109 903 4175 διὰτὸ
923 4109 968 4197 μὴ
992 4109 1168 4186 δύνασθαι,
1194 4104 1239 4185 ὥς
1261 4109 1378 4190 λέγετε,
1401 4131 1464 4194 μη-

238 4207 315 4274 δένα
336 4210 402 4274 τῶν
424 4211 566 4294 γενητῶν
588 4207 753 4292 βαστάξαι
774 4208 832 4294 τὴν
856 4207 996 4296 ἄκρατον
1016 4219 1112 4292 χεῖρα
1126 4209 1184 4271 τοῦ
1208 4200 1394 4290 θάγενήτου.
1434 4205 1463 4270 εί

307 4379 330 4439 1)
349 4379 412 4428 Ρεεί.
434 4378 481 4428 100
499 4373 553 4443 [99.
572 4374 660 4444 Lxx.]‚
679 4377 704 4428 ³.
773 4377 798 4438 2)
816 4379 871 4431 Εεε.
891 4379 932 4440 66,
950 4379 974 4428 2.
1046 4377 1071 4437 3)
1093 4377 1113 4424 1.
1133 4374 1189 4424 Cor.
1208 4375 1233 4438 8.
1251 4373 1274 4426 6.

271 4512 293 4546 τ.
312 4496 353 4546 Sic
370 4510 455 4546 οιυοεε
474 4509 534 4545 mss.
551 4503 575 4545 ει
593 4497 663 4546 editi:
682 4495 725 4545 εειί
740 4495 823 4558 legen·
876 4491 912 4562 [n.
924 4490 1066 4560 vl.-v111.]
1085 4493 1130 4542 hnc
1147 4491 1178 4541 de
1196 4507 1222 4543 τε
1240 4493 1352 4552 diximus,
1370 4499 1463 4554 ειησιε

236 4565 294 4614 dum
322 4571 359 4614 εει
385 4555 533 4628 δγενιίτου,
562 4571 587 4612 ut
614 4564 728 4626 deinceps
752 4563 824 4613 habet
876 4565 938 4615 ίοίτε
957 4571 1071 4615 notantur
1088 4559 1117 4609 υδ
1136 4571 1202 4609 num.
1219 4559 1260 4612 28.

238 4633 325 4694 nesius
343 4633 427 4684 codex.
462 4631 519 4682 Vide
537 4645 599 4696 quae
618 4631 641 4681 in
660 4630 824 4682 admonitione
910 4631 934 4682 b.
952 4631 1009 4698 λος.
1033 4619 1215 4698 μεταδίδοτε.
1253 4627 1329 4679 Porro
1347 4627 1463 4686 Asterius,
