<?xml version="1.0" encoding="UTF-8"?>
<!DOCTYPE html PUBLIC "-//W3C//DTD XHTML 1.0 Transitional//EN"
    "http://www.w3.org/TR/xhtml1/DTD/xhtml1-transitional.dtd">
<html xmlns="http://www.w3.org/1999/xhtml" xml:lang="en" lang="en">
 <head>
  <title>
</title>
<meta http-equiv="Content-Type" content="text/html;charset=utf-8" />
  <meta name='ocr-system' content='tesseract 3.04.00' />
  <meta name='ocr-capabilities' content='ocr_page ocr_carea ocr_par ocr_line ocrx_word'/>
</head>
<body>
  <div class='ocr_page' id='page_1' title='image "./sanctiathanasii00athagoog_0202.png"; bbox 0 0 3236 5286; ppageno 0'>
   <div class='ocr_carea' id='block_1_1' title="bbox 598 369 1415 432">
    <p class='ocr_par' dir='ltr' id='par_1_1' title="bbox 598 369 1415 432">
     <span class='ocr_line' id='line_1_1' title="bbox 598 369 1415 432; baseline 0.01 -8"><span class='ocrx_word' id='word_1_1' title='bbox 598 379 706 424; x_wconf 80' lang='lat' dir='ltr'>onsrro</span> <span class='ocrx_word' id='word_1_2' title='bbox 721 381 742 422; x_wconf 91' lang='lat'>1.</span> <span class='ocrx_word' id='word_1_3' title='bbox 758 379 874 424; x_wconf 77' lang='lat' dir='ltr'>conans</span> <span class='ocrx_word' id='word_1_4' title='bbox 887 381 1022 426; x_wconf 69' lang='lat' dir='ltr'>serenos.</span> <span class='ocrx_word' id='word_1_5' title='bbox 1356 369 1415 432; x_wconf 86' lang='lat'>155</span> 
     </span>
    </p>
   </div>
   <div class='ocr_carea' id='block_1_2' title="bbox 132 527 1501 2534">
    <p class='ocr_par' dir='ltr' id='par_1_2' title="bbox 132 527 1501 2534">
     <span class='ocr_line' id='line_1_2' title="bbox 132 527 1501 613; baseline 0 -21"><span class='ocrx_word' id='word_1_6' title='bbox 132 585 143 602; x_wconf 85' lang='lat'>,</span> <span class='ocrx_word' id='word_1_7' title='bbox 184 539 244 604; x_wconf 91' lang='lat' dir='ltr'>„et</span> <span class='ocrx_word' id='word_1_8' title='bbox 263 529 371 592; x_wconf 86' lang='lat' dir='ltr'>Filium</span> <span class='ocrx_word' id='word_1_9' title='bbox 393 527 565 600; x_wconf 84' lang='lat' dir='ltr'>nominavit,</span> <span class='ocrx_word' id='word_1_10' title='bbox 589 535 622 591; x_wconf 92' lang='lat' dir='ltr'>ut</span> <span class='ocrx_word' id='word_1_11' title='bbox 642 547 698 592; x_wconf 90' lang='lat' dir='ltr'>uos</span> <span class='ocrx_word' id='word_1_12' title='bbox 719 548 774 609; x_wconf 89' lang='lat' dir='ltr'>per</span> <span class='ocrx_word' id='word_1_13' title='bbox 795 531 891 610; x_wconf 88' lang='lat' dir='ltr'>ipsum</span> <span class='ocrx_word' id='word_1_14' title='bbox 913 537 1059 594; x_wconf 83' lang='lat' dir='ltr'>crearet.·‘</span> <span class='ocrx_word' id='word_1_15' title='bbox 1102 531 1501 613; x_wconf 80' lang='lat' dir='ltr'>Duasergosapien-1·.soe.</span> 
     </span>
     <span class='ocr_line' id='line_1_3' title="bbox 184 631 1413 711; baseline 0.002 -16"><span class='ocrx_word' id='word_1_16' title='bbox 184 633 243 695; x_wconf 85' lang='lat' dir='ltr'>ties</span> <span class='ocrx_word' id='word_1_17' title='bbox 266 651 335 696; x_wconf 88' lang='lat' dir='ltr'>esse</span> <span class='ocrx_word' id='word_1_18' title='bbox 355 632 406 704; x_wconf 88' lang='lat' dir='ltr'>ait,</span> <span class='ocrx_word' id='word_1_19' title='bbox 428 649 518 692; x_wconf 90' lang='lat' dir='ltr'>unam</span> <span class='ocrx_word' id='word_1_20' title='bbox 540 649 616 710; x_wconf 88' lang='lat' dir='ltr'>quae</span> <span class='ocrx_word' id='word_1_21' title='bbox 636 632 756 711; x_wconf 88' lang='lat' dir='ltr'>propria</span> <span class='ocrx_word' id='word_1_22' title='bbox 779 631 818 692; x_wconf 88' lang='lat' dir='ltr'>sit</span> <span class='ocrx_word' id='word_1_23' title='bbox 839 642 869 694; x_wconf 92' lang='lat' dir='ltr'>et</span> <span class='ocrx_word' id='word_1_24' title='bbox 890 633 1034 694; x_wconf 82' lang='lat' dir='ltr'>cumben</span> <span class='ocrx_word' id='word_1_25' title='bbox 1058 633 1147 693; x_wconf 89' lang='lat' dir='ltr'>simul</span> <span class='ocrx_word' id='word_1_26' title='bbox 1169 633 1286 710; x_wconf 81' lang='lat' dir='ltr'>existat,</span> <span class='ocrx_word' id='word_1_27' title='bbox 1308 635 1413 698; x_wconf 85' lang='lat' dir='ltr'>Filium</span> 
     </span>
     <span class='ocr_line' id='line_1_4' title="bbox 183 732 1414 816; baseline 0.002 -21"><span class='ocrx_word' id='word_1_28' title='bbox 183 753 257 796; x_wconf 77' lang='lat' dir='ltr'>vero</span> <span class='ocrx_word' id='word_1_29' title='bbox 279 735 311 796; x_wconf 93' lang='lat' dir='ltr'>in</span> <span class='ocrx_word' id='word_1_30' title='bbox 333 734 389 796; x_wconf 88' lang='lat' dir='ltr'>ista</span> <span class='ocrx_word' id='word_1_31' title='bbox 411 732 555 812; x_wconf 77' lang='lat' dir='ltr'>sapientia</span> <span class='ocrx_word' id='word_1_32' title='bbox 572 735 679 796; x_wconf 89' lang='lat' dir='ltr'>lactum</span> <span class='ocrx_word' id='word_1_33' title='bbox 694 733 798 806; x_wconf 89' lang='lat' dir='ltr'>luisse,</span> <span class='ocrx_word' id='word_1_34' title='bbox 821 734 945 812; x_wconf 87' lang='lat' dir='ltr'>eiusque</span> <span class='ocrx_word' id='word_1_35' title='bbox 959 735 1068 794; x_wconf 72' lang='lat' dir='ltr'>lanum</span> <span class='ocrx_word' id='word_1_36' title='bbox 1083 733 1267 812; x_wconf 81' lang='lat' dir='ltr'>participem,</span> <span class='ocrx_word' id='word_1_37' title='bbox 1289 737 1414 816; x_wconf 82' lang='lat' dir='ltr'>Sapien-</span> 
     </span>
     <span class='ocr_line' id='line_1_5' title="bbox 184 834 1414 914; baseline 0.001 -16"><span class='ocrx_word' id='word_1_38' title='bbox 184 837 257 898; x_wconf 86' lang='lat' dir='ltr'>tiam</span> <span class='ocrx_word' id='word_1_39' title='bbox 279 845 309 898; x_wconf 90' lang='lat' dir='ltr'>et</span> <span class='ocrx_word' id='word_1_40' title='bbox 328 835 457 898; x_wconf 79' lang='lat' dir='ltr'>Verbum</span> <span class='ocrx_word' id='word_1_41' title='bbox 480 836 601 898; x_wconf 88' lang='lat' dir='ltr'>nomine</span> <span class='ocrx_word' id='word_1_42' title='bbox 623 844 711 897; x_wconf 91' lang='lat' dir='ltr'>tenus</span> <span class='ocrx_word' id='word_1_43' title='bbox 735 854 804 896; x_wconf 84' lang='lat' dir='ltr'>ense</span> <span class='ocrx_word' id='word_1_44' title='bbox 826 835 1016 914; x_wconf 86' lang='lat' dir='ltr'>appellatum.</span> <span class='ocrx_word' id='word_1_45' title='bbox 1063 834 1236 912; x_wconf 90' lang='lat' dir='ltr'>„Sapientia</span> <span class='ocrx_word' id='word_1_46' title='bbox 1258 837 1345 908; x_wconf 91' lang='lat' dir='ltr'>enim,</span> <span class='ocrx_word' id='word_1_47' title='bbox 1366 839 1414 899; x_wconf 89' lang='lat' dir='ltr'>in-</span> 
     </span>
     <span class='ocr_line' id='line_1_6' title="bbox 185 935 1416 1019; baseline -0.002 -19"><span class='ocrx_word' id='word_1_48' title='bbox 185 985 205 1013; x_wconf 90' lang='lat'>‚,</span> <span class='ocrx_word' id='word_1_49' title='bbox 214 939 289 1019; x_wconf 91' lang='lat' dir='ltr'>quit,</span> <span class='ocrx_word' id='word_1_50' title='bbox 311 957 366 1018; x_wconf 88' lang='lat' dir='ltr'>per</span> <span class='ocrx_word' id='word_1_51' title='bbox 388 938 572 1019; x_wconf 78' lang='lat' dir='ltr'><strong>sapientiam,</strong></span> <span class='ocrx_word' id='word_1_52' title='bbox 594 937 648 998; x_wconf 88' lang='lat' dir='ltr'>Dei</span> <span class='ocrx_word' id='word_1_53' title='bbox 671 936 817 1016; x_wconf 90' lang='lat' dir='ltr'>sapientis</span> <span class='ocrx_word' id='word_1_54' title='bbox 840 935 1000 1008; x_wconf 76' lang='lat' dir='ltr'>voluntate,</span> <span class='ocrx_word' id='word_1_55' title='bbox 1024 935 1152 996; x_wconf 84' lang='lat' dir='ltr'>extitit.“</span> <span class='ocrx_word' id='word_1_56' title='bbox 1178 936 1230 998; x_wconf 88' lang='lat' dir='ltr'>Sic</span> <span class='ocrx_word' id='word_1_57' title='bbox 1251 936 1327 998; x_wconf 85' lang='lat' dir='ltr'>alind</span> <span class='ocrx_word' id='word_1_58' title='bbox 1344 937 1416 998; x_wconf 79' lang='lat' dir='ltr'>t&#39;er-</span> 
     </span>
     <span class='ocr_line' id='line_1_7' title="bbox 183 1035 1417 1118; baseline -0.003 -16"><span class='ocrx_word' id='word_1_59' title='bbox 183 1040 255 1102; x_wconf 89' lang='lat' dir='ltr'>bum</span> <span class='ocrx_word' id='word_1_60' title='bbox 277 1040 308 1101; x_wconf 90' lang='lat' dir='ltr'>iu</span> <span class='ocrx_word' id='word_1_61' title='bbox 330 1039 392 1102; x_wconf 87' lang='lat' dir='ltr'>Deo</span> <span class='ocrx_word' id='word_1_62' title='bbox 415 1057 484 1102; x_wconf 86' lang='lat' dir='ltr'>esse</span> <span class='ocrx_word' id='word_1_63' title='bbox 505 1039 579 1101; x_wconf 91' lang='lat' dir='ltr'>dicit</span> <span class='ocrx_word' id='word_1_64' title='bbox 599 1047 719 1118; x_wconf 88' lang='lat' dir='ltr'>praeter</span> <span class='ocrx_word' id='word_1_65' title='bbox 739 1035 863 1110; x_wconf 82' lang='lat' dir='ltr'>Filium,</span> <span class='ocrx_word' id='word_1_66' title='bbox 897 1035 981 1097; x_wconf 89' lang='lat' dir='ltr'>cuius</span> <span class='ocrx_word' id='word_1_67' title='bbox 1004 1036 1091 1098; x_wconf 80' lang='lat' dir='ltr'>Verbi</span> <span class='ocrx_word' id='word_1_68' title='bbox 1113 1038 1288 1117; x_wconf 76' lang='lat' dir='ltr'><strong>participem</strong></span> <span class='ocrx_word' id='word_1_69' title='bbox 1312 1039 1417 1100; x_wconf 88' lang='lat' dir='ltr'>luctum</span> 
     </span>
     <span class='ocr_line' id='line_1_8' title="bbox 184 1137 1418 1222; baseline -0.002 -19"><span class='ocrx_word' id='word_1_70' title='bbox 184 1141 308 1214; x_wconf 83' lang='lat' dir='ltr'>Filium,</span> <span class='ocrx_word' id='word_1_71' title='bbox 337 1142 434 1222; x_wconf 89' lang='lat' dir='ltr'>ipsum</span> <span class='ocrx_word' id='word_1_72' title='bbox 463 1159 583 1222; x_wconf 91' lang='lat' dir='ltr'>quoque</span> <span class='ocrx_word' id='word_1_73' title='bbox 611 1138 705 1219; x_wconf 82' lang='lat' dir='ltr'>gratia</span> <span class='ocrx_word' id='word_1_74' title='bbox 725 1137 856 1200; x_wconf 79' lang='lat' dir='ltr'><strong>Verbum</strong></span> <span class='ocrx_word' id='word_1_75' title='bbox 879 1137 1034 1200; x_wconf 83' lang='lat' dir='ltr'>etlilium</span> <span class='ocrx_word' id='word_1_76' title='bbox 1057 1145 1192 1200; x_wconf 85' lang='lat' dir='ltr'>vocatum</span> <span class='ocrx_word' id='word_1_77' title='bbox 1215 1139 1319 1200; x_wconf 89' lang='lat' dir='ltr'>luisse.</span> <span class='ocrx_word' id='word_1_78' title='bbox 1363 1139 1418 1200; x_wconf 86' lang='lat' dir='ltr'>Est</span> 
     </span>
     <span class='ocr_line' id='line_1_9' title="bbox 184 1239 1416 1324; baseline -0.005 -18"><span class='ocrx_word' id='word_1_79' title='bbox 184 1253 283 1306; x_wconf 86' lang='lat' dir='ltr'>autem</span> <span class='ocrx_word' id='word_1_80' title='bbox 305 1243 393 1305; x_wconf 90' lang='lat' dir='ltr'>etiam</span> <span class='ocrx_word' id='word_1_81' title='bbox 415 1243 537 1324; x_wconf 89' lang='lat' dir='ltr'>propria</span> <span class='ocrx_word' id='word_1_82' title='bbox 559 1242 633 1304; x_wconf 86' lang='lat' dir='ltr'>baec</span> <span class='ocrx_word' id='word_1_83' title='bbox 653 1239 772 1302; x_wconf 91' lang='lat' dir='ltr'>illorum</span> <span class='ocrx_word' id='word_1_84' title='bbox 794 1239 927 1300; x_wconf 88' lang='lat' dir='ltr'>haeresis</span> <span class='ocrx_word' id='word_1_85' title='bbox 956 1241 1118 1314; x_wconf 86' lang='lat' dir='ltr'>sententie,</span> <span class='ocrx_word' id='word_1_86' title='bbox 1146 1259 1234 1319; x_wconf 88' lang='lat' dir='ltr'>quam</span> <span class='ocrx_word' id='word_1_87' title='bbox 1262 1239 1327 1301; x_wconf 89' lang='lat' dir='ltr'>aliis</span> <span class='ocrx_word' id='word_1_88' title='bbox 1351 1239 1416 1300; x_wconf 91' lang='lat' dir='ltr'>suis</span> 
     </span>
     <span class='ocr_line' id='line_1_10' title="bbox 185 1341 1415 1425; baseline -0.003 -19"><span class='ocrx_word' id='word_1_89' title='bbox 185 1345 215 1406; x_wconf 93' lang='lat' dir='ltr'>in</span> <span class='ocrx_word' id='word_1_90' title='bbox 244 1344 386 1424; x_wconf 83' lang='lat' dir='ltr'>operibus</span> <span class='ocrx_word' id='word_1_91' title='bbox 415 1343 613 1425; x_wconf 78' lang='lat' dir='ltr'>explicarunt,</span> <span class='ocrx_word' id='word_1_92' title='bbox 647 1360 755 1420; x_wconf 87' lang='lat' dir='ltr'>nempe</span> <span class='ocrx_word' id='word_1_93' title='bbox 782 1341 890 1403; x_wconf 75' lang='lat' dir='ltr'>meritas</span> <span class='ocrx_word' id='word_1_94' title='bbox 919 1341 1043 1402; x_wconf 86' lang='lat' dir='ltr'>virtutes</span> <span class='ocrx_word' id='word_1_95' title='bbox 1071 1361 1124 1402; x_wconf 89' lang='lat' dir='ltr'>seu</span> <span class='ocrx_word' id='word_1_96' title='bbox 1152 1341 1301 1422; x_wconf 88' lang='lat' dir='ltr'>potentias</span> <span class='ocrx_word' id='word_1_97' title='bbox 1335 1359 1415 1414; x_wconf 88' lang='lat' dir='ltr'>esse,</span> 
     </span>
     <span class='ocr_line' id='line_1_11' title="bbox 184 1441 1414 1526; baseline 0 -20"><span class='ocrx_word' id='word_1_98' title='bbox 184 1464 307 1526; x_wconf 87' lang='lat' dir='ltr'>querum</span> <span class='ocrx_word' id='word_1_99' title='bbox 336 1465 396 1508; x_wconf 93' lang='lat' dir='ltr'>una</span> <span class='ocrx_word' id='word_1_100' title='bbox 425 1443 544 1524; x_wconf 90' lang='lat' dir='ltr'>quidem</span> <span class='ocrx_word' id='word_1_101' title='bbox 571 1447 677 1505; x_wconf 81' lang='lat' dir='ltr'>natura</span> <span class='ocrx_word' id='word_1_102' title='bbox 704 1442 759 1504; x_wconf 86' lang='lat' dir='ltr'>Dei</span> <span class='ocrx_word' id='word_1_103' title='bbox 786 1442 907 1522; x_wconf 88' lang='lat' dir='ltr'>propria</span> <span class='ocrx_word' id='word_1_104' title='bbox 930 1441 970 1503; x_wconf 93' lang='lat' dir='ltr'>sit</span> <span class='ocrx_word' id='word_1_105' title='bbox 991 1449 1078 1521; x_wconf 90' lang='lat' dir='ltr'>atque</span> <span class='ocrx_word' id='word_1_106' title='bbox 1100 1451 1233 1516; x_wconf 84' lang='lat' dir='ltr'>aeterne,</span> <span class='ocrx_word' id='word_1_107' title='bbox 1263 1443 1414 1506; x_wconf 83' lang='lat' dir='ltr'>Christum</span> 
     </span>
     <span class='ocr_line' id='line_1_12' title="bbox 184 1545 1414 1624; baseline -0.001 -16"><span class='ocrx_word' id='word_1_108' title='bbox 184 1555 283 1609; x_wconf 91' lang='lat' dir='ltr'>autem</span> <span class='ocrx_word' id='word_1_109' title='bbox 304 1566 365 1608; x_wconf 93' lang='lat' dir='ltr'>non</span> <span class='ocrx_word' id='word_1_110' title='bbox 388 1565 456 1610; x_wconf 92' lang='lat' dir='ltr'>esse</span> <span class='ocrx_word' id='word_1_111' title='bbox 476 1565 576 1608; x_wconf 84' lang='lat' dir='ltr'>rerem</span> <span class='ocrx_word' id='word_1_112' title='bbox 597 1545 650 1608; x_wconf 85' lang='lat' dir='ltr'>Dei</span> <span class='ocrx_word' id='word_1_113' title='bbox 672 1545 830 1616; x_wconf 77' lang='lat' dir='ltr'>virtutem,</span> <span class='ocrx_word' id='word_1_114' title='bbox 861 1545 913 1606; x_wconf 87' lang='lat' dir='ltr'>sed</span> <span class='ocrx_word' id='word_1_115' title='bbox 937 1561 1024 1606; x_wconf 88' lang='lat' dir='ltr'>uuam</span> <span class='ocrx_word' id='word_1_116' title='bbox 1047 1563 1163 1618; x_wconf 89' lang='lat' dir='ltr'>earum,</span> <span class='ocrx_word' id='word_1_117' title='bbox 1193 1563 1268 1624; x_wconf 87' lang='lat' dir='ltr'>quae</span> <span class='ocrx_word' id='word_1_118' title='bbox 1289 1545 1414 1607; x_wconf 84' lang='lat' dir='ltr'>virtutes</span> 
     </span>
     <span class='ocr_line' id='line_1_13' title="bbox 184 1646 1411 1727; baseline -0.002 -17"><span class='ocrx_word' id='word_1_119' title='bbox 184 1649 285 1711; x_wconf 91' lang='lat' dir='ltr'>solent</span> <span class='ocrx_word' id='word_1_120' title='bbox 306 1649 380 1721; x_wconf 89' lang='lat' dir='ltr'>dici,</span> <span class='ocrx_word' id='word_1_121' title='bbox 409 1649 487 1709; x_wconf 87' lang='lat' dir='ltr'>inter</span> <span class='ocrx_word' id='word_1_122' title='bbox 514 1667 587 1727; x_wconf 86' lang='lat' dir='ltr'>quas</span> <span class='ocrx_word' id='word_1_123' title='bbox 610 1655 640 1708; x_wconf 91' lang='lat' dir='ltr'>et</span> <span class='ocrx_word' id='word_1_124' title='bbox 663 1647 782 1709; x_wconf 82' lang='lat' dir='ltr'>locuste</span> <span class='ocrx_word' id='word_1_125' title='bbox 803 1653 833 1706; x_wconf 87' lang='lat' dir='ltr'>et</span> <span class='ocrx_word' id='word_1_126' title='bbox 854 1665 960 1718; x_wconf 65' lang='lat' dir='ltr'>unca,</span> <span class='ocrx_word' id='word_1_127' title='bbox 988 1663 1050 1707; x_wconf 91' lang='lat' dir='ltr'>non</span> <span class='ocrx_word' id='word_1_128' title='bbox 1077 1646 1170 1708; x_wconf 80' lang='lat' dir='ltr'>virtus</span> <span class='ocrx_word' id='word_1_129' title='bbox 1200 1655 1328 1720; x_wconf 79' lang='lat' dir='ltr'>tautum,</span> <span class='ocrx_word' id='word_1_130' title='bbox 1358 1647 1411 1708; x_wconf 86' lang='lat' dir='ltr'>sed</span> 
     </span>
     <span class='ocr_line' id='line_1_14' title="bbox 183 1747 1412 1831; baseline -0.002 -19"><span class='ocrx_word' id='word_1_131' title='bbox 183 1765 295 1831; x_wconf 79' lang='lat' dir='ltr'>magno</span> <span class='ocrx_word' id='word_1_132' title='bbox 316 1754 418 1812; x_wconf 83' lang='lat' dir='ltr'>virtus</span> <span class='ocrx_word' id='word_1_133' title='bbox 442 1749 620 1828; x_wconf 64' lang='lat' dir='ltr'>appellatum</span> <span class='ocrx_word' id='word_1_134' title='bbox 647 1747 718 1810; x_wconf 86' lang='lat' dir='ltr'>alias</span> <span class='ocrx_word' id='word_1_135' title='bbox 741 1765 833 1826; x_wconf 85' lang='lat' dir='ltr'>porro</span> <span class='ocrx_word' id='word_1_136' title='bbox 855 1748 961 1810; x_wconf 90' lang='lat' dir='ltr'>multas</span> <span class='ocrx_word' id='word_1_137' title='bbox 983 1767 1052 1809; x_wconf 87' lang='lat' dir='ltr'>esse</span> <span class='ocrx_word' id='word_1_138' title='bbox 1073 1747 1246 1828; x_wconf 80' lang='lat' dir='ltr'>similesque</span> <span class='ocrx_word' id='word_1_139' title='bbox 1268 1747 1351 1822; x_wconf 86' lang='lat' dir='ltr'>Filio,</span> <span class='ocrx_word' id='word_1_140' title='bbox 1374 1749 1412 1810; x_wconf 88' lang='lat' dir='ltr'>de</span> 
     </span>
     <span class='ocr_line' id='line_1_15' title="bbox 185 1848 1413 1928; baseline 0.001 -18"><span class='ocrx_word' id='word_1_141' title='bbox 185 1850 294 1928; x_wconf 89' lang='lat' dir='ltr'>quibus</span> <span class='ocrx_word' id='word_1_142' title='bbox 315 1848 406 1910; x_wconf 84' lang='lat' dir='ltr'>David</span> <span class='ocrx_word' id='word_1_143' title='bbox 428 1848 540 1928; x_wconf 90' lang='lat' dir='ltr'>psallit:</span> <span class='ocrx_word' id='word_1_144' title='bbox 568 1849 716 1910; x_wconf 78' lang='lat' dir='ltr'>Dominus</span> <span class='ocrx_word' id='word_1_145' title='bbox 739 1852 905 1922; x_wconf 64' lang='lat' dir='ltr'>virtutum</span> <span class='ocrx_word' id='word_1_146' title='bbox 933 1849 1004 1910; x_wconf 90' lang='lat' dir='ltr'>item</span> <span class='ocrx_word' id='word_1_147' title='bbox 1025 1849 1153 1910; x_wconf 80' lang='lat' dir='ltr'>Verbum</span> <span class='ocrx_word' id='word_1_148' title='bbox 1176 1851 1282 1912; x_wconf 78' lang='lat' dir='ltr'>natura</span> <span class='ocrx_word' id='word_1_149' title='bbox 1302 1857 1337 1910; x_wconf 93' lang='lat' dir='ltr'>ut</span> <span class='ocrx_word' id='word_1_150' title='bbox 1357 1867 1413 1912; x_wconf 89' lang='lat' dir='ltr'>nos</span> 
     </span>
     <span class='ocr_line' id='line_1_16' title="bbox 186 1949 1412 2032; baseline 0 -22"><span class='ocrx_word' id='word_1_151' title='bbox 186 1967 294 2012; x_wconf 88' lang='lat' dir='ltr'>omues</span> <span class='ocrx_word' id='word_1_152' title='bbox 317 1968 384 2011; x_wconf 89' lang='lat' dir='ltr'>esse</span> <span class='ocrx_word' id='word_1_153' title='bbox 405 1949 555 2021; x_wconf 88' lang='lat' dir='ltr'>mutabile,</span> <span class='ocrx_word' id='word_1_154' title='bbox 580 1968 694 2028; x_wconf 89' lang='lat' dir='ltr'>suoque</span> <span class='ocrx_word' id='word_1_155' title='bbox 717 1949 838 2010; x_wconf 88' lang='lat' dir='ltr'>arbitrio</span> <span class='ocrx_word' id='word_1_156' title='bbox 860 1955 1017 2029; x_wconf 83' lang='lat' dir='ltr'>quousque</span> <span class='ocrx_word' id='word_1_157' title='bbox 1038 1950 1116 2011; x_wconf 83' lang='lat' dir='ltr'>volet</span> <span class='ocrx_word' id='word_1_158' title='bbox 1137 1950 1248 2012; x_wconf 89' lang='lat' dir='ltr'>bouum</span> <span class='ocrx_word' id='word_1_159' title='bbox 1269 1967 1412 2032; x_wconf 86' lang='lat' dir='ltr'>perseve-</span> 
     </span>
     <span class='ocr_line' id='line_1_17' title="bbox 183 2049 1412 2132; baseline -0.001 -20"><span class='ocrx_word' id='word_1_160' title='bbox 183 2069 269 2126; x_wconf 89' lang='lat' dir='ltr'>rare,</span> <span class='ocrx_word' id='word_1_161' title='bbox 292 2051 372 2131; x_wconf 92' lang='lat' dir='ltr'>quod</span> <span class='ocrx_word' id='word_1_162' title='bbox 394 2051 420 2112; x_wconf 89' lang='lat' dir='ltr'>si</span> <span class='ocrx_word' id='word_1_163' title='bbox 442 2049 583 2126; x_wconf 86' lang='lat' dir='ltr'>voluerit,</span> <span class='ocrx_word' id='word_1_164' title='bbox 603 2069 696 2132; x_wconf 90' lang='lat' dir='ltr'>posse</span> <span class='ocrx_word' id='word_1_165' title='bbox 718 2069 838 2131; x_wconf 90' lang='lat' dir='ltr'>quoque</span> <span class='ocrx_word' id='word_1_166' title='bbox 861 2059 893 2112; x_wconf 92' lang='lat' dir='ltr'>ut</span> <span class='ocrx_word' id='word_1_167' title='bbox 915 2059 945 2112; x_wconf 88' lang='lat' dir='ltr'>et</span> <span class='ocrx_word' id='word_1_168' title='bbox 965 2068 1022 2112; x_wconf 91' lang='lat' dir='ltr'>nos</span> <span class='ocrx_word' id='word_1_169' title='bbox 1044 2051 1167 2126; x_wconf 88' lang='lat' dir='ltr'>mutari,</span> <span class='ocrx_word' id='word_1_170' title='bbox 1190 2071 1256 2114; x_wconf 93' lang='lat' dir='ltr'>cum</span> <span class='ocrx_word' id='word_1_171' title='bbox 1277 2049 1412 2113; x_wconf 76' lang='lat' dir='ltr'>mutabili</span> 
     </span>
     <span class='ocr_line' id='line_1_18' title="bbox 183 2151 1409 2234; baseline -0.002 -18"><span class='ocrx_word' id='word_1_172' title='bbox 183 2154 223 2216; x_wconf 89' lang='lat' dir='ltr'>sit</span> <span class='ocrx_word' id='word_1_173' title='bbox 244 2161 361 2215; x_wconf 85' lang='lat' dir='ltr'>ustura.</span> <span class='ocrx_word' id='word_1_174' title='bbox 405 2153 502 2226; x_wconf 83' lang='lat' dir='ltr'>„Quia</span> <span class='ocrx_word' id='word_1_175' title='bbox 524 2153 603 2216; x_wconf 88' lang='lat' dir='ltr'>euim</span> <span class='ocrx_word' id='word_1_176' title='bbox 624 2153 714 2229; x_wconf 85' lang='lat' dir='ltr'>Dens,</span> <span class='ocrx_word' id='word_1_177' title='bbox 737 2153 843 2234; x_wconf 84' lang='lat' dir='ltr'>lnquit,</span> <span class='ocrx_word' id='word_1_178' title='bbox 865 2151 978 2214; x_wconf 91' lang='lat' dir='ltr'>bonum</span> <span class='ocrx_word' id='word_1_179' title='bbox 1000 2171 1068 2214; x_wconf 90' lang='lat' dir='ltr'>eum</span> <span class='ocrx_word' id='word_1_180' title='bbox 1089 2155 1154 2215; x_wconf 87' lang='lat' dir='ltr'>lore</span> <span class='ocrx_word' id='word_1_181' title='bbox 1171 2153 1338 2233; x_wconf 74' lang='lat' dir='ltr'>praescivit,</span> <span class='ocrx_word' id='word_1_182' title='bbox 1361 2151 1409 2214; x_wconf 89' lang='lat' dir='ltr'>id-</span> 
     </span>
     <span class='ocr_line' id='line_1_19' title="bbox 182 2243 1409 2336; baseline -0.002 -20"><span class='ocrx_word' id='word_1_183' title='bbox 182 2243 291 2330; x_wconf 86' lang='lat' dir='ltr'>„eirco</span> <span class='ocrx_word' id='word_1_184' title='bbox 312 2255 388 2316; x_wconf 91' lang='lat' dir='ltr'>banc</span> <span class='ocrx_word' id='word_1_185' title='bbox 409 2255 435 2315; x_wconf 87' lang='lat' dir='ltr'>ei</span> <span class='ocrx_word' id='word_1_186' title='bbox 457 2255 580 2336; x_wconf 88' lang='lat' dir='ltr'>gloriam</span> <span class='ocrx_word' id='word_1_187' title='bbox 602 2255 822 2336; x_wconf 81' lang='lat' dir='ltr'>praeveniendo</span> <span class='ocrx_word' id='word_1_188' title='bbox 845 2254 983 2328; x_wconf 82' lang='lat' dir='ltr'>donavit,</span> <span class='ocrx_word' id='word_1_189' title='bbox 1012 2273 1099 2334; x_wconf 89' lang='lat' dir='ltr'>quam</span> <span class='ocrx_word' id='word_1_190' title='bbox 1128 2255 1219 2316; x_wconf 89' lang='lat' dir='ltr'>bomo</span> <span class='ocrx_word' id='word_1_191' title='bbox 1247 2263 1350 2334; x_wconf 88' lang='lat' dir='ltr'>postea</span> <span class='ocrx_word' id='word_1_192' title='bbox 1373 2273 1409 2315; x_wconf 87' lang='lat' dir='ltr'>ex</span> 
     </span>
     <span class='ocr_line' id='line_1_20' title="bbox 182 2350 1410 2436; baseline -0.002 -18"><span class='ocrx_word' id='word_1_193' title='bbox 182 2350 516 2432; x_wconf 88' lang='lat' dir='ltr'>„virtute&#39;eousccutns</span> <span class='ocrx_word' id='word_1_194' title='bbox 539 2366 599 2419; x_wconf 89' lang='lat' dir='ltr'>est:</span> <span class='ocrx_word' id='word_1_195' title='bbox 628 2365 812 2436; x_wconf 87' lang='lat' dir='ltr'>quapropter</span> <span class='ocrx_word' id='word_1_196' title='bbox 839 2375 874 2418; x_wconf 81' lang='lat' dir='ltr'>ex</span> <span class='ocrx_word' id='word_1_197' title='bbox 897 2355 961 2418; x_wconf 88' lang='lat' dir='ltr'>eius</span> <span class='ocrx_word' id='word_1_198' title='bbox 984 2355 1136 2435; x_wconf 88' lang='lat' dir='ltr'>operibus,</span> <span class='ocrx_word' id='word_1_199' title='bbox 1157 2375 1233 2436; x_wconf 88' lang='lat' dir='ltr'>quae</span> <span class='ocrx_word' id='word_1_200' title='bbox 1253 2355 1410 2436; x_wconf 77' lang='lat' dir='ltr'>praescivit</span> 
     </span>
     <span class='ocr_line' id='line_1_21' title="bbox 183 2457 767 2534; baseline -0.005 -14"><span class='ocrx_word' id='word_1_201' title='bbox 183 2458 298 2534; x_wconf 68' lang='lat' dir='ltr'>„Deus</span> <span class='ocrx_word' id='word_1_202' title='bbox 320 2460 409 2521; x_wconf 90' lang='lat' dir='ltr'>talem</span> <span class='ocrx_word' id='word_1_203' title='bbox 431 2459 513 2520; x_wconf 86' lang='lat' dir='ltr'>illum</span> <span class='ocrx_word' id='word_1_204' title='bbox 536 2459 619 2520; x_wconf 87' lang='lat' dir='ltr'>nasci</span> <span class='ocrx_word' id='word_1_205' title='bbox 641 2457 767 2518; x_wconf 85' lang='lat' dir='ltr'>voluit.“</span> 
     </span>
    </p>
   </div>
   <div class='ocr_carea' id='block_1_3' title="bbox 181 2659 1493 3545">
    <p class='ocr_par' dir='ltr' id='par_1_3' title="bbox 181 2659 1493 3545">
     <span class='ocr_line' id='line_1_22' title="bbox 270 2659 1493 2733; baseline -0.002 -11"><span class='ocrx_word' id='word_1_206' title='bbox 270 2662 299 2722; x_wconf 80' lang='grc'>6.</span> <span class='ocrx_word' id='word_1_207' title='bbox 343 2661 502 2721; x_wconf 77' lang='lat' dir='ltr'>Praeterea</span> <span class='ocrx_word' id='word_1_208' title='bbox 524 2676 616 2719; x_wconf 83' lang='lat' dir='ltr'>susus</span> <span class='ocrx_word' id='word_1_209' title='bbox 639 2665 684 2719; x_wconf 87' lang='lat' dir='ltr'>est</span> <span class='ocrx_word' id='word_1_210' title='bbox 704 2659 817 2733; x_wconf 86' lang='lat' dir='ltr'>dicere,</span> <span class='ocrx_word' id='word_1_211' title='bbox 845 2660 974 2724; x_wconf 81' lang='lat' dir='ltr'>Verbum</span> <span class='ocrx_word' id='word_1_212' title='bbox 1006 2679 1067 2720; x_wconf 93' lang='lat' dir='ltr'>non</span> <span class='ocrx_word' id='word_1_213' title='bbox 1090 2679 1158 2722; x_wconf 89' lang='lat' dir='ltr'>esse</span> <span class='ocrx_word' id='word_1_214' title='bbox 1180 2678 1282 2722; x_wconf 82' lang='lat' dir='ltr'>verum</span> <span class='ocrx_word' id='word_1_215' title='bbox 1304 2659 1493 2721; x_wconf 80' lang='lat' dir='ltr'>Deum.r.uo.</span> 
     </span>
     <span class='ocr_line' id='line_1_23' title="bbox 189 2756 1413 2840; baseline 0.001 -23"><span class='ocrx_word' id='word_1_216' title='bbox 189 2756 290 2828; x_wconf 86' lang='lat' dir='ltr'>„Nam</span> <span class='ocrx_word' id='word_1_217' title='bbox 309 2759 428 2819; x_wconf 86' lang='lat' dir='ltr'>tametsi</span> <span class='ocrx_word' id='word_1_218' title='bbox 450 2757 558 2818; x_wconf 86' lang='lat' dir='ltr'>dieitur</span> <span class='ocrx_word' id='word_1_219' title='bbox 578 2757 671 2832; x_wconf 85' lang='lat' dir='ltr'>Dens,</span> <span class='ocrx_word' id='word_1_220' title='bbox 698 2759 809 2840; x_wconf 88' lang='lat' dir='ltr'>inquit,</span> <span class='ocrx_word' id='word_1_221' title='bbox 836 2779 897 2822; x_wconf 89' lang='lat' dir='ltr'>non</span> <span class='ocrx_word' id='word_1_222' title='bbox 925 2769 1023 2822; x_wconf 78' lang='lat' dir='ltr'>tanim</span> <span class='ocrx_word' id='word_1_223' title='bbox 1046 2779 1135 2822; x_wconf 80' lang='lat' dir='ltr'>verus</span> <span class='ocrx_word' id='word_1_224' title='bbox 1157 2769 1205 2822; x_wconf 88' lang='lat' dir='ltr'>est</span> <span class='ocrx_word' id='word_1_225' title='bbox 1226 2759 1324 2832; x_wconf 82' lang='lat' dir='ltr'>Deus3</span> <span class='ocrx_word' id='word_1_226' title='bbox 1357 2759 1413 2819; x_wconf 86' lang='lat' dir='ltr'>sed</span> 
     </span>
     <span class='ocr_line' id='line_1_24' title="bbox 189 2857 1412 2940; baseline 0 -22"><span class='ocrx_word' id='word_1_227' title='bbox 189 2857 325 2937; x_wconf 75' lang='lat' dir='ltr'>„gratim</span> <span class='ocrx_word' id='word_1_228' title='bbox 347 2859 441 2919; x_wconf 87' lang='lat' dir='ltr'>lectus</span> <span class='ocrx_word' id='word_1_229' title='bbox 462 2859 609 2938; x_wconf 87' lang='lat' dir='ltr'>particeps</span> <span class='ocrx_word' id='word_1_230' title='bbox 629 2877 691 2920; x_wconf 93' lang='lat' dir='ltr'>non</span> <span class='ocrx_word' id='word_1_231' title='bbox 713 2860 798 2924; x_wconf 82' lang='lat' dir='ltr'>aliter</span> <span class='ocrx_word' id='word_1_232' title='bbox 819 2879 907 2939; x_wconf 90' lang='lat' dir='ltr'>quam</span> <span class='ocrx_word' id='word_1_233' title='bbox 928 2861 975 2922; x_wconf 88' lang='lat' dir='ltr'>alii</span> <span class='ocrx_word' id='word_1_234' title='bbox 999 2877 1104 2921; x_wconf 89' lang='lat' dir='ltr'>omnes</span> <span class='ocrx_word' id='word_1_235' title='bbox 1125 2862 1192 2940; x_wconf 88' lang='lat' dir='ltr'>ipse</span> <span class='ocrx_word' id='word_1_236' title='bbox 1214 2877 1333 2938; x_wconf 88' lang='lat' dir='ltr'>quoque</span> <span class='ocrx_word' id='word_1_237' title='bbox 1353 2875 1412 2918; x_wconf 91' lang='lat' dir='ltr'>uo-</span> 
     </span>
     <span class='ocr_line' id='line_1_25' title="bbox 190 2958 1412 3039; baseline -0.001 -19"><span class='ocrx_word' id='word_1_238' title='bbox 190 2959 297 3032; x_wconf 88' lang='lat' dir='ltr'>„mine</span> <span class='ocrx_word' id='word_1_239' title='bbox 325 2960 466 3020; x_wconf 87' lang='lat' dir='ltr'>duntaxat</span> <span class='ocrx_word' id='word_1_240' title='bbox 493 2959 599 3020; x_wconf 85' lang='lat' dir='ltr'>dicitur</span> <span class='ocrx_word' id='word_1_241' title='bbox 619 2960 709 3022; x_wconf 83' lang='lat' dir='ltr'>Deus.</span> <span class='ocrx_word' id='word_1_242' title='bbox 753 2960 1007 3032; x_wconf 85' lang='lat' dir='ltr'>Quemadmodum</span> <span class='ocrx_word' id='word_1_243' title='bbox 1031 2961 1120 3032; x_wconf 90' lang='lat' dir='ltr'>item,</span> <span class='ocrx_word' id='word_1_244' title='bbox 1150 2959 1248 3039; x_wconf 86' lang='lat' dir='ltr'>pergit</span> <span class='ocrx_word' id='word_1_245' title='bbox 1269 2958 1333 3032; x_wconf 88' lang='lat' dir='ltr'>ille,</span> <span class='ocrx_word' id='word_1_246' title='bbox 1362 2977 1412 3020; x_wconf 89' lang='lat' dir='ltr'>res</span> 
     </span>
     <span class='ocr_line' id='line_1_26' title="bbox 188 3058 1413 3134; baseline 0 -14"><span class='ocrx_word' id='word_1_247' title='bbox 188 3079 321 3134; x_wconf 89' lang='lat' dir='ltr'>„omnes</span> <span class='ocrx_word' id='word_1_248' title='bbox 351 3061 513 3124; x_wconf 89' lang='lat' dir='ltr'>secundum</span> <span class='ocrx_word' id='word_1_249' title='bbox 542 3069 675 3122; x_wconf 89' lang='lat' dir='ltr'>naturam</span> <span class='ocrx_word' id='word_1_250' title='bbox 704 3061 839 3122; x_wconf 90' lang='lat' dir='ltr'>diversae</span> <span class='ocrx_word' id='word_1_251' title='bbox 866 3069 896 3122; x_wconf 88' lang='lat' dir='ltr'>et</span> <span class='ocrx_word' id='word_1_252' title='bbox 923 3059 1086 3122; x_wconf 85' lang='lat' dir='ltr'>dissimiles</span> <span class='ocrx_word' id='word_1_253' title='bbox 1113 3058 1166 3120; x_wconf 85' lang='lat' dir='ltr'>Dei</span> <span class='ocrx_word' id='word_1_254' title='bbox 1194 3067 1280 3131; x_wconf 88' lang='lat' dir='ltr'>sunt;</span> <span class='ocrx_word' id='word_1_255' title='bbox 1309 3059 1348 3120; x_wconf 88' lang='lat' dir='ltr'>ita</span> <span class='ocrx_word' id='word_1_256' title='bbox 1383 3064 1413 3120; x_wconf 88' lang='lat' dir='ltr'>et</span> 
     </span>
     <span class='ocr_line' id='line_1_27' title="bbox 187 3159 1408 3239; baseline 0 -17"><span class='ocrx_word' id='word_1_257' title='bbox 187 3162 342 3235; x_wconf 83' lang='lat' dir='ltr'>„Verbum</span> <span class='ocrx_word' id='word_1_258' title='bbox 365 3163 487 3222; x_wconf 92' lang='lat' dir='ltr'>omuino</span> <span class='ocrx_word' id='word_1_259' title='bbox 509 3162 636 3224; x_wconf 87' lang='lat' dir='ltr'>alienum</span> <span class='ocrx_word' id='word_1_260' title='bbox 659 3170 690 3222; x_wconf 87' lang='lat' dir='ltr'>et</span> <span class='ocrx_word' id='word_1_261' title='bbox 710 3161 858 3223; x_wconf 88' lang='lat' dir='ltr'>dissimile</span> <span class='ocrx_word' id='word_1_262' title='bbox 887 3169 935 3222; x_wconf 88' lang='lat' dir='ltr'>est</span> <span class='ocrx_word' id='word_1_263' title='bbox 960 3168 1083 3220; x_wconf 85' lang='lat' dir='ltr'>naturae</span> <span class='ocrx_word' id='word_1_264' title='bbox 1111 3159 1335 3239; x_wconf 85' lang='lat' dir='ltr'>proprietatisre</span> <span class='ocrx_word' id='word_1_265' title='bbox 1356 3160 1408 3222; x_wconf 80' lang='lat' dir='ltr'>uei</span> 
     </span>
     <span class='ocr_line' id='line_1_28' title="bbox 183 3261 1406 3341; baseline 0 -18"><span class='ocrx_word' id='word_1_266' title='bbox 183 3262 397 3336; x_wconf 66' lang='lat' dir='ltr'>„Patriesed</span> <span class='ocrx_word' id='word_1_267' title='bbox 419 3263 454 3324; x_wconf 85' lang='lat' dir='ltr'>ad</span> <span class='ocrx_word' id='word_1_268' title='bbox 476 3281 525 3324; x_wconf 90' lang='lat' dir='ltr'>res</span> <span class='ocrx_word' id='word_1_269' title='bbox 547 3265 638 3325; x_wconf 85' lang='lat' dir='ltr'>laetas</span> <span class='ocrx_word' id='word_1_270' title='bbox 662 3271 692 3324; x_wconf 90' lang='lat' dir='ltr'>et</span> <span class='ocrx_word' id='word_1_271' title='bbox 714 3271 829 3324; x_wconf 89' lang='lat' dir='ltr'>creatas</span> <span class='ocrx_word' id='word_1_272' title='bbox 844 3261 983 3341; x_wconf 88' lang='lat' dir='ltr'>pertinet,</span> <span class='ocrx_word' id='word_1_273' title='bbox 1006 3279 1127 3340; x_wconf 87' lang='lat' dir='ltr'>quarum</span> <span class='ocrx_word' id='word_1_274' title='bbox 1144 3279 1200 3322; x_wconf 87' lang='lat' dir='ltr'>una</span> <span class='ocrx_word' id='word_1_275' title='bbox 1215 3261 1311 3340; x_wconf 90' lang='lat' dir='ltr'>ipsum</span> <span class='ocrx_word' id='word_1_276' title='bbox 1328 3267 1406 3324; x_wconf 85' lang='lat' dir='ltr'>est.“</span> 
     </span>
     <span class='ocr_line' id='line_1_29' title="bbox 181 3347 1405 3444; baseline 0.001 -20"><span class='ocrx_word' id='word_1_277' title='bbox 181 3363 308 3444; x_wconf 90' lang='lat' dir='ltr'>Insuper</span> <span class='ocrx_word' id='word_1_278' title='bbox 329 3351 503 3426; x_wconf 84' lang='lat' dir='ltr'>temeritatis</span> <span class='ocrx_word' id='word_1_279' title='bbox 528 3363 637 3425; x_wconf 89' lang='lat' dir='ltr'>diaboli</span> <span class='ocrx_word' id='word_1_280' title='bbox 659 3347 767 3426; x_wconf 82' lang='lat' dir='ltr'>haeres</span> <span class='ocrx_word' id='word_1_281' title='bbox 791 3363 880 3425; x_wconf 85' lang='lat' dir='ltr'>veluti</span> <span class='ocrx_word' id='word_1_282' title='bbox 903 3365 997 3425; x_wconf 86' lang='lat' dir='ltr'>lactus</span> <span class='ocrx_word' id='word_1_283' title='bbox 1021 3363 1140 3442; x_wconf 83' lang='lat' dir='ltr'>scripsit</span> <span class='ocrx_word' id='word_1_284' title='bbox 1161 3363 1192 3424; x_wconf 92' lang='lat' dir='ltr'>in</span> <span class='ocrx_word' id='word_1_285' title='bbox 1214 3363 1324 3436; x_wconf 80' lang='lat' dir='ltr'>Thalia,</span> <span class='ocrx_word' id='word_1_286' title='bbox 1346 3363 1405 3425; x_wconf 84' lang='lat' dir='ltr'>l&#39;a-</span> 
     </span>
     <span class='ocr_line' id='line_1_30' title="bbox 184 3460 1407 3545; baseline 0.001 -21"><span class='ocrx_word' id='word_1_287' title='bbox 184 3473 257 3527; x_wconf 85' lang='lat' dir='ltr'>trem</span> <span class='ocrx_word' id='word_1_288' title='bbox 279 3485 295 3527; x_wconf 88' lang='lat' dir='ltr'>a</span> <span class='ocrx_word' id='word_1_289' title='bbox 316 3465 392 3526; x_wconf 87' lang='lat' dir='ltr'>Filio</span> <span class='ocrx_word' id='word_1_290' title='bbox 415 3466 506 3527; x_wconf 81' lang='lat' dir='ltr'>videri</span> <span class='ocrx_word' id='word_1_291' title='bbox 528 3485 589 3526; x_wconf 91' lang='lat' dir='ltr'>non</span> <span class='ocrx_word' id='word_1_292' title='bbox 611 3485 718 3545; x_wconf 89' lang='lat' dir='ltr'>posse,</span> <span class='ocrx_word' id='word_1_293' title='bbox 740 3483 837 3544; x_wconf 88' lang='lat' dir='ltr'>neque</span> <span class='ocrx_word' id='word_1_294' title='bbox 859 3460 987 3527; x_wconf 87' lang='lat' dir='ltr'>Verbum</span> <span class='ocrx_word' id='word_1_295' title='bbox 1007 3465 1137 3545; x_wconf 80' lang='lat' dir='ltr'>perlecto</span> <span class='ocrx_word' id='word_1_296' title='bbox 1160 3474 1190 3526; x_wconf 93' lang='lat' dir='ltr'>et</span> <span class='ocrx_word' id='word_1_297' title='bbox 1211 3465 1297 3543; x_wconf 88' lang='lat' dir='ltr'>plene</span> <span class='ocrx_word' id='word_1_298' title='bbox 1319 3483 1407 3526; x_wconf 86' lang='lat' dir='ltr'>suurn</span> 
     </span>
    </p>
   </div>
   <div class='ocr_carea' id='block_1_4' title="bbox 182 3564 1409 3850">
    <p class='ocr_par' dir='ltr' id='par_1_4' title="bbox 182 3564 1409 3850">
     <span class='ocr_line' id='line_1_31' title="bbox 183 3564 1406 3647; baseline 0 -21"><span class='ocrx_word' id='word_1_299' title='bbox 183 3565 299 3628; x_wconf 87' lang='lat' dir='ltr'>Patrem</span> <span class='ocrx_word' id='word_1_300' title='bbox 319 3585 412 3647; x_wconf 87' lang='lat' dir='ltr'>posse</span> <span class='ocrx_word' id='word_1_301' title='bbox 434 3566 542 3629; x_wconf 91' lang='lat' dir='ltr'>intueri</span> <span class='ocrx_word' id='word_1_302' title='bbox 564 3567 610 3628; x_wconf 86' lang='lat' dir='ltr'>vel</span> <span class='ocrx_word' id='word_1_303' title='bbox 632 3585 824 3646; x_wconf 83' lang='lat' dir='ltr'>cognoscere,</span> <span class='ocrx_word' id='word_1_304' title='bbox 845 3567 899 3630; x_wconf 89' lang='lat' dir='ltr'>sed</span> <span class='ocrx_word' id='word_1_305' title='bbox 922 3567 1058 3647; x_wconf 86' lang='lat' dir='ltr'>quicquid</span> <span class='ocrx_word' id='word_1_306' title='bbox 1081 3565 1237 3644; x_wconf 83' lang='lat' dir='ltr'>cognoscit</span> <span class='ocrx_word' id='word_1_307' title='bbox 1250 3574 1281 3626; x_wconf 89' lang='lat' dir='ltr'>et</span> <span class='ocrx_word' id='word_1_308' title='bbox 1301 3564 1406 3637; x_wconf 86' lang='lat' dir='ltr'>cernit,</span> 
     </span>
     <span class='ocr_line' id='line_1_32' title="bbox 183 3665 1409 3748; baseline -0.001 -21"><span class='ocrx_word' id='word_1_309' title='bbox 183 3667 467 3748; x_wconf 75' lang='lat' dir='ltr'>convenienterque</span> <span class='ocrx_word' id='word_1_310' title='bbox 489 3667 552 3729; x_wconf 88' lang='lat' dir='ltr'>suis</span> <span class='ocrx_word' id='word_1_311' title='bbox 575 3668 684 3732; x_wconf 82' lang='lat' dir='ltr'>viribus</span> <span class='ocrx_word' id='word_1_312' title='bbox 707 3687 887 3748; x_wconf 80' lang='lat' dir='ltr'>cognoscere</span> <span class='ocrx_word' id='word_1_313' title='bbox 909 3677 938 3729; x_wconf 92' lang='lat' dir='ltr'>et</span> <span class='ocrx_word' id='word_1_314' title='bbox 959 3685 1091 3740; x_wconf 88' lang='lat' dir='ltr'>cernere,</span> <span class='ocrx_word' id='word_1_315' title='bbox 1114 3665 1363 3745; x_wconf 86' lang='lat' dir='ltr'>quemadmodum</span> <span class='ocrx_word' id='word_1_316' title='bbox 1378 3673 1409 3726; x_wconf 88' lang='lat' dir='ltr'>et</span> 
     </span>
     <span class='ocr_line' id='line_1_33' title="bbox 182 3765 1406 3850; baseline -0.002 -22"><span class='ocrx_word' id='word_1_317' title='bbox 182 3785 238 3829; x_wconf 88' lang='lat' dir='ltr'>nos</span> <span class='ocrx_word' id='word_1_318' title='bbox 261 3783 316 3848; x_wconf 91' lang='lat' dir='ltr'>pro</span> <span class='ocrx_word' id='word_1_319' title='bbox 338 3779 440 3831; x_wconf 84' lang='lat' dir='ltr'>nostra</span> <span class='ocrx_word' id='word_1_320' title='bbox 462 3769 598 3832; x_wconf 77' lang='lat' dir='ltr'>laetultate</span> <span class='ocrx_word' id='word_1_321' title='bbox 619 3771 838 3850; x_wconf 90' lang='lat' dir='ltr'>cognoscimus.</span> <span class='ocrx_word' id='word_1_322' title='bbox 883 3769 1076 3844; x_wconf 63' lang='lat' dir='ltr'>„Enimvero</span> <span class='ocrx_word' id='word_1_323' title='bbox 1099 3765 1203 3845; x_wconf 87' lang='lat' dir='ltr'>inquit,</span> <span class='ocrx_word' id='word_1_324' title='bbox 1227 3783 1286 3826; x_wconf 91' lang='lat' dir='ltr'>uon</span> <span class='ocrx_word' id='word_1_325' title='bbox 1310 3765 1406 3826; x_wconf 87' lang='lat' dir='ltr'>solum</span> 
     </span>
    </p>
   </div>
   <div class='ocr_carea' id='block_1_5' title="bbox 182 3914 1454 4656">
    <p class='ocr_par' dir='ltr' id='par_1_5' title="bbox 182 3914 1454 4656">
     <span class='ocr_line' id='line_1_34' title="bbox 183 3914 1404 3982; baseline -0.002 -15"><span class='ocrx_word' id='word_1_326' title='bbox 183 3919 287 3968; x_wconf 78' lang='lat' dir='ltr'>Felclim.</span> <span class='ocrx_word' id='word_1_327' title='bbox 310 3920 330 3968; x_wconf 93' lang='lat' dir='ltr'>l.</span> <span class='ocrx_word' id='word_1_328' title='bbox 351 3931 373 3970; x_wconf 88' lang='lat' dir='ltr'>et</span> <span class='ocrx_word' id='word_1_329' title='bbox 392 3923 415 3971; x_wconf 85' lang='lat'>5.</span> <span class='ocrx_word' id='word_1_330' title='bbox 453 3921 479 3970; x_wconf 92' lang='lat' dir='ltr'>lu</span> <span class='ocrx_word' id='word_1_331' title='bbox 498 3921 552 3970; x_wconf 85' lang='lat' dir='ltr'>aliis</span> <span class='ocrx_word' id='word_1_332' title='bbox 571 3929 594 3970; x_wconf 87' lang='lat' dir='ltr'>et</span> <span class='ocrx_word' id='word_1_333' title='bbox 613 3919 682 3970; x_wconf 80' lang='lat' dir='ltr'>editis</span> <span class='ocrx_word' id='word_1_334' title='bbox 700 3921 768 3970; x_wconf 81' lang='lat' dir='ltr'>deest</span> <span class='ocrx_word' id='word_1_335' title='bbox 819 3920 979 3968; x_wconf 82' lang='lat' dir='ltr'>Omnibonus.</span> <span class='ocrx_word' id='word_1_336' title='bbox 1014 3916 1120 3966; x_wconf 77' lang='lat' dir='ltr'>Felclrm.</span> <span class='ocrx_word' id='word_1_337' title='bbox 1139 3914 1163 3966; x_wconf 89' lang='lat'>5.</span> <span class='ocrx_word' id='word_1_338' title='bbox 1182 3917 1238 3966; x_wconf 89' lang='lat' dir='ltr'>ibid.</span> <span class='ocrx_word' id='word_1_339' title='bbox 1256 3915 1404 3982; x_wconf 76' lang='grc' dir='ltr'><em>γεννητῶν.</em></span> 
     </span>
     <span class='ocr_line' id='line_1_35' title="bbox 183 3978 1404 4049; baseline -0.002 -17"><span class='ocrx_word' id='word_1_340' title='bbox 183 3980 319 4045; x_wconf 71' lang='grc' dir='ltr'><strong><em>πεποίηκε.</em></strong></span> <span class='ocrx_word' id='word_1_341' title='bbox 354 3989 405 4038; x_wconf 86' lang='lat' dir='ltr'>tlox</span> <span class='ocrx_word' id='word_1_342' title='bbox 424 3989 525 4049; x_wconf 77' lang='lat' dir='ltr'>Sequor.</span> <span class='ocrx_word' id='word_1_343' title='bbox 545 3987 642 4037; x_wconf 85' lang='lat' dir='ltr'>Gobler.</span> <span class='ocrx_word' id='word_1_344' title='bbox 655 3987 768 4036; x_wconf 74' lang='lat' dir='ltr'>etletet.</span> <span class='ocrx_word' id='word_1_345' title='bbox 856 3989 878 4034; x_wconf 89' lang='lat' dir='ltr'>b.</span> <span class='ocrx_word' id='word_1_346' title='bbox 898 3985 1036 4036; x_wconf 84' lang='lat' dir='ltr'>Gobteriau.</span> <span class='ocrx_word' id='word_1_347' title='bbox 1055 3991 1078 4032; x_wconf 85' lang='lat' dir='ltr'>et</span> <span class='ocrx_word' id='word_1_348' title='bbox 1096 3984 1199 4034; x_wconf 79' lang='lat' dir='ltr'>Felclm.</span> <span class='ocrx_word' id='word_1_349' title='bbox 1211 3986 1233 4034; x_wconf 88' lang='lat' dir='ltr'>l.</span> <span class='ocrx_word' id='word_1_350' title='bbox 1250 3978 1404 4049; x_wconf 75' lang='grc' dir='ltr'><em>γινόμενος.</em></span> 
     </span>
     <span class='ocr_line' id='line_1_36' title="bbox 186 4043 1406 4121; baseline -0.002 -20"><span class='ocrx_word' id='word_1_351' title='bbox 186 4055 206 4101; x_wconf 90' lang='lat' dir='ltr'>l.</span> <span class='ocrx_word' id='word_1_352' title='bbox 226 4045 321 4121; x_wconf 78' lang='grc' dir='ltr'><em>εἶγὰρ</em></span> <span class='ocrx_word' id='word_1_353' title='bbox 339 4049 385 4102; x_wconf 80' lang='grc' dir='ltr'>καὶ</span> <span class='ocrx_word' id='word_1_354' title='bbox 402 4050 515 4118; x_wconf 77' lang='grc' dir='ltr'>λέγεται.</span> <span class='ocrx_word' id='word_1_355' title='bbox 822 4052 896 4101; x_wconf 89' lang='lat' dir='ltr'>lidem</span> <span class='ocrx_word' id='word_1_356' title='bbox 920 4060 944 4101; x_wconf 86' lang='lat' dir='ltr'>et</span> <span class='ocrx_word' id='word_1_357' title='bbox 967 4053 1066 4112; x_wconf 80' lang='lat' dir='ltr'>Segoer.</span> <span class='ocrx_word' id='word_1_358' title='bbox 1092 4046 1196 4114; x_wconf 66' lang='lat' dir='ltr'>dultin.</span> <span class='ocrx_word' id='word_1_359' title='bbox 1241 4053 1286 4102; x_wconf 86' lang='lat' dir='ltr'>atii</span> <span class='ocrx_word' id='word_1_360' title='bbox 1315 4043 1406 4112; x_wconf 67' lang='lat' dir='ltr'>dolie.</span> 
     </span>
     <span class='ocr_line' id='line_1_37' title="bbox 218 4109 1454 4185; baseline -0.004 -16"><span class='ocrx_word' id='word_1_361' title='bbox 218 4123 233 4170; x_wconf 88' lang='lat' dir='ltr'>t.</span> <span class='ocrx_word' id='word_1_362' title='bbox 260 4121 301 4170; x_wconf 86' lang='lat' dir='ltr'>Sic</span> <span class='ocrx_word' id='word_1_363' title='bbox 319 4123 418 4185; x_wconf 81' lang='lat' dir='ltr'>Sequor.</span> <span class='ocrx_word' id='word_1_364' title='bbox 454 4123 482 4170; x_wconf 80' lang='lat' dir='ltr'>tr</span> <span class='ocrx_word' id='word_1_365' title='bbox 507 4121 547 4170; x_wconf 84' lang='lat' dir='ltr'>alii</span> <span class='ocrx_word' id='word_1_366' title='bbox 572 4129 595 4169; x_wconf 79' lang='lat' dir='ltr'>et</span> <span class='ocrx_word' id='word_1_367' title='bbox 622 4119 678 4170; x_wconf 86' lang='lat' dir='ltr'>editi</span> <span class='ocrx_word' id='word_1_368' title='bbox 697 4121 769 4170; x_wconf 89' lang='lat' dir='ltr'>omit·</span> <span class='ocrx_word' id='word_1_369' title='bbox 818 4117 874 4168; x_wconf 37' lang='lat' dir='ltr'>*lior</span> <span class='ocrx_word' id='word_1_370' title='bbox 891 4119 990 4179; x_wconf 82' lang='lat' dir='ltr'>Seguer.</span> <span class='ocrx_word' id='word_1_371' title='bbox 1010 4118 1105 4170; x_wconf 85' lang='lat' dir='ltr'>Goblor.</span> <span class='ocrx_word' id='word_1_372' title='bbox 1125 4120 1303 4170; x_wconf 63' lang='lat' dir='ltr'>ett&#39;etetmt</span> <span class='ocrx_word' id='word_1_373' title='bbox 1323 4109 1337 4164; x_wconf 81' lang='grc' dir='ltr'><strong>ὅ</strong></span> <span class='ocrx_word' id='word_1_374' title='bbox 1355 4131 1405 4165; x_wconf 84' lang='grc' dir='ltr'>πα·</span> <span class='ocrx_word' id='word_1_375' title='bbox 1448 4116 1454 4124; x_wconf 88' lang='grc'><strong>’</strong></span> 
     </span>
     <span class='ocr_line' id='line_1_38' title="bbox 183 4177 1407 4268; baseline 0 -31"><span class='ocrx_word' id='word_1_376' title='bbox 183 4196 234 4237; x_wconf 89' lang='lat' dir='ltr'>tuot</span> <span class='ocrx_word' id='word_1_377' title='bbox 252 4179 348 4252; x_wconf 74' lang='grc' dir='ltr'><em>μόνον.</em></span> <span class='ocrx_word' id='word_1_378' title='bbox 384 4188 768 4250; x_wconf 68' lang='lat' dir='ltr'>ttoxs‘eguer.nobter.tetctm.</span> <span class='ocrx_word' id='word_1_379' title='bbox 822 4178 874 4268; x_wconf 69' lang='lat' dir='ltr'>sqq</span> <span class='ocrx_word' id='word_1_380' title='bbox 897 4177 1015 4254; x_wconf 68' lang='grc' dir='ltr'>ἆρῤητος</span> <span class='ocrx_word' id='word_1_381' title='bbox 1032 4178 1154 4253; x_wconf 63' lang='lat' dir='ltr'>intinxti.</span> <span class='ocrx_word' id='word_1_382' title='bbox 1190 4187 1281 4236; x_wconf 81' lang='lat' dir='ltr'>ibidem</span> <span class='ocrx_word' id='word_1_383' title='bbox 1301 4181 1407 4237; x_wconf 68' lang='lat' dir='ltr'>celsiore</span> 
     </span>
     <span class='ocr_line' id='line_1_39' title="bbox 187 4247 1072 4317; baseline 0.001 -14"><span class='ocrx_word' id='word_1_384' title='bbox 187 4256 207 4304; x_wconf 92' lang='grc'>1.</span> <span class='ocrx_word' id='word_1_385' title='bbox 226 4256 292 4306; x_wconf 75' lang='lat' dir='ltr'>snb.</span> <span class='ocrx_word' id='word_1_386' title='bbox 313 4247 402 4303; x_wconf 74' lang='grc' dir='ltr'><em>ὄντων</em></span> <span class='ocrx_word' id='word_1_387' title='bbox 426 4253 476 4304; x_wconf 81' lang='grc' dir='ltr'>τοῦ</span> <span class='ocrx_word' id='word_1_388' title='bbox 492 4253 568 4305; x_wconf 71' lang='lat' dir='ltr'>decri.</span> <span class='ocrx_word' id='word_1_389' title='bbox 605 4255 668 4306; x_wconf 79' lang='lat' dir='ltr'>Editi</span> <span class='ocrx_word' id='word_1_390' title='bbox 687 4264 711 4306; x_wconf 86' lang='lat' dir='ltr'>et</span> <span class='ocrx_word' id='word_1_391' title='bbox 728 4256 769 4305; x_wconf 85' lang='lat' dir='ltr'>alii</span> <span class='ocrx_word' id='word_1_392' title='bbox 820 4267 867 4302; x_wconf 78' lang='grc' dir='ltr'>και</span> <span class='ocrx_word' id='word_1_393' title='bbox 885 4257 955 4306; x_wconf 83' lang='lat' dir='ltr'>deest</span> <span class='ocrx_word' id='word_1_394' title='bbox 973 4255 996 4304; x_wconf 87' lang='lat' dir='ltr'>io</span> <span class='ocrx_word' id='word_1_395' title='bbox 1016 4255 1072 4317; x_wconf 81' lang='lat' dir='ltr'>lisg.</span> 
     </span>
     <span class='ocr_line' id='line_1_40' title="bbox 183 4314 1407 4388; baseline -0.002 -18"><span class='ocrx_word' id='word_1_396' title='bbox 183 4314 274 4370; x_wconf 77' lang='grc' dir='ltr'><em>ὄντων</em></span> <span class='ocrx_word' id='word_1_397' title='bbox 291 4323 331 4388; x_wconf 72' lang='grc' dir='ltr'>τῷ</span> <span class='ocrx_word' id='word_1_398' title='bbox 348 4322 413 4388; x_wconf 67' lang='grc' dir='ltr'>θεῷ.</span> <span class='ocrx_word' id='word_1_399' title='bbox 853 4325 870 4373; x_wconf 89' lang='lat' dir='ltr'>i.</span> <span class='ocrx_word' id='word_1_400' title='bbox 889 4323 945 4373; x_wconf 82' lang='lat' dir='ltr'>Vide</span> <span class='ocrx_word' id='word_1_401' title='bbox 963 4337 1037 4386; x_wconf 79' lang='lat' dir='ltr'>cupre</span> <span class='ocrx_word' id='word_1_402' title='bbox 1056 4337 1079 4386; x_wconf 93' lang='lat' dir='ltr'>p.</span> <span class='ocrx_word' id='word_1_403' title='bbox 1096 4321 1153 4373; x_wconf 82' lang='lat'>³98.</span> <span class='ocrx_word' id='word_1_404' title='bbox 1180 4317 1316 4386; x_wconf 71' lang='lat' dir='ltr'>[iterandi.</span> <span class='ocrx_word' id='word_1_405' title='bbox 1336 4321 1407 4384; x_wconf 78' lang='lat' dir='ltr'>epist.</span> 
     </span>
     <span class='ocr_line' id='line_1_41' title="bbox 218 4388 1407 4454; baseline -0.004 -14"><span class='ocrx_word' id='word_1_406' title='bbox 218 4405 239 4448; x_wconf 77' lang='lat' dir='ltr'>p.</span> <span class='ocrx_word' id='word_1_407' title='bbox 260 4391 317 4452; x_wconf 75' lang='lat' dir='ltr'>tog.</span> <span class='ocrx_word' id='word_1_408' title='bbox 335 4394 457 4454; x_wconf 79' lang='lat' dir='ltr'>luglican.</span> <span class='ocrx_word' id='word_1_409' title='bbox 477 4391 548 4441; x_wconf 80' lang='lat' dir='ltr'>besil.</span> <span class='ocrx_word' id='word_1_410' title='bbox 566 4388 616 4439; x_wconf 84' lang='grc' dir='ltr'>τοῦ</span> <span class='ocrx_word' id='word_1_411' title='bbox 633 4388 702 4439; x_wconf 72' lang='lat' dir='ltr'>oron</span> <span class='ocrx_word' id='word_1_412' title='bbox 718 4403 770 4438; x_wconf 80' lang='grc' dir='ltr'>πα·</span> <span class='ocrx_word' id='word_1_413' title='bbox 821 4392 910 4454; x_wconf 76' lang='lat' dir='ltr'>turpet.</span> <span class='ocrx_word' id='word_1_414' title='bbox 936 4389 965 4440; x_wconf 86' lang='lat' dir='ltr'>ad</span> <span class='ocrx_word' id='word_1_415' title='bbox 989 4389 1125 4453; x_wconf 78' lang='lat' dir='ltr'>Episcopos</span> <span class='ocrx_word' id='word_1_416' title='bbox 1149 4403 1184 4439; x_wconf 92' lang='lat' dir='ltr'>nr.</span> <span class='ocrx_word' id='word_1_417' title='bbox 1205 4388 1243 4447; x_wconf 73' lang='lat'>2..</span> <span class='ocrx_word' id='word_1_418' title='bbox 1263 4389 1303 4438; x_wconf 88' lang='lat' dir='ltr'>ubi</span> <span class='ocrx_word' id='word_1_419' title='bbox 1322 4389 1407 4436; x_wconf 83' lang='lat' dir='ltr'>sudoro</span> 
     </span>
     <span class='ocr_line' id='line_1_42' title="bbox 183 4450 1406 4528; baseline 0.001 -24"><span class='ocrx_word' id='word_1_420' title='bbox 183 4451 255 4522; x_wconf 77' lang='grc' dir='ltr'><strong><em>πρός,</em></strong></span> <span class='ocrx_word' id='word_1_421' title='bbox 291 4457 353 4509; x_wconf 73' lang='lat' dir='ltr'>euin</span> <span class='ocrx_word' id='word_1_422' title='bbox 378 4469 402 4510; x_wconf 85' lang='lat' dir='ltr'>et</span> <span class='ocrx_word' id='word_1_423' title='bbox 424 4460 465 4508; x_wconf 84' lang='lat' dir='ltr'>atii</span> <span class='ocrx_word' id='word_1_424' title='bbox 490 4455 540 4506; x_wconf 79' lang='grc' dir='ltr'>τοῦ</span> <span class='ocrx_word' id='word_1_425' title='bbox 557 4450 669 4524; x_wconf 78' lang='grc' dir='ltr'><em>πατρός.</em></span> <span class='ocrx_word' id='word_1_426' title='bbox 708 4459 768 4508; x_wconf 86' lang='lat' dir='ltr'>tbid.</span> <span class='ocrx_word' id='word_1_427' title='bbox 820 4453 953 4522; x_wconf 77' lang='lat' dir='ltr'>leguntur]</span> <span class='ocrx_word' id='word_1_428' title='bbox 1398 4511 1406 4528; x_wconf 24' lang='grc' dir='ltr'>ἢ</span> 
     </span>
     <span class='ocr_line' id='line_1_43' title="bbox 182 4518 1407 4588; baseline -0.003 -16"><span class='ocrx_word' id='word_1_429' title='bbox 182 4525 282 4586; x_wconf 78' lang='lat' dir='ltr'>Segoer.</span> <span class='ocrx_word' id='word_1_430' title='bbox 303 4535 327 4575; x_wconf 89' lang='lat' dir='ltr'>et</span> <span class='ocrx_word' id='word_1_431' title='bbox 344 4529 401 4588; x_wconf 83' lang='lat' dir='ltr'>lteg.</span> <span class='ocrx_word' id='word_1_432' title='bbox 421 4518 563 4584; x_wconf 71' lang='grc' dir='ltr'>ἰδιότητος.</span> <span class='ocrx_word' id='word_1_433' title='bbox 600 4524 661 4576; x_wconf 83' lang='lat' dir='ltr'>utto</span> <span class='ocrx_word' id='word_1_434' title='bbox 687 4533 711 4575; x_wconf 85' lang='lat' dir='ltr'>st</span> <span class='ocrx_word' id='word_1_435' title='bbox 728 4525 769 4575; x_wconf 90' lang='lat' dir='ltr'>alii</span> <span class='ocrx_word' id='word_1_436' title='bbox 854 4527 876 4574; x_wconf 80' lang='lat' dir='ltr'>t.</span> <span class='ocrx_word' id='word_1_437' title='bbox 896 4525 999 4585; x_wconf 70' lang='lat' dir='ltr'>sepner.</span> <span class='ocrx_word' id='word_1_438' title='bbox 1025 4521 1122 4572; x_wconf 84' lang='lat' dir='ltr'>Gobler.</span> <span class='ocrx_word' id='word_1_439' title='bbox 1147 4530 1171 4570; x_wconf 87' lang='lat' dir='ltr'>et</span> <span class='ocrx_word' id='word_1_440' title='bbox 1196 4521 1299 4570; x_wconf 78' lang='lat' dir='ltr'>l&#39;elekm.</span> <span class='ocrx_word' id='word_1_441' title='bbox 1323 4521 1344 4569; x_wconf 90' lang='lat' dir='ltr'>t.</span> <span class='ocrx_word' id='word_1_442' title='bbox 1361 4529 1407 4568; x_wconf 77' lang='lat' dir='ltr'>snt</span> 
     </span>
     <span class='ocr_line' id='line_1_44' title="bbox 182 4581 1407 4656; baseline -0.002 -18"><span class='ocrx_word' id='word_1_443' title='bbox 182 4581 354 4652; x_wconf 73' lang='lat' dir='ltr'>didcdrqeoc,</span> <span class='ocrx_word' id='word_1_444' title='bbox 383 4603 410 4643; x_wconf 87' lang='lat' dir='ltr'>ot</span> <span class='ocrx_word' id='word_1_445' title='bbox 436 4602 461 4643; x_wconf 88' lang='lat' dir='ltr'>et</span> <span class='ocrx_word' id='word_1_446' title='bbox 482 4593 594 4656; x_wconf 79' lang='lat' dir='ltr'>legerunt</span> <span class='ocrx_word' id='word_1_447' title='bbox 614 4593 722 4644; x_wconf 75' lang='lat' dir='ltr'>Noouios</span> <span class='ocrx_word' id='word_1_448' title='bbox 745 4599 770 4640; x_wconf 80' lang='lat' dir='ltr'>et</span> <span class='ocrx_word' id='word_1_449' title='bbox 819 4586 920 4654; x_wconf 71' lang='lat' dir='ltr'>pltare,</span> <span class='ocrx_word' id='word_1_450' title='bbox 941 4581 1083 4651; x_wconf 75' lang='grc' dir='ltr'>ἀναλόγως</span> <span class='ocrx_word' id='word_1_451' title='bbox 1099 4587 1157 4640; x_wconf 77' lang='grc' dir='ltr'>τοῖς</span> <span class='ocrx_word' id='word_1_452' title='bbox 1173 4581 1271 4638; x_wconf 70' lang='grc' dir='ltr'>ἑαυτοῦ</span> <span class='ocrx_word' id='word_1_453' title='bbox 1286 4582 1407 4652; x_wconf 72' lang='grc' dir='ltr'>μέτροις·</span> 
     </span>
    </p>
   </div>
   <div class='ocr_carea' id='block_1_6' title="bbox 0 0 1622 5286">
    <p class='ocr_par' dir='ltr' id='par_1_6' title="bbox 0 0 1622 5286">
     <span class='ocr_line' id='line_1_45' title="bbox 0 0 1622 5286; baseline 0 1"><span class='ocrx_word' id='word_1_454' title='bbox 0 0 1622 5286; x_wconf 95' lang='lat' dir='ltr'> </span> 
     </span>
    </p>
   </div>
  </div>
 </body>
</html>
