3176 5304
665 367 840 445 celerimo.
1350 385 1370 448 9

112 551 179 614 161.
208 571 247 614 a.
276 555 368 617 1611.
391 551 552 632 evulgavit,
584 551 645 613 duo
666 560 781 648 tantum
803 549 967 613 celebriora
989 549 1199 630 opusculorum
1222 550 1370 630 dogmati-

111 671 244 715 cos-um
276 661 454 732 syntagmata
483 653 579 714 lucem
607 651 754 733 publicam
782 651 991 732 adspexerant.
1036 651 1197 732 Utrumque
1225 671 1369 731 quaenam

108 755 304 827 contineat,
328 755 358 816 in
380 754 479 816 lronte
500 753 675 816 declaratur.
712 753 810 815 Unum
834 771 938 814 eorum
954 751 1128 831 inscriptum
1147 763 1208 814 est:
1235 752 1371 817 Veterum

108 865 306 920 6666166616
328 857 381 936 qui
399 853 449 916 lx.
472 853 593 918 saeculo
626 855 663 916 de
688 853 970 934 praedestinatiana
999 865 1029 917 et
1058 857 1161 932 pratia
1182 859 1372 935 scripserunt

110 973 238 1036 opera
273 965 302 1017 et
330 955 505 1035 [66666616
537 975 636 1017 nnnc.
649 959 784 1037 pm'mnm
815 957 848 1014 in
881 954 977 1016 iucem
1009 955 1088 1017 edita
1118 972 1194 1016 cura
1223 967 1251 1018 et
1272 959 1370 1018 studio

114 1055 279 1146 (filberti
308 1055 463 1137 ldauguin.
507 1055 626 1119 Editum
655 1055 684 1117 id
719 1064 765 1116 est
791 1055 912 1117 Parisiis
945 1073 970 1117 6.
1004 1057 1095 1120 1650.
1124 1054 1243 1117 duobus
1273 1057 1371 1119 tomis.

109 1155 275 1220 Alterum
298 1164 346 1219 est
365 1156 475 1219 Leonis
497 1156 594 1219 bllatil
618 1155 746 1220 Graecia
767 1157 940 1219 artladoaa
962 1155 1073 1218 Romae
1101 1174 1127 1218 a.
1154 1159 1246 1220 1652.
1270 1159 1371 1220 6159.

111 1257 264 1319 duobus
293 1257 392 1330 tomis,
425 1257 456 1319 in
489 1258 597 1338 quibus
627 1257 809 1320 recentiores
838 1257 979 1320 ecclesiae
1001 1276 1122 1337 graecae
1144 1257 1308 1338 scriptores
1338 1259 1373 1320 de

110 1364 340 1438 processione
355 1361 485 1438 spiritns
507 1357 532 1421 s.
556 1371 586 1423 et
607 1359 676 1420 aliia
692 1369 823 1438 agentes,
846 1357 1032 1437 Nicephorus
1047 1357 1218 1432 lilemmida,
1241 1357 1373 1420 loannes

13 1473 15 1537 4
114 1458 259 1521 Veoous
274 1457 380 1538 aliique
401 1459 432 1520 in
455 1459 548 1522 titulis
570 1459 725 1538 utriusque
748 1459 820 1520 tomi
843 1457 987 1520 nominati
1011 1458 1209 1522 continentur.
1386 1457 1390 1470 ‘

230 1559 386 1628 Saeculum
408 1561 549 1640 superius
572 1569 660 1639 atque
682 1559 767 1621 etiam
791 1559 849 1620 boc
871 1566 1005 1620 nastrum
1039 1559 1112 1622 satis
1140 1561 1258 1640 quidem
1292 1562 1373 1623 lerax

118 1660 197 1722 luit
231 1659 454 1723 collectionibus
487 1669 750 1722 monumentorum
779 1659 888 1721 veteris
920 1660 1077 1734 ecclesiae,
1111 1661 1164 1724 sed
1193 1681 1245 1723 eae
1278 1680 1372 1741 paene

121 1779 252 1823 omnes
272 1760 440 1834 anecdotis,
473 1779 548 1840 qnae
570 1763 607 1823 61
629 1761 725 1822 varias
748 1759 917 1841 disciplinas
939 1761 1123 1841 theologicas
1145 1780 1253 1842 resque
1275 1762 1371 1824 ecole-

123 1861 283 1924 siasticas
305 1869 451 1942 spectant,
473 1862 643 1941 implentur.
688 1862 801 1923 Paucae
815 1863 855 1923 ita
870 1862 1021 1925 institutae
1037 1871 1117 1936 sunt,
1140 1872 1173 1926 ut
1187 1870 1238 1924 aut
1252 1864 1373 1924 omnino

127 1969 196 2024 aut
216 1962 331 2023 maiore
353 1945 494 2041 ex'pana
515 1962 599 2024 libris
614 1963 791 2042 dogmaticis
806 1971 892 2040 atque
908 1962 1061 2042 polemicis
1076 1971 1257 2027 constarent
1289 1963 1375 2025 Tales

130 2051 270 2123 omnino
299 2069 372 2124 sunt
400 2061 604 2136 collectiones,
638 2081 715 2144 quae
742 2062 860 2125 duobus
889 2061 1032 2125 ecclesias
1059 2083 1197 2127 romanae
1226 2063 1374 2144 theologis

130 2161 382 2235 litteratissimis,
403 2162 536 2243 Joseplro
557 2163 665 2226 llariae
688 2163 842 2226 Tommasi
864 2165 900 2226 11.
916 2165 950 2226 Ε.
967 2163 1113 2226 Cardinali
1135 2165 1262 2227 etPetro
1277 2167 1371 2227 Fran-

133 2261 228 2323 cisco
259 2263 393 2342 Foggini,
425 2263 623 2326 bibliothecae
656 2265 813 2328 vaticanae
846 2266 972 2340 custodi,
1006 2265 1161 2328 debentur.
1206 2265 1285 2328 lllius
1319 2267 1373 2329 16-

136 2367 322 2426 stitntiones
362 2365 542 2447 theologicae
569 2371 767 2448 antiquorum
792 2380 919 2448 patrum
952 2367 1019 2430 sine
1048 2367 1171 2429 editoris
1203 2369 1323 2430 nomine
1345 2387 1372 2428 6.

142 2463 392 2528 1709-12.111.
414 2465 482 2528 roll.
505 2485 541 2530 ex
562 2468 755 2549 typographia
777 2467 1024 2550 congregationis
1047 2468 1085 2530 de
1105 2469 1294 2550 propaganda
1316 2469 1373 2530 lide

140 2563 279 2644 vulgatae
301 2571 380 2627 sunt.
423 2565 456 2628 ln
480 2567 576 2647 primo
599 2568 750 2631 volumine
770 2577 840 2648 post
869 2569 1051 2650 praemissas
1072 2569 1193 2644 Leonis,
1222 2569 1374 2631 innocen-

143 2661 183 2723 tii
203 2664 253 2725 111.
277 2673 308 2725 61
329 2663 463 2746 Gregorii
484 2667 523 2728 bl.
547 2669 698 2746 epistolas,
720 2668 827 2748 quibus
855 2671 943 2733 lectio
973 2679 1090 2751 patrum
1117 2670 1262 2733 ecclesiae
1290 2687 1375 2730 com-

146 2764 318 2836 mendator,
344 2765 504 2826 lectoribus
526 2767 700 2829 exhibentur
721 2769 895 2832 Tertulliani
921 2771 998 2834 liber
1025 2771 1062 2834 de
1089 2769 1376 2852 praescriptionibus

152 2861 219 2924 adr.
242 2861 418 2936 haereticos,
441 2864 578 2942 Gregorii
599 2865 667 2927 Noa.
690 2885 735 2930 or.
746 2867 847 2930 xxu.
865 2878 895 2931 et
904 2871 1036 2933 lilllllll.
1053 2872 1116 2933 sive
1137 2872 1235 2952 prima
1258 2869 1377 2930 theolo-

149 2963 225 3042 gica,
243 2961 389 3022 vincentii
405 2961 575 3026 Lerinensis
590 2967 864 3031 commonitorium:
885 2969 916 3030 in
938 2971 1071 3032 secundo
1087 2969 1225 3050 Cypriani
1239 2969 1314 3029 liber
1329 2969 1377 3030 lll.

148 3061 393 3125 testimoniorum
416 3061 452 3125 ad
475 3062 633 3136 Quirinum
655 3075 684 3127 61
704 3065 805 3128 6661111
815 3069 852 3129 Μ.
867 3069 1010 3142 Ascetica,
1032 3069 1108 3130 liber
1129 3069 1166 3131 de
1188 3067 1297 3131 iudicio
1319 3067 1377 3144 dei,

150 3163 186 3225 16
209 3181 279 3225 vera
301 3181 336 3224 ac
354 3165 404 3243 616
426 3163 495 3237 lide,
517 3182 575 3226 nec
589 3166 726 3229 6666166
737 3167 874 3231 bloralia:
896 3169 927 3230 in
945 3167 1032 3231 tertio
1043 3167 1198 3249 Epiphanii
1212 3169 1375 3232 Ancoratus

148 3273 179 3326 61
199 3263 467 3343 166666161666616
496 3267 717 3330 emendatiores
746 3287 834 3348 quam
862 3271 893 3332 in
922 3271 968 3332 ed.
997 3269 1115 3332 Patavii.
1157 3269 1278 3350 lieliqua
1300 3291 1375 3352 quae

148 3363 241 3426 voluit
260 3364 409 3428 solumina
430 3367 591 3446 quominus
613 3368 730 3444 ederet,
761 3369 806 3431 vir
832 3369 1086 3434 eminentissimus
1113 3381 1209 3434 morte
1237 3391 1374 3452 praema-

149 3475 214 3526 tura
234 3465 396 3545 impeditus
419 3475 475 3528 est.
518 3467 616 3532 Altera
638 3470 772 3532 collectio
795 3469 1375 3554 65166616166166661611616666661
1484 3502 1488 3514 ·

148 3567 256 3627 iratres
277 3566 460 3628 Palearinios
482 3568 519 3630 ab
542 3587 568 3630 6.
594 3571 684 3634 1754.
706 3579 821 3652 septem
844 3573 933 3637 tomis
953 3573 1065 3654 prodiit
1086 3573 1141 3636 bac
1164 3573 1374 3653 inscriptione:

112 3678 117 3688 ·
150 3665 206 3727 SS.
224 3665 351 3730 Patrem
370 3686 462 3748 opera
482 3669 592 3734 selecta
613 3671 763 3752 depretia
781 3674 870 3738 det'et
886 3676 1166 3755 praedestinatione
1188 3685 1375 3736 sanctorum.

151 3765 251 3828 Primo
274 3776 356 3830 tomo
378 3778 409 3830 et
429 3769 561 3832 secundo
578 3772 737 3851 separatim
756 3775 907 3838 venalibus
927 3773 958 3838 S.
973 3778 1137 3855 Augustini
1157 3792 1251 3855 opera
1266 3773 1376 3836 selecta

152 3863 339 3941 exhibentur,
362 3871 555 3948 sequentibus
571 3871 713 3954 Prosperi
728 3875 876 3954 Aquitani,
891 3875 1037 3956 Fulgentii
1059 3875 1243 3954 aliorumque
1258 3875 1376 3954 potiora

152 3965 287 4028 eiusdem
303 3971 467 4048 argumenti
488 3971 641 4051 opuscula,
657 3993 732 4054 quae
744 3976 814 4038 nolo
833 3977 949 4055 singula
965 3993 1149 4039 enumerare.
1178 3974 1290 4037 Meritis
1309 3975 1374 4037 lau·

152 4065 239 4128 dibus
250 4065 514 4133 Schoenemannus
534 4072 693 4135 editionem
706 4075 782 4138 hanc
793 4077 972 4156 praedicavit
986 4096 1046 4141 non
1064 4075 1154 4138 modo
1166 4075 1374 4138 nitidissimam

154 4171 184 4227 et
193 4167 288 4229 forma
303 4169 562 4252 descriptioneque
577 4175 645 4236 usui
663 4173 856 4254 aptissimam,
874 4197 973 4241 verum
990 4167 1078 4242 etiam
1094 4175 1375 4240 emendatissimam.

153 4265 218 4328 vid.
231 4267 375 4332 Bibliotb.
394 4271 641 4354 bistonio-liter.
657 4285 783 4356 patrum
799 4277 853 4340 161.
866 4279 951 4342 Tam.
963 4279 1000 4342 ll.
1014 4301 1044 4360 p.
1059 4281 1130 4345 189.
1163 4277 1273 4340 Contra
1296 4297 1374 4341 666-

152 4367 211 4430 6161
234 4370 347 4431 maiore
369 4389 403 4433 ex
426 4382 510 4452 parte
533 4375 591 4436 huc
611 4377 762 4455 pertinent
775 4377 1095 4463 Sanctorumpetrum
1117 4398 1210 4461 opera
1227 4379 1377 4460 polemico

152 4467 189 4530 ab
217 4469 377 4534 Francisco
410 4473 561 4538 Obertbitr
589 4478 629 4539 ad
655 4481 885 4543 commodiorem
916 4501 1006 4544 nsnm
1039 4483 1118 4545 edita
1148 4478 1330 4559 Wirceburgi
1359 4495 1376 4540 a

156 4572 333 4637 1777-94.
356 4571 483 4640 xxxtv.
508 4577 580 4640 volt.
623 4577 740 4643 Etenim
763 4581 843 4662 quod
865 4599 927 4645 non
949 4581 1097 4664 promittit
1124 4577 1229 4645 1116161
1252 4577 1301 4644 hie
1322 4595 1376 4657 gc-
