3054 5236
529 352 734 448 'avrsromuo
749 395 927 441 mammon.
1265 387 1327 452 853

2 543 105 604 ervi
145 545 304 624 accepit
332 545 453 619 Filius,
486 546 537 630 qui
564 545 595 606 in
624 547 720 608 forma
741 544 794 608 bei
816 555 878 620 cst,
912 545 1075 625 diminutus
1098 548 1249 614 divinitate
1271 563 1414 630 estnon.

7 645 76 706 ed
118 654 264 708 contra
309 649 482 708 universae
516 647 613 708 caruis
644 665 804 727 rerumque
833 648 967 710 omnium
995 657 1160 712 creatarum
1186 651 1328 716 liberator

7 748 93 825 ipse
132 747 221 808 tuit.
280 748 330 810 Et
367 766 440 809 vero
469 747 495 808 si
517 747 597 809 bens
619 747 724 809 Filium
753 766 842 808 suum
870 747 954 810 misit
981 767 1017 810 ex
1038 749 1162 814 muliere
1183 753 1327 831 genitum,

8 847 109 910 nihii
137 868 238 911 sanc
267 847 459 922 dedecoris,
481 847 534 910 sed
556 848 658 928 potius
679 848 805 928 gloriam
827 849 857 910 et
878 841 1001 927 gratiam
1023 869 1159 930 magnam
1173 854 1262 916 uobis
1276 873 1412 918 resnou.

19 950 82 1010 iiia
122 953 371 1031 comparavit.
416 949 569 1030 Siquidem
595 951 690 1010 iectus
718 950 810 1010 bomo
840 958 904 1024 est,
933 959 967 1012 ut
987 965 1045 1012 nos
1068 953 1099 1012 in
1121 952 1226 1036 seipso
1247 955 1349 1018 Deos·

23 1051 208 1124 efficeret,
241 1053 360 1114 iaetus
382 1061 430 1114 e'st
451 1071 486 1112 er
506 1051 633 1112 muliere
654 1059 685 1112 et
705 1051 824 1129 genitus
846 1058 894 1112 est
916 1070 952 1112 ex
973 1051 1103 1131 virgine,
1126 1061 1160 1116 ut
1181 1065 1328 1118 errantem

26 1155 158 1216 nostri
187 1160 321 1216 ortum
346 1137 519 1215 mentemst
540 1152 572 1214 in
594 1152 739 1231 seipsum.
761 1159 849 1230 atque
871 1151 929 1214 iam
951 1169 1009 1214 nos
1031 1169 1125 1232 genus
1148 1163 1282 1218 sancum
1299 1167 1330 1220 et

33 1255 186 1318 divinae
223 1263 407 1318 consortes
427 1263 550 1316 neutrae
572 1254 773 1326 efficeremur,
804 1252 1054 1332 quemadmodum
1077 1255 1199 1335 scripsit
1219 1257 1327 1321 Beatus

38 1357 190 1418 Petrus.
245 1357 348 1418 Unde
374 1357 455 1438 qood
480 1355 666 1436 impossibiie
694 1365 761 1415 arat
790 1353 861 1433 tegi,
891 1359 1010 1442 irasque
1032 1357 1250 1437 infirmabatur
1268 1379 1328 1440 per
1358 1413 1372 1428 .

44 1459 353 1530 contammata
380 1461 473 1520 ativae
496 1453 573 1518 Fib'o
601 1473 657 1517 arto
680 1455 960 1518 insimilitudinum
982 1461 1271 1538 corntapaooott'et
1293 1463 1328 1525 de

44 1559 201 1640 peccato
232 1563 402 1621 damnavit
419 1568 574 1637 praestum
595 1561 629 1618 ιἰι
652 1573 753 1618 carne.

157 1665 196 1725 5.
253 1661 306 1721 An
329 1657 572 1737 corrigimini,
596 1657 1326 1740 quiassumtamaVerbooernemquoomues

57 1762 230 1824 homines
270 1759 429 1832 liberaret,
463 1777 498 1820 ex
526 1758 653 1820 mortuis
685 1758 879 1820 exsuscitaret
908 1761 1135 1840 epeecatisque
1155 1763 1327 1838 redimeret,

25 1945 26 1950 ἵ
57 1864 295 1944 vilipendunt,
317 1861 364 1922 vel
386 1861 449 1922 eius
472 1879 559 1922 causa
581 1860 688 1923 Filium
711 1859 764 1922 Dei
787 1869 925 1950 torquem
948 1875 1012 1922 rem
1033 1862 1139 1924 saetam
1161 1872 1327 1926 creatumve

63 1965 328 2036 calumnientur,
350 1963 458 2042 ingrati
480 1963 620 2041 omnique
642 1962 712 2024 odio
728 1961 809 2040 digni
825 1961 917 2023 videri
933 1959 1065 2024 debenti
1102 1961 1229 2026 Tantum
1247 1964 1326 2026 eadm

23 2070 26 2082 '
65 2085 139 2128 non
172 2067 221 2128 ita
256 2066 385 2128 clamant
412 2064 448 2126 ad
470 2063 580 2126 Deum:
613 2063 682 2136 „Ne
711 2063 811 2125 mittas
834 2061 943 2124 Filium
969 2073 1057 2126 tuum
1083 2065 1266 2144 unigenitum
1294 2065 1327 2126 iu
1381 2077 1391 2098 ‘

71 2186 258 2240 „earnem
283 2166 344 2228 noli
366 2165 462 2248 ipsum
485 2183 605 2226 carnem
627 2183 663 2226 ex
684 2163 805 2242 Virgine
827 2165 979 2244 accipere,
1001 2172 1038 2228 n'e
1060 2185 1117 2228 nos
1139 2185 1156 2228 a
1178 2170 1276 2229 morte
1297 2167 1328 2228 e't
1392 2247 1395 2255 ⁴

23 2255 28 2263 ’
79 2278 252 2349 „pemmo
280 2267 396 2344 tibere.
440 2267 584 2330 Nolumus
613 2267 694 2327 buno
720 2257 801 2328 nasei
831 2265 862 2326 in
883 2285 1028 2346 corpore,
1061 2285 1098 2330 ne
1120 2275 1247 2329 mortem
1268 2285 1326 2346 pro
1413 2267 1418 2276 '

27 2360 34 2392 '¹
77 2369 210 2444 „uobis
235 2349 390 2450 sdseipiat,
413 2367 703 2452 nolumusUVerbum
726 2385 851 2430 comem.
866 2367 941 2441 deri,
963 2387 1002 2432 ne
1023 2368 1119 2430 nostri
1141 2368 1177 2428 ad
1199 2376 1228 2428 te
1249 2385 1325 2446 pro·

84 2487 258 2549 „gressus
280 2471 425 2532 mediator
447 2470 477 2530 in
501 2487 535 2531 ea
556 2471 607 2530 tiat
628 2468 829 2547 caelestesque
850 2468 1143 2530 domosinoalamus.
1169 2465 1325 2555 *utrumn-

26 2564 34 2593 *
81 2577 169 2640 „tur
193 2570 347 2632 caelorum
370 2567 545 2642 ianuae‚‘ne
568 2579 650 2629 tuum
670 2568 797 2630 Verbum
819 2587 875 2650 per
896 2555 1089 2631 carnis'sme
1110 2568 1243 2638 velamen
1265 2587 1324 2632 no·
1424 2596 1434 2608 ·

21 2666 28 2696 '¹
76 2669 164 2740 ·„bis
201 2659 265 2732 iter
292 2671 329 2730 ad
357 2669 454 2732 caelos
476 2676 631 2731 renovet.“
659 2669 720 2753 *En
743 2687 815 2749 quae
838 2669 879 2732 itti
903 2688 989 2730 voces
1013 2668 1157 2732 diabolica
1178 2688 1246 2732 cum
1267 2687 1322 2732 au-

84 2755 173 2833 da‘eie
207 2755 386 2848 proferunt,
420 2787 476 2848 que
509 2769 611 2830 eadem
644 2769 803 2849 instigante
831 2757 923 2848 prava
950 2768 1007 2830 sibi
1035 2769 1094 2848 ipsi
1121 2769 1325 2849 excogitavere

25 2867 32 2907 ³
85 2881 276 2946 commenta.
319 2870 391 2932 Nam
415 2869 465 2950 qui
488 2870 613 2958 Verbum
636 2889 754 2932 carnem
777 2872 884 2931 iamttm
907 2869 1031 2930 adorare
1053 2877 1202 2944 recusant,
1223 2870 1255 2932 hi
1274 2869 1323 2930 in-

28 2996 33 3048 j
90 2981 197 3054 gratos
231 2974 262 3034 in
295 2973 359 3033 eius
391 2971 601 3050 benignitatem
630 2991 700 3034 sese
729 2969 885 3042 exhibent,
918 2988 975 3048 que
1003 2971 1159 3033 humanam
1183 2969 1326 3034 assumsit

32 3103 34 3108 ·
94 3083 245 3136 naturam.
291 3072 349 3145 Qui
377 3082 473 3134 autem
496 3072 623 3134 Verbum
652 3090 668 3132 e
696 3087 784 3132 carne
813 3069 970 3142 dirimunt,
1005 3070 1035 3131 bi
1058 3069 1197 3150 protecto
1214 3071 1352 3148 nullam,

29 3188 36 3209 ¹
94 3177 211 3254 peccati
233 3175 448 3235 redemtionem
471 3173 617 3234 nullamve
638 3171 744 3234 mortis
768 3170 948 3232 solutionem
971 3180 1124 3233 autumant
1138 3172 1213 3234 fleri.
1249 3170 1324 3234 Ubi-

31 3296 37 3314 ·
96 3295 167 3337 nam
189 3294 261 3338 vero
285 3293 420 3347 carnem,
443 3292 530 3352 quam
552 3273 688 3334 Salvator
706 3271 837 3350 accepit,
861 3290 999 3333 seorsum
1022 3273 1151 3351 positam
1173 3272 1326 3352 reperient

97 3377 192 3456 impii,
216 3383 300 3438 utet
322 3376 420 3438 dicere
444 3375 587 3436 audemn:
609 3373 671 3436 Nos
692 3391 754 3434 non
777 3373 936 3434 adoramus
951 3373 1112 3436 Dominum
1136 3393 1203 3435 cum
1225 3391 1324 3448 cerne,

27 3489 30 3496 '
98 3479 151 3540 sed
178 3495 288 3557 corpus
316 3485 491 3556 separamus
520 3486 549 3535 et
578 3475 635 3536 soli
656 3474 785 3534 Domino
809 3471 983 3536 servimus?
1025 3474 1103 3536 Sene
1126 3473 1230 3537 beatus
1252 3473 1323 3536 Ste-

100 3579 214 3657 phanus
235 3578 395 3640 liominum
427 3597 443 3636 a
476 3577 588 3638 deruis
621 3583 751 3636 stantem
771 3575 868 3648 vidit,
900 3574 1003 3654 Angeii
1026 3591 1145 3654 quoque
1166 3573 1324 3654 Discipulis

29 3702 33 3722 ·
100 3679 229 3740 aiebant:
267 3678 317 3740 Sic
349 3683 448 3740 veniet
475 3678 720 3768 quemadmodum
748 3677 868 3739 vidistis
899 3695 967 3738 ιιιιιι
995 3686 1116 3740 ertatem
1143 3681 1175 3738 ιἰι
1199 3675 1323 3738 aethra.

105 3780 181 3851 Quin
208 3787 237 3839 et
265 3778 330 3856 ipsc
350 3779 495 3838 Dominus
517 3778 634 3838 Patrem
663 3776 815 3854 alloquens
838 3776 925 3837 dixit:
958 3777 1030 3838 Volo
1052 3789 1088 3838 ιιι
1108 3777 1164 3839 aba·
1183 3795 1251 3838 ιιιιιι
1271 3794 1323 3856 ego

28 3908 33 3925 ι
104 3889 132 3940 et
152 3877 199 3940 tttt
218 3895 334 3954 semper
357 3881 419 3938 sint
439 3873 563 3937 mecum.
592 3874 642 3934 ¹Si
669 3875 759 3954 igitur
780 3893 849 3936 caro
874 3893 890 3933 a
911 3874 1008 3936 Verbo
1031 3876 1133 3954 nequit
1154 3875 1262 3949 dividi,
1285 3895 1323 3937 an

27 3977 31 4027 ἶ
107 3997 164 4038 ivon
185 3993 305 4037 necesse
328 3984 374 4037 est
395 3975 462 4036 illos
485 3983 535 4036 eut
557 3992 660 4036 errore
682 3973 820 4053 deposito
843 3973 901 4034 iam
922 3973 1039 4036 Patrem
1062 3975 1093 4034 in
1116 3975 1237 4040 nominc
1252 3975 1324 4038 'Do-

142 4279 161 4310 ιι.
178 4261 271 4322 Seguer.
289 4259 360 4310 ussit
376 4259 500 4322 etdngiic.
517 4251 562 4306 ani
578 4249 684 4310 πάντας
734 4257 899 4320 biorSegnar.
917 4249 1046 4325 ageidae.

111 4322 200 4396 “imi''
610 4373 615 4393 ¹
768 4360 791 4408 d.
810 4359 851 4428 Sic
868 4359 967 4422 Seguer.
986 4357 1059 4410 esst.
1078 4368 1103 4410 et
1119 4361 1242 4425 anglicae.
1277 4361 1321 4410 atti

145 4433 164 4478 b
180 4430 215 4495 Sic
232 4429 331 4490 Seguer.
356 4435 427 4506 atque
445 4428 475 4476 ita
494 4427 551 4490 iegit
568 4427 683 4478 Nunnius.
734 4441 789 4476 vero
808 4421 831 4476 et
851 4428 908 4476 editi
926 4418 975 4481 oie
992 4429 1112 4480 omittunt.

115 4497 153 4546 ΜΗ
169 4505 188 4544 ι(
204 4496 258 4546 “¹¹¹¹
277 4502 389 4544 ⁰¹⁰¹¹¹⁰¹¹¹
406 4511 421 4554 '¹
440 4489 601 4576 “mimz
768 4541 789 4576 e.
808 4527 848 4576 Sic
866 4541 951 4578 omues
970 4543 1029 4578 mas.
1066 4527 1126 4580 tirio
1150 4535 1230 4578 aetem
1248 4523 1322 4574 editio

146 4609 163 4644 a
178 4595 212 4645 Sic
226 4609 311 4646 omues
323 4609 382 4646 mss.
414 4589 680 4646 Editivaroirvoido.
735 4593 851 4646 Commel.
871 4586 903 4644 ori
921 4596 1017 4648 omittit.
