3212 5272
439 999 482 1092 5.-
515 999 799 1094 masmsa
830 999 1231 1133 unsaramma

702 1157 960 1231 EPISTOLA

814 1311 856 1356 ns

577 1425 839 1489 SENTENTIA
867 1425 1090 1488 oloutstt.
1142 1521 1147 1530 ¹

684 1635 991 1648 -a———-—

657 1809 1054 1873 eudomio·

136 1990 212 2035 mue
306 1966 329 2026 l.
377 1965 476 2038 Quam
498 1963 641 2025 haetenus
665 1969 773 2028 sectati
792 1985 896 2027 stemus
919 1967 1062 2044 temporis
1079 1965 1238 2038 rationem,
1261 1959 1341 2022 nand
1356 1963 1448 2022 certis

221 2071 301 2130 notis
324 2071 356 2127 in
379 2065 433 2126 hoc
456 2064 584 2144 eptsrota
606 2065 828 2146 deprehendere
842 2066 995 2141 anianum
1018 2064 1084 2126 sodo
1100 2067 1209 2144 qnippe
1224 2061 1367 2142 Dionpsii
1379 2066 1448 2124 oin-

222 2167 344 2229 dicandi
368 2167 469 2228 studio
496 2169 638 2226 incensus
662 2166 846 2228 Athanasius
875 2147 1051 2228 nuliatenus
1080 2165 1148 2244 [ere
1174 2167 1296 2244 attinpit
1323 2161 1467 2228 illarum.

222 2278 391 2348 temporum
419 2267 628 2328 conditionem.
679 2266 748 2329 Non
781 2269 890 2329 desunt
918 2277 1017 2328 tamen
1046 2270 1253 2336 coniecturae,
1289 2283 1364 2344 puae
1391 2281 1449 2326 uos

221 2379 361 2430 moveant
389 2368 428 2429 ad
455 2385 521 2428 enm
545 2379 617 2446 post
639 2377 805 2428 tractatum
833 2387 885 2429 sen
914 2367 1072 2448 epistolam
1102 2368 1136 2428 de
1160 2364 1299 2426 Nicaenie
1322 2366 1449 2427 decretis

223 2468 433 2547 reponendam.
479 2465 556 2528 Nam
578 2468 679 2529 eodem
699 2468 796 2547 ferme
818 2481 952 2548 tempore
974 2472 1177 2548 conscriptam
1197 2467 1347 2535 indicant,
1375 2481 1452 2546 puae

196 2570 372 2630 *nnm.19.
397 2573 549 2647 tepuntur‚
573 2569 704 2630 Arianos
727 2568 840 2630 scilieet
862 2570 1010 2630 adversus
1027 2567 1188 2630 Nicaenam
1209 2565 1364 2645 Spuodum
1386 2575 1453 2627 tum

220 2673 337 2749 passim
358 2678 387 2729 et
408 2669 516 2749 ubique
540 2670 804 2740 obmurmurasse,
827 2669 906 2750 qnod
923 2669 1132 2748 praecedentis
1155 2666 1299 2746 epistolae
1321 2671 1456 2747 tempori

223 2773 361 2850 apprime
383 2771 532 2847 conpescit.
578 2768 652 2830 Item
674 2787 713 2830 erc
733 2769 821 2832 modo
845 2769 935 2831 taius
951 2769 1096 2850 epistolae
1116 2768 1277 2830 ordiendae
1293 2768 1374 2829 haud
1388 2767 1453 2829 ieoe

225 2871 349 2933 ducitur
370 2879 598 2950 arpumentum:
627 2873 734 2931 etenim
763 2871 868 2932 iisdem
888 2871 956 2950 sere
978 2871 1078 2932 vertis
1100 2874 1187 2932 initio
1210 2869 1351 2931 adhibitis
1374 2867 1453 2928 dune

220 2972 349 3051 perinde
371 2981 459 3050 atque
477 2971 706 3048 praecedentem
728 2971 768 3031 nd
789 2975 890 3032 virtum
912 2972 1015 3050 diripit
1040 2972 1257 3033 controuersiis
1282 2969 1451 3032 Catholicae

223 3075 306 3134 inter
328 3073 516 3151 Arianospue
538 3070 646 3134 habitis
669 3074 817 3132 interesse
839 3070 977 3142 solitum,
1009 3071 1088 3133 unde
1110 3073 1262 3148 arepurari
1281 3069 1384 3139 liceat,
1412 3069 1454 3130 ad

225 3173 348 3234 erendem
378 3177 479 3251 ipsum
506 3182 665 3252 utramque
692 3172 789 3251 [nisse
810 3176 942 3234 missam.
987 3171 1080 3232 Immo
1108 3170 1332 3232 sudodoramur
1361 3170 1452 3232 huius

226 3270 400 3332 scribendae
428 3277 613 3354 occasiorpm
641 3290 680 3333 ec
706 3273 897 3351 praecedenti
924 3272 1061 3334 obortam
1082 3289 1164 3334 esse:
1193 3273 1300 3351 qnippe
1323 3289 1389 3332 cnm
1410 3269 1458 3332 iii

226 3369 368 3448 De'anpsii
395 3369 493 3430 locum
518 3390 579 3450 pro
609 3372 736 3432 tutando
766 3373 914 3433 adoersns
937 3373 1069 3433 Arianos
1092 3370 1151 3433 τοῦ
1174 3362 1353 3450 &paneados
1381 3389 1455 3434 uoce

225 3468 386 3531 adtulisset
408 3467 609 3537 Athanasius,
633 3470 705 3532 haec
728 3487 820 3531 catesa
840 3471 939 3550 [uisse
961 3471 1092 3546 m'detur,
1116 3490 1173 3532 cnr
1190 3471 1300 3532 Ariani
1312 3469 1459 3548 Dionysii

226 3573 339 3646 scripto
366 3569 406 3629 nd
437 3586 524 3629 suam
550 3575 730 3632 sententiam
758 3571 937 3650 detorquere
964 3575 1159 3653 nequicquam
1187 3581 1349 3632 tentarent.
1393 3568 1457 3630 Sed

226 3667 281 3729 nae
305 3671 494 3730 coniecturae
517 3686 578 3729 non
601 3686 717 3731 omnem
736 3687 870 3747 prorsus
893 3685 1031 3733 amovent
1053 3672 1212 3734 dubitandi
1233 3670 1340 3732 iocum.

310 3767 367 3828 11.·
392 3769 502 3830 Ariani
537 3773 637 3850 itaque
671 3753 895 3830 catholicorum
933 3775 1119 3847 arpumentis
1154 3773 1272 3851 passim
1304 3770 1459 3849 eoresutati

226 3887 313 3930 suam
335 3867 483 3931 terreum
505 3869 648 3948 Dionysii
668 3868 871 3931 Alexandrini
898 3873 1032 3950 episcopi
1050 3875 1233 3932 anctoritate
1254 3870 1367 3949 suieire
1393 3873 1459 3930 nisi
1509 3887 1514 3894 ·

226 3980 309 4042 sunt,
327 3968 463 4048 prolatis
486 3971 615 4031 eiusdem
639 3969 750 4031 iitterie
772 3987 853 4031 anuo
875 3971 947 4033 263.
973 3973 1164 4050 conscriptis,
1187 3970 1241 4031 noi
1262 3970 1333 4032 dum
1349 3967 1455 4030 snoet-

226 4067 382 4130 dianornm
405 4070 581 4149 cousntcret
600 4087 746 4140 errorem,
769 4073 802 4130 in
818 4069 1029 4131 similitudines
1046 4071 1191 4151 quasdam
1206 4069 1364 4140 inciderat,
1387 4072 1455 4148 pui-

226 4167 281 4227 ous
311 4167 379 4228 iicet
408 4181 536 4246 praeter
569 4173 705 4229 creatoris
728 4181 855 4258 mentem
889 4168 970 4230 laesa
1003 4171 1157 4230 videretur
1184 4167 1271 4230 Verbi
1301 4169 1454 4230 divinitas.

229 4264 337 4326 Verum
359 4286 393 4328 ea
415 4269 450 4328 de
473 4285 507 4328 re
527 4277 634 4346 postea
656 4269 738 4348 apud
758 4268 899 4347 peutilem
920 4287 1008 4330 suum
1025 4268 1207 4348 Dionysium
1221 4267 1388 4331 Romanum
1403 4286 1455 4330 ac-

229 4375 352 4426 cusatus
378 4366 472 4428 iioros
495 4369 640 4446 quosdam
661 4365 894 4448 Apodopiampne
918 4371 1101 4448 conscripsit
1123 4369 1162 4430 ad
1185 4387 1249 4430 eam
1261 4367 1456 4448 propulsan-

228 4463 295 4524 dam
319 4469 570 4527 criminationem.
614 4464 663 4526 aa
690 4465 736 4527 in's
765 4478 864 4528 autem
882 4471 1048 4546 postremis
1072 4469 1237 4530 decessoris
1261 4471 1312 4528 sui
1331 4469 1456 4546 seriptis

228 4563 412 4626 Athanasius
431 4563 585 4628 luculenta
600 4567 743 4646 quaedam
758 4571 893 4645 eceerpit
909 4566 983 4638 ioca,
1001 4569 1107 4646 quibus
1120 4577 1352 4648 peropportune
1365 4567 1458 4628 Aria-
