3226 5308
220 359 282 424 606
429 425 436 431 ,
622 369 648 411 ε.
665 368 818 410 mmm
833 365 1059 412 ικσιιιενιεσοει

134 541 211 586 κισ.
220 545 286 586 των
307 517 390 596 θεὸς
412 513 586 602 εὐλογητὸς
609 513 657 591 είς
678 512 756 592 τοὺς
778 513 911 594 αἰῶνας,
936 508 1060 601 άμήν“).
1091 517 1164 580 Ἰκαὶ
1185 512 1300 599 όπειόὴ
1316 511 1350 580 ὲκ
1363 515 1453 580 θεοῦ

219 618 302 696 θεός
331 617 403 684 ἐστι
429 621 483 683 καὶ
513 618 572 681 τοῦ
594 617 679 680 θεοῦ
702 612 814 699 λόγος,
839 619 958 701 σοφία,
990 611 1060 694 υίὸς
1081 613 1137 682 καὶ
1158 613 1296 698 όὺναμίς
1318 613 1405 680 ἐστιν
1429 607 1451 677 6

218 717 382 805 Χριστός,
407 716 466 784 διὰ
487 720 586 782 τοῦτο
610 710 658 792 είς
679 713 762 792 θεὸς
785 713 819 781 έν
840 725 916 792 ταῖς
937 720 1052 794 θείαις
1072 727 1218 803 γραφαῖς
1237 715 1451 800 καταγγέλλε-

219 845 284 887 ται.
321 822 382 886 τοῦ
405 817 478 896 ἑνὸς
499 816 560 903 γὰρ
582 819 667 882 θεοῦ
689 814 762 893 υίὸς
785 809 831 882 ὢν
854 810 872 880 6
895 813 993 900 λόγος
1014 815 1062 894 εἰς
1084 811 1193 896 αὑτόν,
1217 806 1257 882 οὑ
1278 817 1332 883 καί
1348 815 1446 892 ἔστιν,

220 914 431 1007 ἀναφέρεται,
456 914 538 1000 ὑίςτε
559 914 619 983 όόο
640 917 701 1000 μὲν
723 910 811 982 εἶναι
832 921 963 1002 πατέρα
985 919 1039 982 καί
1061 916 1143 998 υἱόν,
1166 916 1296 1002 μονάδα
1318 919 1354 984 δὲ
1368 914 1447 982 θεό-

205 1045 317 1108 mog
346 1015 535 1106 ἀδιαίρετον
560 1016 616 1084 καὶ
646 1015 814 1099 άσχιστον.
863 1017 996 1106 λεχθείη
1027 1013 1060 1083 6²
1085 1013 1126 1085 ἂν
1153 1019 1229 1086 1’καὶ
1256 1015 1363 1096 οὑτως
1388 1023 1449 1102 μία

222 1218 437 1308 ἐξαότῆςόὲ
458 1224 516 1308 τῆς
539 1216 638 1308 ἀρχῆς
660 1218 732 1286 ἐστι
754 1218 855 1306 φὺσει
875 1219 947 1318 υἱὸς
962 1244 980 1284 ο
969 1216 1099 1305 ’λόγος
1125 1216 1183 1303 οὑχ
1197 1218 1243 1300 ιὺς
1258 1217 1339 1342 άρχὴ
1355 1168 1450 1306 ἑτέρα
1524 1249 1529 1257 ’

220 1318 297 1391 καθ
322 1319 614 1410 ὑαυτὸνὺφεστιὺς
637 1314 710 1386 οὐδ’
736 1319 863 1399 ἔξωθεν
883 1319 1004 1406 ταύτης
1017 1321 1166 1405 γεγονώς,
1191 1323 1247 1388 ἵνα
1260 1322 1307 1407 μὴ
1322 1323 1445 1409 2661&-
1462 1404 1469 1412 ·

111 1465 116 1468 -
221 1423 336 1510 ρότητι
358 1425 497 1508 όυαρχία
517 1425 571 1489 καί
594 1421 782 1514 πολυαρχία
803 1426 943 1507 γένηται,
969 1415 1113 1486 άλλά“
1073 1447 1132 1506 της
1145 1424 1226 1505 μιᾶς
1243 1416 1344 1542 ἀρχῆς
1360 1423 1450 1498 ι’όιος

224 1520 326 1603 “υιός,
351 1523 398 1590 ίόί
385 1530 421 1590 ία
443 1517 564 1611 σοφία,
589 1523 676 1600 ι’διος
698 1521 795 1607 λόγος
817 1516 911 1601 205’
873 1525 973 1608 αυτῆς
994 1517 1161 1646 ὑπάρχων.
1198 1521 1281 1588 κατὰ
1301 1521 1365 1608 γὰρ
1387 1521 1448 1587 τὸν

59 1687 62 1695 .
180 1610 187 1632 ’
218 1619 367 1712 Ἰωάννην
396 1624 430 1692 έν
452 1623 553 1712 ταύτῃ
576 1627 616 1711 τῇ
639 1619 720 1744 69x6
742 1625 782 1743 ην
805 1619 823 1688 6
846 1623 958 1709 λόγος,
986 1623 1043 1690 καὶ
1064 1620 1082 1689 6
1105 1614 1239 1709 λόγοςἲ
1220 1649 1259 1711 ην
1271 1622 1365 1790 ἐπρὸς
1385 1620 1445 1686 τὸν

223 1724 350 1808 θεόν’,γ
384 1726 467 1806 θεὸς
495 1725 556 1812 γάρ
586 1724 676 1791 ἐστιν
700 1719 718 1808 6
744 1719 843 1847 άρχη·
848 1727 932 1791 καί
955 1724 1130 1811 έπειόὴέξ
1137 1720 1250 1847 αι’πης
1271 1724 1356 1803 ἐστι,
1390 1720 1449 1787 όιὰ

223 1831 322 1895 τοῦτο
350 1829 406 1896 καὶ
434 1817 564 1907 θεὸςς
544 1853 584 1915 ην
607 1821 625 1892 6
648 1761 753 1911 λόγός.
793 1821 904 1912 ὑίςπερ
928 1828 965 1892 όὲ
985 1821 1089 1910 μία
1071 1824 1150 1913 οιρχὴ
1172 1849 1229 1891 και
1248 1824 1331 1892 κατὰ
1352 1826 1451 1890 τοῦτο

225 1925 273 2008 εἷς
294 1931 386 2010 θεός,
411 1926 516 2007 οὑτως
537 1924 626 2014 ἡτῷ
650 1923 722 1992 όντι
744 1925 801 1991 καὶ
822 1921 962 2013 άληθῶς
982 1929 1038 1993 καί
1061 1924 1165 2006 ὅντως
1187 1916 1272 1993 οὑσα
1286 1922 1384 1992 οόσία
1397 1926 1452 1992 καί

223 2027 412 2109 ὑπόστασις
432 2037 494 2115 μία
517 2029 606 2096 έστλν
628 2024 647 2113 6
670 2029 826 2113 λέγουσα·
850 2026 913 2112 ἐγώ
936 2027 1006 2112 είμι
1028 2024 1047 2092 6
1070 2025 1155 2108 66³),
1179 2032 1234 2094 καί
1251 2023 1289 2094 οὑ
1305 2027 1374 2107 όὺο,
1397 2028 1453 2094 ἵνα

37 2181 50 2196 .
138 2131 267 2219 nolam)
290 2131 349 2196 δύο
372 2125 488 2216 άρχαί,
520 2129 555 2196 ἐκ
584 2131 620 2195 δὲ
641 2132 700 2216 τῆς
721 2133 801 2214 μιᾶς
823 2127 925 2215 φύσει
945 2131 999 2194 καί
1024 2125 1163 2216 άληθῶς
1185 2128 1272 2209 υἱός,
1305 2125 1451 2216 όλόγος,

223 2229 242 2319 6
266 2237 386 2320 σοφία,
416 2226 436 2315 6
465 2230 603 2314 δύναμις
632 2231 702 2296 ἰδία
729 2227 926 2317 ὑπάρχουσα
953 2225 1054 2315 αὐτῆς
1075 2233 1129 2297 καὶ
1153 2231 1189 2311 έξ
1210 2228 1311 2320 αὑτῆς
1334 2227 1452 2316 ἀχώρι-

227 2355 314 2412 στος.
352 2328 462 2416 ὥςπερ
486 2331 521 2397 όὲ
543 2326 603 2396 οὐκ
625 2329 718 2414 άλλη,
742 2333 798 2400 ἵνα
820 2331 865 2418 μὴ
889 2330 948 2398 όὺο
972 2327 1079 2416 άρχαί,
1097 2329 1202 2412 οὑτως
1218 2330 1236 2399 6
1252 2334 1287 2400 έκ
1301 2337 1361 2420 τῆς
1374 2335 1453 2417 μιᾶς

225 2435 322 2521 λόγος
345 2428 383 2500 οὑ
406 2433 659 2516 “όιαλελυμένος
679 2427 702 2519 ἢ
724 2429 842 2512 άπλῶς
865 2435 958 2521 φωνὴ
975 2433 1165 2522 σημαντικὴ,
1190 2431 1276 2502 ἀλλὰ
1291 2430 1454 2521 οὑσιιόόης

109 2587 115 2600 ,
226 2535 323 2623 λόγος
344 2533 401 2602 καὶ
424 2529 588 2621 οὑσιιόόης
611 2540 725 2620 σοφία,
749 2529 823 2619 ἥτις
845 2534 935 2602 ἐστὶν
959 2530 977 2600 6
999 2535 1072 2614 υίὸς
1094 2530 1239 2623 άληθῶς.
1278 2535 1308 2604 εἰ
1328 2535 1390 2621 γὰρ
1414 2531 1452 2620 66

176 2717 186 2732 ,
225 2638 270 2724 μὴ
294 2632 459 2724 οὑσιιόόης
482 2637 549 2724 ε’ίη,
581 2635 675 2704 ἐ’σται
704 2630 723 2699 6
752 2633 836 2712 θεὸς
858 2637 969 2703 λαλῶν
991 2637 1038 2716 είς
1061 2632 1143 2722 άέρα
1163 2639 1216 2704 καί
1239 2641 1337 2721 σῶμα
1359 2632 1454 2702 οόόὲν
1499 2695 1506 2702 .

221 2741 329 2810 πλέον
352 2739 433 2822 έχων
456 2742 523 2806 τῶν
546 2733 749 2834 ἀνθρώπων.
788 2735 905 2822 έπειόὴ
929 2739 965 2804 δὲ
987 2732 1046 2804 οὑκ
1069 2739 1158 2805 ἔστιν
1181 2735 1373 2824 ἄνθρωπος,
1397 2732 1454 2802 οὑκ

226 2836 266 2909 όν
294 2843 344 2929 ε’ίη
373 2835 450 2908 ⁰666
478 2836 497 2906 6
527 2841 624 2926 λόγος
647 2834 748 2906 αὑτοῦ
770 2837 854 2904 κατὰ
874 2837 934 2924 τὴν
955 2842 1022 2905 τῶν
1045 2834 1242 2923 ἀνθρώπων
1265 2834 1453 2906 ἀσθένειαν.

225 2941 352 3032 ’ὥςπερ
375 2943 436 3030 γὰρ
458 2949 520 3028 μία
543 2937 642 3010 οόσία
662 2938 682 3031 6
706 2937 795 3028 ἀρχή,
821 2935 927 3019 οὑτως
949 2935 997 3018 εἷς
1020 2934 1185 3026 οὑσιώόης
1199 2943 1253 3007 καὶ
1267 2935 1454 3028 ὑφεστώςό

226 3047 346 3136 ταύτης
368 3046 465 3132 λόγος
486 3043 542 3114 καί
563 3041 583 3132 6
606 3052 721 3134 σοφία.
756 3039 805 3122 ’ὡς
825 3042 887 3129 γὰρ
911 3041 945 3109 έκ
966 3044 1050 3108 θεοῦ
1073 3041 1156 3120 θεός
1178 3040 1326 3108 ἐστικαὶ
1348 3041 1383 3108 ἐκ
1398 3065 1454 3107 σο·
1502 3069 1505 3080 ·

228 3153 294 3233 φοῦ
328 3154 434 3234 σοφία
463 3151 517 3214 καί
546 3141 581 3214 ἔκ
609 3150 741 3234 λογικοῦ
770 3145 868 3232 λόγος
889 3143 945 3211 καὶ
966 3143 1001 3212 ἐκ
1024 3143 1152 3230 πατρὸς
1174 3142 1260 3223 υἱός,
1295 3139 1400 3222 οὑτως
1422 3143 1457 3222 ἐξ

226 3241 443 3323 ὑποστάσεως
466 3242 674 3326 ’ὑπόστστος
695 3250 749 3315 καλ
773 3247 809 3326 ἐξ
830 3241 946 3324 οὑσίας
968 3239 1133 3330 οόσιώόης
1154 3243 1210 3310 καὶ
1232 3242 1381 3324 ἐνοὺσιος
1401 3247 1454 3311 καὶ

183 3393 185 3400 ·
228 3343 263 3423 έξ
284 3343 379 3422 όντος
401 3341 456 3410 ιόν.

312 3549 341 3610 2.
383 3537 474 3607 Ἐπεὶ
503 3541 533 3607 εί
559 3539 604 3626 μὴ
634 3536 797 3626 σόοιιόόης
826 3545 933 3626 σοφία
961 3539 1017 3606 καὶ
1044 3540 1194 3622 ἕνοόσιος
1216 3544 1313 3633 λόγος
1335 3551 1388 3615 καί
1411 3541 1457 3614 τόν

227 3645 307 3724 υἱός,
332 3639 417 3710 άλλόι
439 3636 557 3721 ἅπλῶς
580 3647 685 3729 σοφία
706 3643 760 3709 καὶ
783 3639 881 3726 λόγος
902 3643 957 3708 καὶ
980 3641 1051 3722 υίὸς
1074 3641 1108 3710 έν
1129 3648 1177 3732 τῷ
1200 3656 1319 3736 πατρί,
1345 3649 1394 3737 εἴη
1417 3643 1457 3716 ἂν

227 3741 327 3826 αὑτός
350 3741 368 3812 6
390 3743 501 3834 πατὴρ
526 3744 688 3823 σύνθετος
711 3743 745 3811 ἐκ
767 3749 891 3831 σοφίας
912 3747 967 3812 καὶ
991 3744 1099 3832 λόγου.
1138 3747 1167 3814 εἰ
1190 3750 1227 3816 όὲ
1248 3755 1356 3831 τοῦτο,
1380 3746 1459 3816 ἄκο-

228 3847 390 3936 λουθήσει
411 3848 453 3916 τὰ
475 3853 702 3937 προειρημένα
724 3843 846 3927 άτοπα,
871 3846 967 3914 ἔσται
992 3849 1027 3915 δὲ
1050 3847 1107 3915 καί
1129 3844 1229 3929 αὐτὸς
1251 3849 1367 3918 ἑαυτοῦ
1389 3875 1457 3916 πα-

227 3950 297 4040 τήρ,
320 3956 375 4020 καὶ
398 3949 417 4018 6
439 3950 511 4031 υίὸς
533 3945 632 4032 αὑτὸς
655 3947 771 4018 ἑαυτὸν
792 3953 915 4037 γεννῶν
935 3949 993 4019 καὶ
1014 3950 1216 4038 γεννώμενος
1245 3947 1300 4039 ὑφ’
1329 3953 1455 4032 ἑαυτοῦ,

146 4121 156 4134 ,
228 4045 250 4142 6
283 4050 388 4140 ὄνομα
419 4054 523 4138 μόνον
557 4053 627 4122 ἐστὶ
660 4053 757 4139 λόγος
788 4055 843 4119 καί
878 4059 985 4142 σοφία
1016 4055 1070 4119 καὶ
1107 4053 1192 4132 υίός,
1217 4047 1275 4136 οὑχ
1297 4050 1458 4142 ὑφέστηκε

229 4148 364 4221 δὲκαθ’
390 4143 429 4220 οὑ
450 4155 580 4240 λέγεται
601 4157 729 4234 ταῦτα,
749 4151 941 4238 μᾶλλονδὲ
965 4151 1002 4232 ὑς
1024 4153 1096 4220 ἐστι
1117 4157 1230 4220 ταῦτα.
1268 4153 1297 4220 εἰ
1320 4145 1376 4219 οὑν
1399 4149 1459 4238 οὑχ

230 4250 420 4344 ὑφέστηκεν,
446 4250 530 4340 όργά
553 4247 593 4320 ἂν
616 4255 666 4340 ε’ίη
689 4253 745 4321 καί
765 4255 843 4322 κενὰ
864 4255 906 4322 τά
929 4250 1086 4341 ὀνόματα,
1112 4254 1204 4334 ἐκτὸς
1227 4253 1321 4344 εἰμὴ
1344 4253 1385 4324 άν
1406 4281 1459 4336 τις

300 4412 324 4473 1)
342 4411 410 4461 Rom.
429 4410 455 4470 9,
474 4408 497 4458 5.
568 4405 765 4470 2)10·n.1,1.
836 4409 996 4472 affixam,
1017 4410 1056 4460 14.
1144 4445 1148 4454 .

263 4527 284 4562 ι.
303 4511 402 4562 Gobler.
420 4518 444 4561 ει
462 4509 566 4560 Felckm.
583 4509 604 4560 ί.
622 4503 808 4563 automatum.
904 4527 925 4560 c.
944 4511 983 4559 Sic
1002 4525 1059 4560 mss.
1095 4513 1123 4560 λι
1146 4513 1217 4563 editio
1238 4511 1382 4567 Commelin.
1401 4509 1460 4570 υίὸς

263 4581 287 4630 b.
304 4574 352 4628 καί
371 4579 440 4630 νότοι
457 4581 487 4629 ab
504 4578 595 4642 λορΙίο.
870 4570 940 4631 wne
955 4570 1022 4634 υἱός,
1043 4571 1100 4628 ίιίία
1117 4587 1163 4631 ιιι.
