3226 5308
229 328 292 394 592
631 343 658 386 ε.
673 341 826 386 numm
840 341 1066 385 εειειεειεεοει

143 495 289 563 εαυτοῦ
310 488 550 577 ιβουλεύεσθαι
570 488 610 555 τὸ
631 488 714 556 κατὰ
736 487 847 576 φύσιν.
885 487 992 555 οἰκίον
1006 488 1067 571 μὲν
1081 475 1139 554 σύν
1154 511 1206 566 τις
1219 487 1479 572 βουλευόμενος

228 589 469 671 κατασκευάζει,
492 590 565 656 υλὸν
588 591 624 657 δὲ
641 591 742 677 ’γεννᾷ
763 588 846 656 κατὰ
868 587 980 677 φύσιν,
1003 587 1120 656 καὶτὸ
1141 590 1202 673 μὲν
1223 589 1384 675 βουλήσει
1403 615 1478 658 κα-

228 691 508 776 τασκευαζόμενον
539 690 660 778 ήρξατο
688 686 845 778 γίνεσθαι
865 693 919 757 καλ
943 691 1069 770 ἔξωθέν
1092 689 1165 757 ἐστι
1185 693 1244 756 τοῦ
1266 693 1473 774 ποιοῦντος,

229 790 248 862 ὁ
271 795 308 860 δὲ
328 792 400 871 οἰὸς
422 791 509 860 ἰδιόν
532 793 604 860 ἐστι
624 796 683 882 τῆς
705 787 821 870 ούοίας
834 795 894 859 τοῦ
912 790 1041 877 πατρὸς
1061 795 1205 879 γέννημα
1224 787 1351 858 καίούκ
1367 791 1475 860 ἔστιν

229 895 355 976 ἔξωθεν
377 885 516 961 1ἀύτοῦ·
540 893 593 960 διὸ
615 887 692 960 οῦδὲ
713 891 906 977 βουλεύεται
927 894 1005 977 περὶ
1028 886 1140 973 αὐτοῦ,
1163 892 1220 960 ἰνα
1240 891 1285 979 μή
1307 891 1476 980 καὶπερὶ

229 996 348 1064 ἑαυτοῦ
376 996 456 1083 ιίοκῇΙ
482 993 713 1080 βουλεύεσθαι.
753 989 822 1080 ὅσῳ
851 983 909 1059 οῦν
936 995 996 1059 τοῦ
1018 989 1198 1078 κτίσματος
1219 989 1242 1060 ὁ.
1260 992 1332 1072 οἰὸς
1352 989 1474 1080 ῦπέρ-

228 1121 348 1177 κειται,
377 1095 527 1183 τοσούτῳ
548 1095 607 1163 καί
626 1098 685 1182 τῆς
704 1093 894 1183 βουλήσεως
915 1093 954 1160 τὸ
976 1093 1061 1161 κατὰ
1083 1093 1200 1182 φύσιν·
1229 1097 1283 1162 καὶ
1306 1095 1374 1163 ἔδει
1394 1093 1472 1162 αῦ-

227 1198 306 1278 τούς
338 1193 518 1277 ἇκούσντας
550 1191 589 1264 σύ
620 1193 777 1282 βουλήσει
804 1195 1000 1281 λογίζεσθαι
1026 1194 1066 1262 τὸ
1093 1193 1178 1262 κατὰ
1206 1195 1318 1283 φύσιν.
1355 1197 1388 1262 σῖ
1423 1199 1470 1264 δὲ

227 1299 490 1383 ’ἐπιλαθόμενοι
511 1295 565 1364 ὅτι
585 1299 663 1383 περὶ
686 1297 759 1364 υἱοῦ
781 1299 866 1364 θεοῦ
888 1292 1048 1364 ἀκούουσι
1070 1298 1245 1380 τολμῶσιν
1274 1292 1465 1384 ἀνθρωπι-

228 1426 288 1479 νας
309 1395 625 1498 ύντιθέσειςλέγειν
646 1397 706 1465 ἐπὶ
725 1401 827 1478 θεοῦ,
850 1392 1010 1486 ΙΙύινύγκήν
1031 1400 1086 1464 καί
1108 1397 1212 1484 παρὰι
1223 1397 1372 1485 γνώμην,
1396 1399 1463 1466 ἵνα

227 1501 267 1568 τὸ
296 1496 381 1569 εἰναι
409 1501 481 1569 υἱὸν
509 1496 671 1589 ἀληθινὸν
699 1494 908 1585 ἆρνήσωνται
934 1501 995 1565 τοῦ
1023 1501 1118 1567 θεοῦ.
1157 1499 1231 1567 ἐπεὶ
1261 1499 1461 1567 εἰπάτωσαν

227 1598 307 1692 ἡμῖν
335 1597 447 1670 αύτοί·
476 1599 515 1668 τὸ
544 1597 674 1688 ἇγαθὸν
697 1595 783 1668 εἰναι
803 1598 859 1667 καί
881 1601 1073 1688 οἰκτίρμονα
1093 1600 1152 1667 τὸν
1173 1600 1257 1676 θεὸν
1279 1601 1314 1667 ἐκ
1334 1601 1458 1688 βουλή-

216 1707 314 1784 ’σεως
339 1703 516 1791 πρόςεστιν
544 1696 633 1788 αὐτῷ
654 1695 677 1790 ἢ
699 1696 737 1768 ού
759 1701 951 1788 οβουλήσεις
985 1702 1015 1770 εἰ
1035 1703 1096 1786 μὲν
1118 1691 1176 1769 σύν
1198 1701 1233 1770 lx
1253 1701 1452 1789 βουλήσεως,

229 1817 367 1874 σκοπεῖν
390 1807 441 1872 δεῖ
463 1800 516 1870 ὅτι
536 1801 658 1890 ήρξατο
679 1803 740 1887 μὲν
763 1797 850 1870 εἰναι
871 1797 1010 1889 ύγαθὸς,
1033 1801 1090 1870 καί
1110 1802 1210 1891 τὸμὴ
1226 1797 1452 1871 εἰναιῦίῑαύ-

227 1906 286 1975 τὸν
316 1901 446 1992 ἇγαθὸν
473 1902 682 1988 ἐνδεχόμενόν
705 1903 777 1970 ἐστι
798 1903 850 1981 (τὸ
872 1902 934 1990 γὰρ
956 1903 1180 1990 βουλεύεσθαι
1200 1903 1257 1971 καί
1279 1914 1452 1992 προαιρεῖ-

227 2014 315 2075 σθαι
336 2007 384 2084 εἰς
405 2006 542 2091 ἕκύτερα
561 2003 620 2094 τήν
642 2003 750 2090 ῥοπήν
772 2004 847 2087 ἔχει,
870 2002 927 2071 καί
948 2005 1080 2093 λογικῆς
1097 2003 1229 2092 φύσεώς
1243 2005 1316 2073 ἐστι
1335 2009 1452 2072 ’τοῦτο

226 2107 365 2186 πάθος),
390 2106 419 2174 εἰ
442 2106 477 2173 δὲ
500 2106 557 2172 διὰ
577 2105 616 2172 τὸ
638 2106 674 2172 ἰκ
694 2103 820 2172 τούτων
843 2102 971 2172 ἄτοπον
994 2100 1052 2172 οῦκ
1074 2106 1108 2173 ἐκ
1121 2105 1310 2193 βουλήσεως
1324 2100 1453 2192 ἇγαθὸς

226 2208 282 2274 καὶ
304 2207 481 2292 οἰκτίρμων
503 2207 628 2288 ἑστίη·
638 2201 874 2274 ἀκουσάτωσαν
896 2203 983 2292 ἅπερ
1006 2206 1174 2296 εἰρήκασιν
1196 2203 1305 2275 αῦτσί·
1334 2201 1452 2274 οὐκοῦν

228 2303 349 2396 υἰνύγκῃ
377 2311 431 2375 καί
453 2307 498 2396 μή
520 2309 631 2376 θέλων
654 2307 743 2375 ἒστίν
766 2303 905 2394 ἀγαθός.
942 2310 997 2375 καί
1019 2314 1071 2387 τίς
1092 2305 1111 2374 ὁ
1133 2308 1192 2396 τήν
1213 2305 1349 2392 ἀνάγκην
1371 2307 1449 2372 ἐπι-

171 2473 175 2480 .
200 2463 205 2474 .
226 2409 338 2496 βολῶν
369 2404 478 2495 αύτῷς
515 2408 545 2476 εἰ
574 2410 610 2475 δὲ
631 2405 782 2476 ιύτσιτύν
804 2409 877 2478 ἐστι
898 2410 1003 2496 λέγειν
1026 2408 1084 2476 ἐπὶ
1105 2412 1189 2478 θεοῦ
1209 2403 1359 2494 ἀνάγκην,
1386 2404 1446 2472 καὶ

228 2501 293 2578 du?
302 2512 403 2578 τοῦτο
426 2509 526 2599 φύσει
548 2501 678 2598 ύγαθύς
699 2509 812 2594 ἐστιν,
828 2511 879 2599 εἰη
903 2506 943 2577 ἂν
965 2512 1082 2598 πολλῷ
1103 2511 1226 2596 μᾶλλον
1246 2507 1302 2574 καί
1323 2501 1451 2594 ἇλήθέ-

227 2633 343 2700 στερον
364 2614 424 2678 τοῦ
445 2612 519 2680 υἱοῦ
541 2612 642 2701 φύσει
661 2609 719 2677 καὶ
740 2605 798 2677 ούκ
820 2610 855 2678 ἐκ
875 2611 1065 2698 βουλήσεως
1080 2593 1206 2707 πατήρ.

312 2819 363 2884 63.
412 2813 618 2882 Εἰπύτωσαν
651 2813 687 2880 δὲ
718 2811 822 2882 πάλιν
855 2808 935 2899 ἡμῖν
967 2816 1022 2880 καί
1050 2816 1149 2880 τοῦτο
1178 2813 1278 2900 (πρὸς
1303 2811 1365 2899 γὰρ
1392 2811 1453 2899 τήν

226 2911 458 3000 ἀναισχυντίαν
480 2911 589 2983 αύτῶν
611 2914 771 3003 ἐρώτησιν
793 2907 921 2993 Ιἀὐτοῖς
936 2913 1116 3001 ἐπαγαγεῖν
1132 2914 1181 2982 ἔτι
1194 2914 1361 3001 βούλομαι
1373 2914 1452 2981 τολ-

225 3023 408 3109 μηροτέραν
436 3023 511 3102 μέν,
539 3019 729 3104 βλέπουσαν
759 3016 795 3084 δὲ
818 3011 908 3101 ὅμως
931 3015 978 3093 εἰς
1000 3008 1185 3101 εὐσέβειαν·
1215 3015 1452 3102 Momm&-

225 3129 366 3200 οποτα),
400 3113 419 3184 ὅ
447 3117 558 3204 πατήρ
580 3115 680 3197 αὐτὸς
700 3117 963 3205 βουλευσάμενος
984 3115 1164 3203 πρότερον,
1199 3110 1271 3184 εἶτα
1291 3115 1449 3202 θελήσας,

225 3215 332 3297 ούτως
352 3215 523 3303 1ῐύπύρχει,
546 3212 568 3305 ἢ
588 3221 642 3286 καί
664 3219 733 3306 πρὸ
754 3221 813 3286 τοῦ
835 3218 1104 3304 βουλεύσασθαις
1135 3215 1195 3304 χρὴ
1218 3217 1280 3303 γὰρ
1302 3219 1357 3283 καί
1372 3213 1452 3300 περὶ

224 3320 285 3384 τοῦ
311 3317 411 3404 λόγου
437 3322 578 3386 τοιαῦτα
603 3320 796 3404 τολμῶντας
823 3315 943 3398 αύτούς
969 3321 1108 3386 τοιαῦτα
1134 3318 1191 3385 καὶ
1213 3314 1359 3398 ἀκούειν,
1393 3317 1451 3384 λ’νσ

223 3420 345 3504 γνῶσιν
368 3414 421 3483 ὅτι
442 3413 462 3502 ή
484 3416 621 3504 τοιαύτη
644 3414 753 3484 αύτῶν
775 3425 963 3503 προπέτεια
983 3423 1039 3487 καὶ
1062 3419 1109 3499 εἰς
1131 3415 1231 3486 αύτὸν
1246 3419 1306 3490 τὸκ
1319 3423 1450 3504 πατέρα

225 3517 361 3607 φθάνει.
400 3515 457 3584 ἐὰν
483 3518 544 3600 μὲν
567 3507 624 3582 οῦν
646 3519 804 3596 εἰπωσιν,
834 3510 929 3598 ἅπαξ
946 3520 1207 3605 βουλευσάμενοι
1228 3507 1306 3607 περλ
1327 3507 1451 3606 βουλή-

225 3643 318 3700 σεως,
343 3613 397 3685 ὅτι
417 3617 471 3684 καὶ
494 3611 594 3695 αύτὸς
615 3616 651 3684 ἐκ
671 3617 868 3705 βουλήσεως,
892 3622 941 3687 ιτί
962 3611 1020 3690 σύν
1041 3611 1082 3710 ἦν
1103 3622 1172 3710 πρὸ
1192 3625 1252 3689 τοῦ
1266 3619 1451 3708 βουλεύσα-

138 3727 320 3803 εωισθαι,
343 3713 365 3808 ἢ
385 3724 420 3788 τί
440 3720 544 3788 πλέον
566 3717 667 3803 ἔσχεν,
691 3714 737 3798 ῶς
757 3715 852 3803 ύμεῖς
873 3721 991 3808 λέγετε,
1013 3721 1098 3808 μετὰ
1118 3722 1158 3789 τὸ
1179 3721 1432 3810 βουλεύσασθαι
1437 3747 1451 3802 ,·

257 3961 279 3994 ε.
297 3945 386 4008 Regius
397 3946 419 3996 1.
429 3952 453 3994 ει
470 3945 501 3994 Se
519 3947 610 3996 uerian.
626 3938 812 4009 βουλεύεσθαι.
899 3962 920 3996 ε.
939 3947 979 3996 Sic
997 3947 1055 4008 λος.
1074 3945 1096 3995 l.
1115 3951 1139 3994 ει
1156 3945 1297 4009 Seguerinn.
1331 3943 1360 3994 λι
1370 3942 1411 3991 alii
1431 3949 1456 3991 ει

223 4011 303 4064 Ceteri
328 4019 351 4062 ει
377 4013 433 4062 editi
456 4009 610 4075 βούλεσθαι.
646 4013 736 4064 ibidem
756 4015 813 4094 Περ.
863 4003 921 4064 {aditi
938 4001 1194 4079 ἐπιλανθανόμενοι.
1232 4013 1293 4063 lbid.
1313 4025 1371 4060 ωεε.
1389 4003 1454 4074 περί

224 4081 248 4130 1.
266 4086 290 4129 ει
307 4072 479 4142 8ερυ,σίκι’σν
495 4075 548 4146 μὲν
565 4067 615 4128 σύν
631 4093 672 4133 τις
688 4077 813 4144 βσυλευσ-
862 4073 924 4128 υἱοῦ
947 4079 1022 4131 θεοῦ.
1063 4081 1091 4131 ln
1115 4083 1220 4132 εῦὶῑίσσε
1242 4081 1360 4130 Commel.
1385 4077 1455 4126 ιΙεεεῑ

221 4159 311 4214 μενος.
348 4148 418 4198 Gobl.
443 4154 466 4196 ει
489 4148 593 4198 Felckm.
614 4148 635 4196 1.
655 4141 747 4198 οἰκίαι
759 4143 812 4214 μὲν
862 4147 939 4197 θεοῦ.

220 4208 387 4280 βουλόμενος
404 4197 491 4268 σύτοτ.
525 4216 570 4266 Alii
594 4223 619 4264 ει
642 4216 699 4265 editi
722 4209 812 4264 οἰκίαν
897 4217 920 4266 d.
939 4216 979 4265 Sic
992 4216 1054 4282 βες.
1069 4215 1091 4264 1.
1111 4223 1134 4266 ει
1151 4215 1292 4278 Seguerian.
1326 4214 1354 4262 λι
1372 4211 1413 4260 alii
1431 4217 1457 4260 ει

221 4280 292 4348 γοῦν
310 4296 351 4335 τις
366 4273 556 4347 βουλήματα,
862 4285 919 4334 editi
938 4273 1049 4347 ἇνύγκγ.

257 4352 281 4400 λ).
300 4349 398 4401 (ἰσοΙετ.
416 4356 440 4398 ει
457 4349 561 4398 Felckm.
583 4348 605 4398 1.
622 4341 725 4405 ἔξωθεν
747 4345 810 4420 περὶ
896 4365 918 4397 ε.
935 4349 976 4398 Sic
999 4357 1100 4410 uterque
1125 4349 1181 4410 fleg.
1202 4349 1303 4408 Seguer.
1328 4346 1454 4409 Anguem.

222 4409 315 4468 αἰτοῦ.
352 4418 403 4467 Mox
422 4416 535 4466 iidem.et
552 4417 609 4480 fleg.
621 4416 643 4466 1.
662 4433 691 4468 τε
708 4419 808 4481 Seguer.
861 4415 958 4468 Gobler.
977 4413 1118 4466 ΡεΙελωΛ.
1138 4423 1162 4464 ει
1179 4415 1203 4463 5.
1241 4413 1269 4461 ln
1289 4415 1344 4464 aliis
1363 4413 1457 4463 ειεσί·

214 4475 268 4532 -ἰνα
284 4479 322 4551 μή
340 4478 466 4550 καὶπερὶ
483 4477 588 4534 ἑαυτοῦ.
624 4486 668 4535 Alii
687 4495 765 4536 υσιετο
785 4493 808 4536 εἰ
859 4485 890 4534 tis
908 4483 976 4532 ῦεεει
992 4473 1126 4543 βουλήσει.

222 4553 296 4604 editio
315 4553 433 4605 Commel.
452 4543 498 4601 ἰνα
513 4547 583 4620 μηδὲ
600 4547 662 4622 περὶ
679 4547 784 4602 ἑαυτοῦ.
893 4551 911 4600 r.
936 4540 1021 4597 αἰτόν
1044 4549 1113 4600 abest
1138 4563 1151 4599 ε
1176 4549 1234 4611 Res.
1253 4547 1276 4600 1.
1302 4557 1327 4599 ει
1349 4549 1453 4610 seguer.
