3234 5282
602 375 711 420 enum
726 317 758 420 ui
775 316 891 440 uetitus
904 373 1039 418 munus.
1107 363 1109 372 ’
1370 357 1432 422 w

203 537 248 590 et:
261 527 426 592 'velustate'
445 529 524 588 enses
545 527 609 588 eius
630 529 699 607 quie
721 521 864 588 emittit?
886 522 919 585 Si
940 541 1032 604 perro
1055 521 1117 584 suls
1136 523 1201 586 eius
1216 523 1352 587 reiuntes
1367 526 1518 594 eut-rm.

203 629 265 692 ficit
284 629 322 692 ed
345 645 395 689 res
418 643 524 698 omnes
547 626 764 707 producendas,
787 624 901 688 inutilis
923 623 1086 686 seeundum
1108 643 1164 686 ves
1186 625 1244 688 erit
1264 625 1433 688 intermedii

201 729 282 794 itlius
302 726 448 792 adiutoris
470 745 573 808 opere.
616 727 667 788 lltu
690 727 770 790 enim
791 725 918 806 Moysis,
949 725 1022 788 selis
1045 736 1075 786 et
1095 725 1183 788 lunae
1204 727 1335 808 exemplu
1357 746 1433 808 quse

202 828 376 904 adduxistis,
398 829 492 894 mutia
514 847 583 891 esse
603 828 761 908 probatum
782 837 840 892 est.
884 829 1091 900 Verumtamen
1113 827 1158 889 sie
1179 827 1335 890 etiannum
1356 848 1432 908 pee-
1472 839 1477 848 '

203 951 308 996 sumus
335 931 482 994 refellere.
526 930 559 992 Si
587 931 693 994 suetum
722 937 857 992 uetursru
886 929 990 990 volens
1019 928 1111 1000 Deus,
1128 946 1229 990 creare
1250 927 1346 1008 deque
1367 930 1432 1008 ipse

204 1035 336 1098 teeienda
367 1033 534 1096 delibemus
560 1031 667 1094 Filium
694 1031 858 1094 seeundum
884 1050 939 1109 ¹ves
967 1029 1113 1108 excogitet
1140 1038 1171 1090 et
1191 1037 1287 1103 creet,
1321 1038 1354 1091 ut
1374 1047 1432 1092 nes

202 1135 379 1218 peripsum
401 1141 503 1215 pestes
525 1133 687 1213 producet,
709 1141 849 1213 quantem
870 1132 1005 1212 preferre
1026 1130 1141 1193 nudetis
1164 1129 1344 1212 impietatem
1366 1129 1432 1192 sui-

203 1237 388 1300 madianite.

290 1424 341 1488 30.
385 1419 486 1483 Primo
508 1418 588 1482 enim
609 1418 680 1480 inde
702 1416 846 1496 sequitur,
867 1423 902 1478 ut
922 1415 987 1496 ipse
1008 1415 1101 1480 Filius
1116 1415 1213 1483 nostri
1228 1416 1329 1496 potius
1345 1435 1433 1478 ceusu

90 1573 96 1583 ,
203 1521 428 1595 meminerit,
454 1539 545 1602 quam
572 1539 631 1582 uos
658 1527 784 1600 propter
804 1519 913 1598 ipsum.
956 1516 1019 1580 Neu
1040 1517 1119 1580 euim
1140 1535 1198 1579 nos
1220 1525 1343 1598 propter
1364 1535 1432 1578 eum

203 1626 294 1690 ereeti
317 1643 433 1696 sumus,
457 1622 511 1692 sed
533 1609 598 1702 ips'e
619 1627 745 1702 propter
766 1639 824 1682 uos
846 1621 941 1682 suetus
963 1629 1021 1692 est,
1044 1615 1083 1681 ite
1105 1627 1138 1682 ut
1160 1618 1209 1680 ille
1224 1617 1312 1680 nobis
1329 1617 1432 1698 petius

203 1727 312 1789 hebeat
339 1721 480 1805 gretiam,
509 1741 597 1802 quum
624 1741 681 1784 nos
709 1721 766 1797 illi,
796 1730 827 1784 ut
854 1729 884 1784 et
909 1721 1018 1784 mulier
1047 1721 1122 1782 viro.
1173 1720 1303 1792 Etenim,
1332 1729 1366 1782 ut
1392 1719 1434 1782 eit

207 1827 370 1906 Scriptura,
392 1843 457 1888 nen
478 1837 523 1888 ert
546 1835 666 1886 erentes
688 1829 739 1886 eir
757 1833 889 1905 prepter
909 1823 1077 1892 mulierem,
1102 1823 1154 1884 sed
1174 1821 1285 1883 mulier
1303 1832 1433 1902 prepter

206 1933 319 1990 umus.
362 1926 456 2006 igitur
484 1925 730 2005 quemadmodum
758 1930 808 1988 uir
837 1929 933 2004 imaqe
962 1934 993 1987 et
1020 1923 1122 2004 qlorr'a
1148 1922 1208 1984 Iter·
1235 1931 1294 1992 est,
1323 1921 1450 1998 melier·

206 2038 308 2093 eutem
333 2027 435 2109 yterio
464 2032 528 2090 uiri
553 2038 612 2102 ηις
640 2027 679 2088 itu
709 2045 765 2088 nus
793 2013 846 2088 ‘usi
874 2025 971 2106 imago
1000 2033 1029 2087 et
1056 2025 1093 2087 ed
1121 2023 1185 2106 ejus
1211 2023 1336 2104 gloriam
1367 2021 1433 2084 teeti

205 2148 328 2204 sumus,
357 2127 450 2192 Filius
479 2136 577 2192 autern
607 2129 701 2191 nostri
732 2129 829 2210 imago
859 2127 946 2188 etad
968 2133 1102 2189 nostram
1125 2126 1247 2206 gloriam
1270 2127 1363 2188 iaetus
1385 2123 1434 2186 di·

205 2227 405 2294 eendus'erit.
450 2230 562 2294 Beinde
584 2249 642 2292 nos
664 2230 783 2310 quidem
807 2229 874 2290 sueti
897 2246 1017 2303 sumus,
1039 2237 1073 2292 ut
1095 2228 1307 2301 existeremus,
1330 2234 1361 2289 at
1380 2225 1433 2290 Dei

205 2333 333 2396 Verbum
360 2351 421 2394 non
444 2341 476 2394 ut
498 2315 655 2404 existeret,
685 2331 739 2392 sed
762 2330 859 2391 nostri
881 2329 974 2408 gratia
997 2329 1090 2392 instar
1112 2317 1302 2391 instrumenti
1324 2330 1432 2390 tectum

204 2443 262 2510 est,
283 2435 467 2514 proindeque
490 2453 552 2496 non
574 2451 632 2494 nos
655 2440 780 2512 propter
803 2429 885 2502 illud,
907 2430 961 2492 sed
983 2431 1082 2512 ipsum
1104 2439 1226 2511 propter
1242 2448 1298 2492 uos
1321 2430 1432 2492 existit.

202 2537 246 2600 An
268 2556 330 2598 non
351 2555 424 2598 vero
447 2536 498 2614 qui
520 2535 596 2596 haee
617 2533 663 2594 vet
686 2541 798 2592 tantum
821 2531 959 2610 cogitant,
983 2533 1114 2594 emnium
1134 2529 1349 2594 dementissimi
1365 2538 1435 2593 sunt

203 2637 355 2698 habendi?
399 2636 473 2697 Nam
498 2635 524 2695 si
547 2641 670 2712 propter
691 2651 748 2694 nes
771 2634 876 2696 fectum
900 2643 945 2696 est
968 2633 1113 2703 Verbum.
1138 2633 1224 2695 nobis
1247 2640 1326 2694 eene
1347 2631 1432 2711 prius

206 2755 267 2798 non
290 2745 338 2798 est
360 2736 442 2814 apud
460 2735 564 2796 Deum.
608 2734 709 2816 Neque
739 2736 817 2798 enim
841 2755 906 2798 eum
929 2735 1000 2798 illud
1022 2736 1052 2797 in
1075 2755 1109 2798 se
1136 2735 1201 2815 ipse
1230 2734 1367 2808 haberet,
1397 2734 1433 2795 de

207 2837 294 2900 uobis
317 2836 455 2900 creandis
478 2837 650 2899 deliberavit
676 2837 773 2910 Deus,
805 2838 859 2900 sed
888 2838 989 2920 potius
1012 2857 1078 2900 eum
1101 2856 1158 2898 uus
1181 2837 1211 2898 iu
1234 2855 1266 2898 se
1289 2835 1353 2915 ipse
1375 2835 1429 2896 he-

207 2936 309 3012 beret,
331 2938 369 2998 de
392 2956 447 2998 suo
470 2937 584 3012 Verbo,
607 2949 639 3000 ut
660 2939 701 3001 illi
723 2938 872 3013 dictitent,
900 2939 1094 3020 producendo
1117 2937 1299 3000 deliberavit.
1344 2935 1430 3010 Qued

207 3040 233 3101 si
257 3058 361 3102 rerum
384 3047 439 3110 est,
462 3041 539 3101 torte
561 3059 616 3102 nee
638 3041 759 3102 omnino
775 3041 863 3102 Peter
882 3041 988 3104 Filium
1010 3040 1114 3102 votuit.
1159 3039 1232 3101 Nam
1256 3057 1315 3100 non
1335 3039 1517 3118 ipsumsns

206 3141 310 3204 velens
334 3140 457 3214 creavit,
486 3142 538 3203 sed
561 3160 618 3202 nes
641 3144 745 3205 votens
768 3143 867 3222 ipsum
888 3151 1011 3223 propter
1035 3162 1091 3203 uos
1114 3143 1233 3204 creavit.
1279 3141 1431 3222 Siquidem

206 3262 275 3306 eum
302 3250 374 3324 post
402 3261 455 3304 nos
485 3245 675 3322 excogitavit,
706 3245 781 3306 eden
811 3252 843 3307 ut
867 3244 929 3326 jem
959 3263 994 3306 ex
1022 3243 1112 3324 impia
1140 3243 1259 3306 illorum
1287 3243 1432 3305 sententie

132 3412 135 3422 ,
205 3345 317 3408 inutilis
341 3345 379 3406 sit
401 3343 507 3419 Filius,
531 3365 618 3426 quenr
640 3347 740 3408 instar
761 3345 951 3408 instrumenti
974 3346 1082 3406 iactum
1106 3346 1313 3418 emendent,
1337 3363 1431 3425 quen-

203 3445 364 3526 dequidem
393 3465 427 3508 ee
459 3457 529 3513 sunt
552 3449 671 3520 effectu,
702 3467 830 3528 quorum
853 3466 943 3510 ceusu
966 3456 1084 3509 creatus
1107 3447 1173 3526 ipse
1195 3456 1251 3510 est.
1296 3446 1385 3520 Quod
1407 3445 1432 3507 si

203 3546 294 3608 Filius
323 3568 339 3608 e
369 3548 434 3609 solo
462 3548 550 3609 Putre
579 3550 674 3609 iaetus
704 3559 766 3623 est,
796 3549 865 3629 quie
893 3549 978 3610 sotus
1005 3548 1103 3628 potuit
1131 3549 1166 3610 ab
1190 3548 1344 3620 inodori,
1375 3566 1433 3608 nos

204 3765 335 3814 termediis.
371 3765 421 3814 tior
432 3767 532 3826 sequen.
543 3767 641 3817 Guhter.
651 3775 675 3815 et
685 3766 790 3816 Fetetm.
814 3759 824 3774 '
878 3783 899 3818 e.
916 3768 1022 3818 Fetctrn.
1033 3767 1058 3816 4.
1072 3761 1272 3832 παρίστασθαι.
1290 3765 1364 3817 Penio
1379 3775 1434 3830 pest

205 3833 230 3882 l.
245 3824 331 3912 quiqu<
349 3823 433 3910 uritis·
451 3825 538 3908 ἦμῷν.
572 3835 616 3882 utu
636 3841 660 3881 et
678 3826 792 3899 editiyri·
844 3825 1127 3901 Sequenxq'wpe'uou.
1153 3835 1198 3882 titt
1218 3842 1241 3884 et
1259 3827 1434 3900 editissimi-

204 3907 249 3964 ριν
267 3911 443 3961 autoretate.
469 3899 792 3960 tbrd.Senuer.Req.ttssit.
843 3916 901 3949 νον.
937 3903 1027 3952 ibidem
1047 3893 1200 3963 sugitensi
1219 3893 1328 3961 eide'ri
1353 3900 1392 3955 ἀς.

204 3967 295 4028 tngtie.
314 3963 419 4013 Feictnr.
438 3964 469 4041 ⁴⁸,
482 3974 505 4012 et
523 3965 546 4013 5.
562 3957 600 4030 μὴ
620 3957 693 4029 ἡμᾶς
709 3955 790 4030 αὐτῷ.
878 3969 894 4016 t.
919 3967 991 4017 Busit.
1018 3977 1040 4017 et
1065 3969 1168 4018 Fetetnu.
1188 3967 1212 4018 2.
1236 3970 1348 4020 omittunt
1371 3963 1434 4036 περὶ

204 4033 273 4097 Eunt
284 4025 322 4102 μὴ
342 4025 419 4098 ἡμεῖς
437 4027 520 4094 αυτῷ.
844 4027 931 4099 ἡμῶν.
971 4035 1030 4083 ibid.
1049 4037 1148 4094 Sequer.
1168 4037 1266 4087 Gubler.
1285 4037 1389 4088 Feiettm.
1412 4039 1432 4086 l.

237 4101 261 4150 d.
280 4100 420 4164 Sequerinn.
445 4099 543 4150 Gebter.
561 4097 665 4152 Feickm.
686 4097 707 4148 t.
727 4106 750 4148 et
766 4099 791 4150 d.
844 4109 867 4151 et
884 4101 908 4151 4.
926 4092 981 4148 ‹ttr’
1001 4093 1016 4162 ἡ
1040 4095 1251 4182 defenderimus,

202 4162 337 4233 καθάπερ.
381 4167 443 4216 Editi
473 4165 565 4232 etalii
592 4157 688 4232 triente.
741 4167 792 4218 Mox
877 4181 898 4232 q.
919 4170 1005 4231 Rene
1073 4167 1159 4229 ededs.
1339 4207 1342 4216 ,

203 4236 421 4351 §egnes-&qubus
440 4242 462 4284 et
481 4224 662 4351 Feleimuirri
681 4229 789 4313 yqfupq',
877 4239 900 4288 u.
920 4229 1063 4318 Sequenti
1079 4231 1110 4288 δὲ
1127 4233 1173 4287 καὶ
1191 4233 1234 4294 ric.
1271 4239 1434 4320 tdo‘xidenret

203 4315 725 4454 iiiin‘isi'i⁹y⁷9'i'2ii”,“'s“eit⁷isi
740 4313 790 4432 {tt
840 4300 1432 4440 iit·.2⁶3iit'”titif'tt¹tttitini:

202 4439 334 4504 γυναῖκα,
360 4429 413 4487 ἄλλ’
433 4453 448 4498 η
465 4431 542 4504 yuuq'.
579 4441 789 4522 thidemp'eqner.
831 4449 863 4512 1εί
875 4443 969 4493 Fetetrm
989 4443 1013 4494 2.
1024 4438 1211 4493 ibidduvoeter'.
1233 4441 1432 4503 neqesrstcen.

201 4507 277 4558 Beeit.
294 4508 383 4570 tnqtie.
403 4507 473 4558 nont.
492 4516 514 4556 et
526 4507 628 4560 Felekm.
641 4510 664 4560 i.
675 4502 717 4577 αρ’
729 4523 787 4558 ουν.
840 4509 864 4560 t.
883 4503 1010 4562 deraret.
1046 4511 1107 4560 ibid.
1132 4512 1205 4571 Segu.
1225 4523 1265 4556 πα
1284 4503 1302 4556 ἁ
1320 4498 1432 4554 τοῦλό-

203 4573 282 4626 Ceteri
301 4583 324 4626 et
342 4575 397 4626 editi
415 4563 457 4640 ἄρ’
478 4559 534 4626 οὖν.
838 4589 898 4642 you.
933 4579 980 4628 nn
998 4585 1022 4628 et
1040 4577 1098 4627 editi
1116 4570 1163 4623 ded
1181 4573 1230 4623 τοῦ
1247 4522 1340 4640 tirou.
