3226 5308
567 387 678 432 οιιιιιο
693 386 737 430 ιιι.
755 387 872 430 conans
885 387 1019 432 ιιιιιιοι.
1329 373 1393 436 585

166 539 298 622 proclive
318 556 371 600 cer
390 535 490 600 habet
535 536 580 598 lin
605 554 734 616 namque
761 536 879 599 tametsi
901 537 968 598 iilos
992 539 1093 617 quavis
1116 557 1151 600 ex
1173 549 1258 620 parte
1280 537 1479 603 refelli-enon

166 659 252 714 mus,
287 639 535 718 ostendimusque
563 638 645 700 omni
672 656 799 718 prorsus
832 637 1024 718 intelligentia
1045 659 1154 704 naeuos
1177 661 1261 715 esse,
1296 647 1396 704 tamen

168 741 362 805 nullomodo
385 740 580 812 einbcsnrnt3
608 738 662 800 sed
684 738 934 818 quemadmodum
956 739 1063 818 hydra,
1087 740 1266 804 Graecarum
1287 741 1394 806 tabulis

167 843 312 924 celebrata
333 844 406 916 iera,
429 860 525 904 novos
547 841 655 904 dicitur
677 849 834 920 serpentes
851 840 959 902 occisis
973 839 1124 918 prioribus
1139 843 1294 922 peperisse
1309 845 1393 906 aliis-

167 963 226 1024 que
248 963 368 1024 semper
388 943 590 1024 producendis
613 960 680 1004 cum
701 942 892 1004 interfectore
913 941 1115 1015 contendisse,
1137 942 1178 1004 ita
1198 942 1240 1005 illi
1261 943 1322 1005 Deo
1344 945 1393 1006 in-

172 1046 252 1110 tensi
285 1053 316 1107 et
347 1045 435 1107 invisi
463 1063 524 1106 non
554 1063 642 1106 secus
671 1061 706 1106 ac
732 1043 842 1122 hydrae
869 1044 967 1106 anima
994 1044 1175 1106 emorientes
1197 1045 1227 1105 in
1250 1044 1298 1106 bis
1321 1065 1395 1124 quae

170 1147 369 1226 praetendunt
395 1146 576 1243 argumentis
604 1145 738 1208 iudaicae
765 1144 838 1207 elias
866 1145 1030 1225 stultasque
1057 1145 1115 1208 sibi
1138 1145 1281 1226 effingunt
1302 1165 1395 1226 quac-

170 1251 296 1322 odones,
319 1267 353 1311 ae
374 1247 465 1310 veluti
485 1247 635 1310 inimicam
656 1247 753 1328 ipsam
773 1246 918 1309 habentes
940 1247 1093 1308 veritatem
1114 1265 1191 1308 nova
1205 1256 1327 1327 semper
1341 1265 1394 1310 ex-

170 1349 315 1429 cogitant,
348 1359 381 1412 ut
413 1369 450 1414 eo
481 1351 575 1430 magis
608 1368 641 1412 ee
670 1349 780 1412 Christi
806 1349 912 1410 hostes
940 1367 1008 1410 ease
1036 1348 1126 1410 nullis
1156 1367 1217 1410 non
1246 1349 1397 1412 declarent

168 1451 276 1514 modis.

253 1557 305 1618 59.
350 1555 426 1615 Post
446 1559 492 1614 tot
514 1552 593 1614 enim
616 1560 719 1614 contra
739 1551 824 1630 ipsos
845 1549 928 1612 allata
943 1559 1124 1630 argumenta,
1147 1570 1221 1631 quae
1236 1553 1282 1615 rei
1297 1554 1396 1634 ipsum

172 1655 329 1717 Diabolum
359 1672 465 1716 eorum
493 1662 618 1734 patrem
629 1661 770 1732 cogerent
792 1652 969 1714 erubescere
991 1661 1021 1714 et
1042 1660 1123 1714 retro
1145 1655 1299 1728 recedere,
1328 1675 1396 1718 ecce

175 1774 254 1818 nora
282 1755 390 1816 iterum
419 1754 474 1816 alia
496 1762 663 1816 commenta
685 1762 822 1816 tortuoso
846 1772 882 1815 ex
904 1753 994 1815 corde
1017 1771 1073 1814 sue
1095 1762 1243 1828 eructant,
1272 1756 1396 1835 aliisque

177 1855 219 1918 illi
242 1856 429 1934 obstrepunt,
453 1853 518 1916 aliis
535 1854 711 1916 huiusmodi
732 1853 822 1916 rerba
844 1854 939 1916 instar
953 1854 1077 1915 culicum
1093 1854 1294 1916 insusurrant.
1318 1857 1397 1930 „Per

171 1975 259 2032 „nos
279 1956 358 2028 lieet,
382 1955 528 2034 inquiunt,
552 1955 592 2017 ita
613 1955 688 2016 haec
708 1974 741 2016 se
764 1955 908 2029 habeant,
930 1955 972 2016 uti
994 1973 1049 2018 eos
1070 1955 1322 2035 interpretemini,
1344 1977 1396 2032 ra·

173 2057 334 2134 „tiembus
363 2064 393 2118 et
420 2058 601 2136 argumentis
629 2057 753 2130 vincite3
785 2057 839 2118 sed
870 2064 967 2118 tamen
988 2056 1139 2119 latendum
1162 2065 1223 2130 est,
1251 2057 1397 2121 Filiuma

173 2159 290 2234 „Patre
312 2142 462 2220 voluntate
485 2166 515 2220 et
536 2159 658 2220 arbitrio
680 2158 789 2220 iactum
812 2163 913 2220 esse“
961 2157 1011 2220 Sic
1033 2157 1072 2218 illi
1096 2158 1255 2221 voluntatis
1270 2167 1301 2220 et
1314 2160 1397 2222 arbi-

170 2259 221 2322 trii
253 2259 373 2322 nomine
402 2260 519 2322 obiecto
548 2259 658 2322 mutos
688 2259 850 2333 seducunt3
883 2277 957 2338 quae
986 2259 1105 2338 quidem
1133 2259 1160 2322 si
1187 2261 1254 2338 quis
1277 2280 1294 2320 c
1315 2269 1398 2324 recte

172 2361 362 2425 credentibus
384 2361 473 2440 paulo
496 2359 660 2440 simplicius
676 2360 796 2433 diceret,
819 2358 918 2420 nullus
934 2367 1016 2421 esset
1031 2358 1211 2440 suspicionis
1225 2361 1320 2434 locus,
1343 2361 1398 2424 sed

173 2470 253 2526 recta
275 2472 374 2526 mente
396 2463 618 2542 corrigerentur
639 2459 727 2522 verba
750 2459 914 2540 simplicius
936 2460 1060 2539 prolata.
1098 2459 1224 2532 Quando
1240 2478 1310 2521 rere
1326 2461 1400 2524 haec

177 2580 232 2622 rex
254 2563 472 2624 baereticorum
494 2570 550 2634 est,
574 2579 704 2641 quorum
724 2560 813 2623 rerba
835 2561 942 2622 meritc
965 2568 1103 2640 suspecta
1125 2568 1204 2633 sunt,
1228 2570 1257 2622 et
1272 2570 1303 2624 ut
1319 2563 1398 2624 scri·
1512 2631 1516 2640 ¹

174 2668 257 2738 ptum
280 2667 342 2721 est:
365 2661 457 2742 Impia·
476 2663 659 2736 coredulus
681 2663 908 2732 ndanlnistront,
931 2669 961 2722 et
983 2661 1145 2724 Sermones
1168 2679 1273 2724 eornm
1289 2663 1398 2739 dolosi,

178 2759 294 2820 etiamsi
317 2760 428 2839 aliquid
449 2769 562 2822 mutum
584 2763 745 2836 innuerint,
769 2763 879 2841 quippe
902 2780 969 2824 eum
992 2768 1165 2840 corruptum
1189 2779 1240 2822 cor
1254 2761 1398 2837 habeant;

174 2877 229 2938 age
257 2859 339 2920 istud
367 2879 503 2939 quoque,
525 2863 605 2941 quod
627 2865 725 2937 aiunt,
756 2863 966 2942 dispiciamus,
995 2879 1034 2923 ne
1055 2863 1132 2922 forte
1154 2861 1235 2922 omni
1258 2881 1294 2922 ex
1314 2871 1483 2941 parteseae.

175 2961 301 3022 convicti
332 2959 507 3022 vocabrdnm
538 2962 616 3024 aliud
646 2963 796 3026 recentius
826 2963 905 3024 velut
925 2962 1036 3042 hydrae
1058 2961 1334 3034 comminiscentur,
1367 2969 1402 3024 ut

177 3061 279 3124 subtili
311 3061 488 3124 huiusmodi
518 3062 634 3124 dicendi
663 3063 786 3125 artificio
815 3072 845 3125 et
871 3061 940 3124 dole
971 3081 1055 3124 suam
1077 3061 1131 3124 alia
1155 3061 1264 3124 iterum
1284 3062 1401 3124 ratione

175 3161 370 3224 disseminent
390 3162 583 3242 impietatem.
627 3163 779 3242 Siquidem
799 3163 848 3225 ille
870 3163 950 3225 idem
964 3163 1086 3225 omnino
1101 3163 1255 3242 significat,
1278 3163 1329 3244 qui
1345 3161 1401 3244 eit:

174 3263 330 3324 Veluniate
351 3265 446 3324 iactus
469 3264 648 3338 est-Filius,
670 3281 705 3326 ac
728 3264 779 3344 qui
802 3263 887 3326 dicit:
909 3264 978 3325 Fuit
999 3262 1154 3342 aliquando
1178 3281 1244 3325 cum
1265 3281 1327 3324 non
1349 3283 1400 3328 cs·

177 3370 233 3437 eet,
258 3372 343 3424 etex
366 3362 459 3424 nihilo
481 3366 575 3426 iactus
597 3365 760 3436 callidius,
784 3373 814 3426 et
835 3383 886 3426 res
908 3373 1005 3426 creata
1020 3371 1075 3426 eet.
1121 3364 1228 3427 Verum
1242 3365 1312 3443 quia
1328 3364 1402 3428 hacc

175 3463 286 3525 dixisse
313 3463 381 3524 illos
410 3463 469 3524 iam
495 3464 602 3544 podet,
631 3465 697 3526 aliis
720 3465 800 3526 idem
821 3465 920 3526 verbis
943 3465 1109 3543 significare
1131 3463 1257 3526 subdole
1280 3472 1310 3525 et
1331 3483 1399 3526 rer·

176 3573 243 3626 oute
276 3571 437 3638 conantur,
470 3564 618 3645 nobisque
652 3565 810 3630 voluntatis
837 3565 1015 3628 vccabulum
1043 3583 1104 3626 non
1132 3584 1217 3628 secus
1245 3583 1279 3626 ac
1301 3564 1402 3644 sepiae

207 3781 224 3831 i.
243 3781 315 3831 besil.
332 3780 381 3840 aris
398 3773 485 3849 ὀρθῆς
502 3777 633 3836 διανοίας.
813 3784 837 3834 h.
860 3781 944 3832 τοῦτο
968 3767 1171 3847 τὸλεγόμενον
1194 3789 1239 3832 etc
1276 3781 1355 3834 Ceteri
1379 3791 1403 3833 et

521 3853 525 3864 '
813 3851 870 3900 etin
888 3849 969 3897 τοῦτο
989 3841 1143 3914 λεγόμενον.

816 3965 819 3971 ,
848 3918 864 3965 i.
882 3917 922 3966 Sic
935 3917 993 3977 Reg.
1006 3917 1028 3964 1.
1043 3918 1144 3976 Segner.
1156 3914 1254 3965 Gobier.
1264 3914 1403 3966 etFelclrm.

817 3985 839 4033 1.
858 3991 882 4031 et
900 3983 923 4030 ir.
959 3982 987 4032 λι
1005 3983 1034 4032 ¹in
1059 3983 1113 4032 aliis
1136 3989 1160 4030 et
1177 3982 1246 4030 aditis
1264 3982 1333 4032 deest
1349 3972 1403 4032 ἵνα.

815 4049 868 4098 11οι
886 4049 943 4114 llsg.
965 4049 986 4096 1.
1004 4048 1105 4111 Seguer.
1124 4048 1245 4110 inglicon.
1264 4049 1362 4100 Gebler.
1381 4058 1406 4100 et

815 4115 921 4166 Fatebm.
933 4115 956 4164 1.
973 4109 1055 4163 πάλιν
1073 4106 1165 4167 ἄλλως.
1203 4116 1228 4164 ιι
1248 4116 1320 4166 editio
1331 4117 1405 4166 Com·

816 4181 873 4232 mei.
895 4182 986 4231 omisso
1004 4177 1086 4230 πάλιν
1103 4183 1174 4232 hebet
1191 4173 1288 4234 aiilon.
1313 4182 1406 4232 ibidem

817 4249 874 4311 iieg.
895 4249 916 4298 i.
942 4249 1082 4311 Segnerian.
1101 4249 1197 4299 Gobler.
1217 4259 1240 4298 et
1259 4249 1363 4300 Feichrn.
1384 4249 1424 4314 l„

815 4309 918 4367 σαυτὸν
933 4309 988 4380 γὰρ
1007 4311 1133 4381 σημαίνει
1151 4307 1165 4363 t
1184 4311 1278 4380 λέγων,
1306 4317 1351 4365 nin
1362 4330 1406 4364 an·

817 4391 866 4435 tem
885 4393 909 4433 et
926 4383 983 4433 editi
1001 4391 1058 4447 poet
1076 4378 1203 4448 σημαίνει
1214 4373 1404 4435 eoanniudtw.

207 3897 230 3944 g.
248 3881 305 3943 lieg.
319 3881 341 3932 1.
361 3889 384 3930 et
401 3883 500 3944 Seguer.
517 3881 684 3946 κυβερνῶσιν
701 3873 762 3932 dee-

173 3945 236 4012 βεΐι.
271 3948 345 3996 iidem
365 3947 453 3997 ibidem
472 3958 495 3997 et
512 3950 610 3999 Gcbler.
622 3957 645 3998 et
657 3949 763 3999 Felcltm.

179 4016 200 4064 1.
219 4005 298 4078 λόγοι
321 4012 378 4061 τῶν
400 4005 514 4077 ἀσεβῶν,
557 4015 635 4064 Ceteri
660 4024 684 4064 et
706 4016 763 4066 editi

176 4075 256 4145 λόγοι
274 4073 371 4128 αὐτῶν.
409 4081 468 4130 item
488 4081 544 4143 [leg.
556 4080 577 4130 l.
591 4081 764 4142 etSegeerieu.

177 4143 286 4196 νεύοισι.
325 4147 423 4198 Gebler.
442 4153 465 4196 et
482 4147 587 4196 Felclm.
607 4149 629 4196 1.
647 4140 764 4197 νεύουσι.

176 4215 222 4266 liii
245 4225 269 4264 et
292 4215 349 4264 editi
366 4206 492 4264 νεύσωσι.
528 4213 617 4274 nent.
633 4217 765 4275 etSegner.

175 4295 262 4332 anesus
279 4281 367 4331 ibidem
387 4275 597 4347 διεφθαρμένην
613 4273 706 4352 ἔχουσι
716 4275 767 4341 τὴν

178 4343 313 4398 διάνοιαν.
357 4349 402 4397 dlii
429 4350 485 4398 editi
505 4365 533 4398 ne
558 4343 766 4416 διεφθαρμένην

177 4409 232 4484 γὰρ
250 4408 345 4481 ἔχουσι
362 4410 412 4476 την
427 4365 553 4484 καρδίαν.
851 4452 874 4502 h
892 4451 949 4512 ⁸⁰8·
964 4451 985 4500 ¹·
996 4446 1215 4515 elsegussym,
1234 4442 1280 4498 καὶ
1295 4443 1405 4562 ΜΨ

176 4559 177 4564 ,
211 4516 234 4564 b.
254 4517 311 4578 fleg.
331 4517 352 4566 1.
371 4517 471 4578 Segeer.
490 4518 731 4568 GabienetFelchm.
743 4518 766 4568 1.
851 4519 867 4568 l.
885 4518 927 4567 Sic
945 4518 1002 4580 lieg.
1014 4519 1036 4568 1.
1055 4519 1156 4579 Soguer.
1174 4517 1271 4568 Gcbler.
1289 4515 1352 4564 etFe
1364 4513 1406 4562 et-

177 4575 452 4650 enoratistarum.
486 4583 764 4648 hilleghetlelckm.
818 4587 899 4636 menni
919 4585 941 4635 1.
976 4587 1005 4635 dt
1022 4585 1063 4635 aiii
1082 4593 1105 4634 et
1123 4584 1180 4634 editi
1199 4574 1227 4630 oi
1242 4575 1365 4630 δείλαιοι.
