3226 5280
445 393 590 437 netsrosa
605 394 642 436 ns
658 393 801 438 oscnsrrs
817 395 961 439 nicaenas
977 394 1095 438 arnoni.
1346 379 1388 440 b'l

153 545 340 608 seinvicem
362 551 492 622 possunt
513 541 636 618 abesse,
665 553 698 606 ut
725 546 830 607 accidit
849 545 1004 608 bominum
1025 545 1127 606 liberis
1150 563 1219 624 erga
1242 544 1385 626 proprios
1395 557 1473 602 utat-
1509 581 1515 596 -

152 653 307 726 parentes,
328 644 578 724 quemadmodum
601 644 744 706 desdam
768 655 797 709 et
819 647 902 722 Seth,
926 665 1014 726 mem
1037 646 1086 708 ille
1108 647 1218 724 genuit,
1241 647 1385 727 scriptum

152 757 219 822 est,
251 765 359 826 nempe
381 745 509 806 similem
530 745 573 806 illi
594 746 686 808 luisse
708 747 870 809 secundum
894 748 1025 826 speeiem
1048 765 1143 806 suam.
1187 749 1295 809 Verum
1317 768 1385 810 cum

151 849 220 911 Filii
245 868 282 910 ex
303 848 391 908 Patre
420 847 572 924 generatio
584 847 650 908 alia
671 847 759 927 plane
782 847 821 910 sit
844 867 860 909 a
882 857 988 908 natura
1009 847 1182 920 homiuum,
1210 866 1266 908 nec
1288 850 1384 912 solum

151 949 261 1012 similis
290 947 339 1009 ibe
368 948 409 1008 sit
436 948 619 1010 substamiae
641 949 756 1018 Patris.
790 947 843 1010 sed
872 948 961 1008 dividi
984 947 1021 1008 ab
1044 965 1078 1008 ea
1100 965 1160 1008 non
1184 957 1288 1026 queat,
1320 968 1386 1012 oum

153 1053 227 1113 item
249 1067 347 1112 anum
367 1053 431 1129 ipse
452 1062 481 1114 et
503 1048 596 1114 Pater
625 1051 700 1120 sint,
729 1057 763 1110 ut
784 1049 862 1110 idem
885 1049 973 1123 dixit,
996 1066 1174 1128 semperque
1198 1049 1325 1110 Verbum
1348 1051 1388 1112 sit

152 1153 183 1213 in
194 1153 286 1212 Patre
309 1157 339 1211 et
353 1150 440 1210 Pater
460 1149 492 1212 in
507 1149 614 1222 Verbo,
638 1168 674 1210 eo
697 1149 787 1210 modo
811 1169 869 1230 quo
891 1151 1034 1231 splendor
1055 1169 1089 1212 se
1111 1149 1201 1211 babet
1221 1150 1258 1212 ad
1279 1151 1386 1222 lucem,

153 1255 185 1314 id
214 1253 295 1314 enim
326 1250 413 1312 dictio
442 1252 507 1330 ipsa
536 1250 699 1329 significate
728 1251 839 1312 idcirco
861 1252 999 1331 Synodus
1028 1269 1063 1314 ea
1083 1271 1117 1312 re
1138 1261 1296 1331 perspecta
1319 1271 1386 1314 eum

155 1375 226 1418 csse
248 1352 531 1414 consubstantialem
553 1361 634 1414 recte
657 1353 792 1432 scripsit,
815 1361 847 1414 ut
869 1360 898 1414 et
919 1353 1135 1414 baereticorum
1157 1354 1386 1432 perversitatem

156 1459 321 1526 everteret,
349 1462 379 1515 et
400 1453 528 1515 Verbum
557 1453 636 1514 aliud
664 1473 680 1515 a
703 1456 787 1516 laetis
809 1455 900 1516 rebus
923 1473 991 1516 esse
1014 1455 1193 1516 ostenderet.
1238 1453 1314 1517 Hine
1335 1456 1384 1518 ills

158 1576 231 1618 vose
260 1555 370 1635 serape
400 1557 500 1618 seam
522 1555 626 1618 naeres
656 1555 853 1636 sunanegam:
884 1555 963 1629 „ms
992 1575 1063 1618 vero
1085 1557 1134 1636 qui
1157 1557 1258 1620 steen
1279 1537 1384 1620 retinui

158 1707 177 1731 „
186 1659 240 1720 bei
265 1677 301 1718 ex
323 1656 416 1718 nibilc
438 1658 501 1718 sire
524 1675 559 1718 ex
581 1675 642 1718 non
666 1657 859 1720 existentibus
881 1677 963 1731 esse,
985 1658 1032 1720 ael
1053 1667 1194 1730 creatum,
1216 1659 1262 1719 sel
1284 1669 1383 1720 muta-

158 1761 293 1834 „bilem,
322 1759 367 1819 rel
395 1761 520 1831 lactum,
549 1759 596 1819 rel
625 1778 659 1821 ex
682 1759 737 1820 alia
761 1759 940 1831 substantia,
963 1760 1118 1822 anathema
1141 1758 1211 1820 dicit
1232 1767 1332 1822 saneta
1354 1769 1384 1821 et

158 1861 336 1936 „Catholica
357 1859 522 1920 ecclcsiae
567 1859 683 1932 Quibus
705 1860 805 1940 utique
826 1861 912 1922 dietis
934 1869 1037 1940 aperte
1057 1861 1234 1930 demoratur,
1257 1859 1305 1920 bis
1328 1879 1383 1920 sn-

157 1962 270 2025 eabulis
303 1981 343 2024 ea
375 1962 548 2022 substantio
575 1969 605 2022 ct
632 1962 899 2024 consubstantialis
933 1961 1026 2022 deleri
1058 1961 1218 2042 impietatis
1252 1961 1384 2035 voculas,

157 2063 266 2144 quibus
293 2063 377 2124 aiunt
397 2061 504 2123 Filium
532 2081 601 2124 esse
628 2081 690 2124 rem
719 2071 863 2136 creatam,
887 2063 1051 2134 conditam,
1073 2063 1178 2124 lactem
1202 2071 1231 2124 et
1252 2059 1383 2124 mutabi-

156 2165 226 2238 lem,
249 2183 306 2226 neo
326 2165 410 2245 prius
433 2163 528 2226 luisse
549 2183 636 2244 quarn
658 2166 776 2244 genitus
800 2173 856 2228 est
901 2165 974 2226 Nam
996 2165 1046 2244 qui
1068 2165 1108 2226 ita
1131 2164 1238 2238 sentit,
1262 2165 1382 2244 Synodo

156 2267 332 2346 refragatur.
378 2267 435 2339 Qui
458 2285 527 2328 rerc
550 2285 610 2328 non
634 2266 711 2328 idem
735 2287 769 2328 ac
790 2267 878 2328 Arius
901 2267 1002 2340 sentit,
1024 2283 1150 2350 necesse
1172 2275 1218 2328 est
1240 2285 1306 2328 eum
1329 2286 1381 2328 es-

155 2369 224 2430 dem
255 2386 329 2447 quae
351 2367 487 2446 Synodus
515 2371 626 2430 sentire
656 2378 686 2430 et
706 2369 889 2448 intelligere,
912 2368 952 2429 ita
974 2377 1008 2430 ut
1028 2377 1109 2430 recte
1131 2366 1289 2449 pereipiat,
1312 2369 1385 2430 baec

157 2489 195 2531 en
219 2471 279 2531 lere
303 2469 391 2530 modo
414 2487 491 2542 esse,
514 2488 572 2548 qun
596 2470 739 2548 splendor
760 2489 829 2549 erga
850 2471 945 2532 lucem
968 2489 1001 2532 se
1023 2469 1128 2544 babet,
1151 2469 1279 2550 indeque
1301 2469 1382 2530 veri-

157 2568 229 2631 tatis
251 2569 407 2648 imaginem
428 2569 560 2648 adcipiat.

253 2868 304 2930 21.
347 2865 449 2943 ltaque
476 2865 501 2925 si
529 2866 569 2926 illi
597 2867 684 2928 rerba
712 2869 767 2930 ista
793 2871 873 2931 reiut
899 2891 975 2932 nova
996 2891 1031 2933 ac
1051 2871 1209 2951 peregrina
1231 2867 1387 2930 admittere

159 2976 320 3042 recusant3
343 2966 520 3028 sententiam
543 2967 638 3046 ipsam
660 2968 821 3040 admittant,
844 2989 929 3049 quam
951 2973 1087 3051 Synodus
1110 2971 1158 3032 his
1180 2969 1312 3030 indicare
1333 2985 1386 3027 ro-

157 3070 228 3143 luis,
259 3078 289 3130 et
311 3068 421 3148 quibus
443 3067 490 3128 illa
512 3067 667 3129 anathema
690 3068 777 3142 dixit,
806 3070 861 3148 ipsi
884 3071 1020 3134 similiter
1042 3072 1141 3132 dicant
1161 3069 1332 3140 anathema,
1355 3087 1388 3130 ac

159 3173 196 3234 de
215 3181 329 3255 cetero,
353 3169 379 3232 si
401 3170 531 3250 possint,
553 3187 642 3231 voces
664 3170 746 3250 ipsas
768 3171 996 3250 reprehendant.
1039 3171 1101 3250 Ego
1124 3189 1194 3250 pero
1218 3169 1314 3232 nullus
1330 3171 1385 3232 du·

157 3273 231 3346 bito,
254 3273 325 3353 quin
347 3272 494 3333 sententia
510 3271 622 3352 Synodi
644 3279 763 3352 recepta
786 3271 875 3334 verba
898 3289 1014 3352 quoque
1036 3273 1101 3352 ipsa
1122 3271 1296 3352 approbent.
1332 3273 1384 3336 Sin

159 3383 255 3436 sutem
284 3373 462 3436 sententiam
492 3375 588 3454 ipsam
617 3373 707 3436 velint
728 3373 923 3453 redarguere,
954 3375 1091 3436 omnibus
1113 3373 1240 3454 patebit,
1274 3377 1384 3438 lmstra

158 3475 225 3538 illos
248 3475 387 3554 nullaque
408 3475 446 3536 de
467 3493 557 3540 causa
579 3475 667 3535 verba
691 3476 919 3554 reprehendere,
944 3477 997 3538 sed
1019 3476 1115 3548 solum
1131 3477 1306 3539 occasiones
1324 3477 1384 3538 im·

157 3577 275 3656 pietatis
301 3577 520 3638 confirmandae
547 3575 605 3638 sibi
632 3577 707 3655 ipsis
737 3577 856 3657 tingere.
901 3577 981 3640 llaec
1007 3579 1097 3659 igitur
1118 3579 1299 3652 mucescit,
1331 3597 1385 3640 eur

158 3677 329 3740 huiuamodi
351 3696 438 3740 voces
460 3679 570 3740 luerint
590 3677 752 3742 institutae.
797 3680 885 3754 Quod
908 3681 934 3742 si
955 3699 1062 3744 rursus
1084 3687 1281 3752 murmurent,
1305 3679 1385 3758 quod

159 3777 224 3840 illae
246 3779 278 3839 in
299 3778 458 3859 scripturis
479 3799 539 3842 non
562 3789 688 3854 exstent,
712 3782 770 3844 boc
790 3781 858 3861 ipso
881 3791 1020 3862 tanquam
1043 3781 1141 3844 lutilos
1163 3789 1194 3842 et
1208 3789 1306 3842 mente
1323 3799 1384 3842 non

161 3879 227 3940 sani
255 3887 326 3940 sunt
352 3880 516 3942 reiiciendi.
559 3881 683 3961 Scipscs
710 3901 803 3961 porro
832 3881 882 3942 hic
908 3885 996 3944 etiam
1025 3881 1213 3959 potissimum
1235 3889 1471 3954 contemtum.

160 3979 238 4058 quod
259 3979 348 4058 primi
370 3979 440 4041 huic
460 3980 504 4041 rei
526 3982 623 4042 locum
645 3982 790 4054 dederint,
812 3983 862 4060 qni
885 3983 943 4061 ipsi
965 3980 1135 4060 excogitatis
1155 3983 1287 4055 sceibus,
1310 4001 1385 4062 quae
1467 3993 1471 4012 '

160 4079 191 4142 in
212 4081 374 4160 Scripturis
407 4101 468 4143 non
485 4082 660 4157 bebentur,
694 4081 804 4144 bellum
831 4083 893 4144 Deo
922 4083 1075 4162 coeperint
1101 4083 1221 4146 inferre.
1265 4083 1386 4146 Noverit

160 4189 259 4243 tamen
280 4183 414 4262 quisquis
436 4183 592 4246 studiosus
615 4183 719 4257 luerit,
750 4183 867 4246 etiamsi
889 4184 972 4264 ipsae
994 4203 1083 4248 voces
1105 4185 1145 4248 ita
1168 4187 1199 4249 in
1222 4186 1383 4266 Scripturis

159 4299 220 4344 non
244 4292 375 4358 exstent,
408 4285 584 4347 sententiam
613 4293 727 4359 tamen,
757 4305 845 4366 quam
873 4287 1040 4362 continent,
1074 4307 1143 4350 vere
1166 4287 1385 4368 exscriptoris

159 4382 279 4458 baberi,
312 4381 560 4464 quemadmodum
589 4407 680 4469 supra
707 4387 818 4452 dictum
847 4397 907 4464 est,
943 4409 1032 4471 mem
1053 4389 1172 4470 quidem
1196 4389 1384 4462 sententiam,

195 4619 216 4656 a.
235 4604 291 4668 fleg.
307 4597 423 4660 inercie.
