<?xml version="1.0" encoding="UTF-8"?>
<!DOCTYPE html PUBLIC "-//W3C//DTD XHTML 1.0 Transitional//EN"
    "http://www.w3.org/TR/xhtml1/DTD/xhtml1-transitional.dtd">
<html xmlns="http://www.w3.org/1999/xhtml" xml:lang="en" lang="en">
 <head>
  <title>
</title>
<meta http-equiv="Content-Type" content="text/html;charset=utf-8" />
  <meta name='ocr-system' content='tesseract 3.04.00' />
  <meta name='ocr-capabilities' content='ocr_page ocr_carea ocr_par ocr_line ocrx_word'/>
</head>
<body>
  <div class='ocr_page' id='page_1' title='image "./sanctiathanasii00athagoog_0808.png"; bbox 0 0 3094 5318; ppageno 0'>
   <div class='ocr_carea' id='block_1_1' title="bbox 358 409 1304 473">
    <p class='ocr_par' dir='ltr' id='par_1_1' title="bbox 358 409 1304 473">
     <span class='ocr_line' id='line_1_1' title="bbox 358 409 1304 473; baseline 0 -9"><span class='ocrx_word' id='word_1_1' title='bbox 358 447 364 464; x_wconf 83' lang='grc'><em>,</em></span> <span class='ocrx_word' id='word_1_2' title='bbox 456 418 601 464; x_wconf 76' lang='lat' dir='ltr'>seierum</span> <span class='ocrx_word' id='word_1_3' title='bbox 615 419 647 462; x_wconf 90' lang='lat' dir='ltr'>u.</span> <span class='ocrx_word' id='word_1_4' title='bbox 662 419 699 462; x_wconf 77' lang='lat' dir='ltr'>so</span> <span class='ocrx_word' id='word_1_5' title='bbox 715 417 913 464; x_wconf 74' lang='lat' dir='ltr'>ssessionem</span> <span class='ocrx_word' id='word_1_6' title='bbox 1245 409 1304 473; x_wconf 80' lang='grc'>763</span> 
     </span>
    </p>
   </div>
   <div class='ocr_carea' id='block_1_2' title="bbox 5 567 1402 3172">
    <p class='ocr_par' dir='ltr' id='par_1_2' title="bbox 11 567 1401 752">
     <span class='ocr_line' id='line_1_2' title="bbox 11 567 1401 650; baseline 0.005 -18"><span class='ocrx_word' id='word_1_7' title='bbox 11 572 141 650; x_wconf 80' lang='lat' dir='ltr'>iugata</span> <span class='ocrx_word' id='word_1_8' title='bbox 169 587 215 632; x_wconf 86' lang='lat' dir='ltr'>ao</span> <span class='ocrx_word' id='word_1_9' title='bbox 243 569 400 633; x_wconf 86' lang='lat' dir='ltr'>destructa</span> <span class='ocrx_word' id='word_1_10' title='bbox 421 569 479 632; x_wconf 88' lang='lat' dir='ltr'>iam</span> <span class='ocrx_word' id='word_1_11' title='bbox 502 569 539 630; x_wconf 88' lang='lat' dir='ltr'>ad</span> <span class='ocrx_word' id='word_1_12' title='bbox 561 567 694 630; x_wconf 78' lang='lat' dir='ltr'><strong>dextram</strong></span> <span class='ocrx_word' id='word_1_13' title='bbox 715 567 813 632; x_wconf 87' lang='lat' dir='ltr'>Patris</span> <span class='ocrx_word' id='word_1_14' title='bbox 834 570 935 642; x_wconf 87' lang='lat' dir='ltr'>sedet,</span> <span class='ocrx_word' id='word_1_15' title='bbox 969 569 1000 630; x_wconf 92' lang='lat' dir='ltr'>iu</span> <span class='ocrx_word' id='word_1_16' title='bbox 1021 589 1081 650; x_wconf 87' lang='lat' dir='ltr'>quo</span> <span class='ocrx_word' id='word_1_17' title='bbox 1105 572 1224 650; x_wconf 90' lang='lat' dir='ltr'>etipse</span> <span class='ocrx_word' id='word_1_18' title='bbox 1247 583 1401 646; x_wconf 59' lang='lat' dir='ltr'>esuum..</span> 
     </span>
     <span class='ocr_line' id='line_1_3' title="bbox 14 669 1205 752; baseline -0.003 -20"><span class='ocrx_word' id='word_1_19' title='bbox 14 680 52 732; x_wconf 87' lang='lat' dir='ltr'>et</span> <span class='ocrx_word' id='word_1_20' title='bbox 78 671 196 734; x_wconf 86' lang='lat' dir='ltr'>Pater</span> <span class='ocrx_word' id='word_1_21' title='bbox 225 671 264 732; x_wconf 89' lang='lat' dir='ltr'>in</span> <span class='ocrx_word' id='word_1_22' title='bbox 289 671 357 752; x_wconf 91' lang='lat' dir='ltr'>ipso</span> <span class='ocrx_word' id='word_1_23' title='bbox 381 669 468 732; x_wconf 88' lang='lat' dir='ltr'>sieuti</span> <span class='ocrx_word' id='word_1_24' title='bbox 489 670 546 731; x_wconf 81' lang='lat' dir='ltr'>fuit</span> <span class='ocrx_word' id='word_1_25' title='bbox 567 678 596 732; x_wconf 91' lang='lat' dir='ltr'>et</span> <span class='ocrx_word' id='word_1_26' title='bbox 618 678 666 731; x_wconf 90' lang='lat' dir='ltr'>est</span> <span class='ocrx_word' id='word_1_27' title='bbox 687 687 817 749; x_wconf 84' lang='lat' dir='ltr'>semper.</span> <span class='ocrx_word' id='word_1_28' title='bbox 1201 695 1205 706; x_wconf 92' lang='lat'><em>·</em></span> 
     </span>
    </p>

    <p class='ocr_par' dir='ltr' id='par_1_3' title="bbox 5 769 1402 3172">
     <span class='ocr_line' id='line_1_4' title="bbox 128 769 1306 854; baseline 0 -18"><span class='ocrx_word' id='word_1_29' title='bbox 128 773 167 836; x_wconf 90' lang='grc'>8.</span> <span class='ocrx_word' id='word_1_30' title='bbox 226 771 317 834; x_wconf 84' lang='lat' dir='ltr'>Haeo</span> <span class='ocrx_word' id='word_1_31' title='bbox 338 789 409 850; x_wconf 83' lang='lat' dir='ltr'>ergo</span> <span class='ocrx_word' id='word_1_32' title='bbox 431 789 501 832; x_wconf 84' lang='lat' dir='ltr'>vera</span> <span class='ocrx_word' id='word_1_33' title='bbox 523 779 572 832; x_wconf 88' lang='lat' dir='ltr'>est</span> <span class='ocrx_word' id='word_1_34' title='bbox 592 769 777 833; x_wconf 75' lang='lat' dir='ltr'>Christianae</span> <span class='ocrx_word' id='word_1_35' title='bbox 799 770 867 832; x_wconf 86' lang='lat' dir='ltr'>bdei</span> <span class='ocrx_word' id='word_1_36' title='bbox 896 771 992 832; x_wconf 86' lang='lat' dir='ltr'>io&#39;rma</span> <span class='ocrx_word' id='word_1_37' title='bbox 1021 790 1056 834; x_wconf 86' lang='lat' dir='ltr'>ex</span> <span class='ocrx_word' id='word_1_38' title='bbox 1079 772 1229 851; x_wconf 83' lang='lat' dir='ltr'>bpostolis</span> <span class='ocrx_word' id='word_1_39' title='bbox 1251 791 1306 854; x_wconf 87' lang='lat' dir='ltr'>per</span> 
     </span>
     <span class='ocr_line' id='line_1_5' title="bbox 15 870 1305 953; baseline 0.002 -19"><span class='ocrx_word' id='word_1_40' title='bbox 15 881 146 951; x_wconf 87' lang='lat' dir='ltr'>patres</span> <span class='ocrx_word' id='word_1_41' title='bbox 177 873 339 935; x_wconf 80' lang='lat' dir='ltr'>derivata.</span> <span class='ocrx_word' id='word_1_42' title='bbox 385 871 522 934; x_wconf 83' lang='lat' dir='ltr'>Ceterum</span> <span class='ocrx_word' id='word_1_43' title='bbox 546 871 597 950; x_wconf 90' lang='lat' dir='ltr'>qui</span> <span class='ocrx_word' id='word_1_44' title='bbox 619 870 790 950; x_wconf 79' lang='lat' dir='ltr'>Scripturas</span> <span class='ocrx_word' id='word_1_45' title='bbox 812 870 934 933; x_wconf 82' lang='lat' dir='ltr'>lectioni</span> <span class='ocrx_word' id='word_1_46' title='bbox 955 879 1047 944; x_wconf 84' lang='lat' dir='ltr'>saoat,</span> <span class='ocrx_word' id='word_1_47' title='bbox 1069 874 1255 953; x_wconf 80' lang='lat' dir='ltr'>perpendere</span> <span class='ocrx_word' id='word_1_48' title='bbox 1276 882 1305 937; x_wconf 91' lang='lat' dir='ltr'>et</span> 
     </span>
     <span class='ocr_line' id='line_1_6' title="bbox 20 971 1388 1061; baseline 0.004 -27"><span class='ocrx_word' id='word_1_49' title='bbox 20 973 239 1037; x_wconf 80' lang='lat' dir='ltr'>discernere</span> <span class='ocrx_word' id='word_1_50' title='bbox 267 974 366 1047; x_wconf 89' lang='lat' dir='ltr'>debet,</span> <span class='ocrx_word' id='word_1_51' title='bbox 389 973 576 1052; x_wconf 76' lang='lat' dir='ltr'>quandonam</span> <span class='ocrx_word' id='word_1_52' title='bbox 598 971 636 1033; x_wconf 91' lang='lat' dir='ltr'>de</span> <span class='ocrx_word' id='word_1_53' title='bbox 658 971 809 1036; x_wconf 82' lang='lat' dir='ltr'>divinitate</span> <span class='ocrx_word' id='word_1_54' title='bbox 824 971 1075 1061; x_wconf 79' lang='lat' dir='ltr'>Verbiloquatur,</span> <span class='ocrx_word' id='word_1_55' title='bbox 1098 973 1215 1053; x_wconf 73' lang='lat' dir='ltr'>quanam</span> <span class='ocrx_word' id='word_1_56' title='bbox 1232 992 1388 1039; x_wconf 76' lang='lat' dir='ltr'>veronese</span> 
     </span>
     <span class='ocr_line' id='line_1_7' title="bbox 21 1071 1304 1162; baseline 0 -26"><span class='ocrx_word' id='word_1_57' title='bbox 21 1076 66 1137; x_wconf 86' lang='lat' dir='ltr'>de</span> <span class='ocrx_word' id='word_1_58' title='bbox 94 1076 270 1138; x_wconf 88' lang='lat' dir='ltr'>humanis</span> <span class='ocrx_word' id='word_1_59' title='bbox 293 1075 357 1137; x_wconf 88' lang='lat' dir='ltr'>eius</span> <span class='ocrx_word' id='word_1_60' title='bbox 379 1075 463 1146; x_wconf 87' lang='lat' dir='ltr'>actis,</span> <span class='ocrx_word' id='word_1_61' title='bbox 486 1093 524 1136; x_wconf 86' lang='lat' dir='ltr'>ne</span> <span class='ocrx_word' id='word_1_62' title='bbox 546 1074 602 1135; x_wconf 84' lang='lat' dir='ltr'>alie</span> <span class='ocrx_word' id='word_1_63' title='bbox 620 1071 756 1153; x_wconf 84' lang='lat' dir='ltr'>proeliis</span> <span class='ocrx_word' id='word_1_64' title='bbox 771 1073 962 1162; x_wconf 73' lang='lat' dir='ltr'>intelligendo</span> <span class='ocrx_word' id='word_1_65' title='bbox 978 1073 1202 1149; x_wconf 89' lang='lat' dir='ltr'>baliuoinemur,</span> <span class='ocrx_word' id='word_1_66' title='bbox 1224 1076 1304 1154; x_wconf 89' lang='lat' dir='ltr'>quod</span> 
     </span>
     <span class='ocr_line' id='line_1_8' title="bbox 26 1169 1402 1256; baseline -0.001 -17"><span class='ocrx_word' id='word_1_67' title='bbox 26 1179 153 1256; x_wconf 89' lang='lat' dir='ltr'>utique</span> <span class='ocrx_word' id='word_1_68' title='bbox 182 1176 314 1241; x_wconf 76' lang='lat' dir='ltr'>Arianis</span> <span class='ocrx_word' id='word_1_69' title='bbox 338 1176 452 1238; x_wconf 81' lang='lat' dir='ltr'>oceidit.</span> <span class='ocrx_word' id='word_1_70' title='bbox 498 1174 755 1248; x_wconf 83' lang='lat' dir='ltr'>Quemadmodum</span> <span class='ocrx_word' id='word_1_71' title='bbox 777 1174 868 1254; x_wconf 68' lang='lat' dir='ltr'>igitur</span> <span class='ocrx_word' id='word_1_72' title='bbox 888 1193 967 1249; x_wconf 77' lang='lat' dir='ltr'>nos,</span> <span class='ocrx_word' id='word_1_73' title='bbox 986 1176 1034 1255; x_wconf 86' lang='lat' dir='ltr'>qui</span> <span class='ocrx_word' id='word_1_74' title='bbox 1060 1169 1303 1256; x_wconf 70' lang='lat' dir='ltr'>Verbom&#39;ag&#39;uo·</span> <span class='ocrx_word' id='word_1_75' title='bbox 1389 1197 1402 1210; x_wconf 94' lang='lat'><strong>·</strong></span> 
     </span>
     <span class='ocr_line' id='line_1_9' title="bbox 25 1277 1303 1357; baseline 0 -17"><span class='ocrx_word' id='word_1_76' title='bbox 25 1279 185 1352; x_wconf 86' lang='lat' dir='ltr'>seimus,</span> <span class='ocrx_word' id='word_1_77' title='bbox 223 1277 366 1339; x_wconf 77' lang='lat' dir='ltr'>nummus</span> <span class='ocrx_word' id='word_1_78' title='bbox 389 1295 507 1357; x_wconf 87' lang='lat' dir='ltr'>quoque</span> <span class='ocrx_word' id='word_1_79' title='bbox 529 1277 609 1356; x_wconf 84' lang='lat' dir='ltr'>quod</span> <span class='ocrx_word' id='word_1_80' title='bbox 632 1279 734 1339; x_wconf 86' lang='lat' dir='ltr'>omnio</span> <span class='ocrx_word' id='word_1_81' title='bbox 752 1293 812 1357; x_wconf 78' lang='lat' dir='ltr'>per</span> <span class='ocrx_word' id='word_1_82' title='bbox 831 1279 932 1357; x_wconf 81' lang='lat' dir='ltr'>ipsum</span> <span class='ocrx_word' id='word_1_83' title='bbox 953 1278 1038 1356; x_wconf 69' lang='lat' dir='ltr'>iacto</span> <span class='ocrx_word' id='word_1_84' title='bbox 1060 1287 1148 1348; x_wconf 83' lang='lat' dir='ltr'>suut,</span> <span class='ocrx_word' id='word_1_85' title='bbox 1181 1289 1210 1341; x_wconf 85' lang='lat' dir='ltr'>et</span> <span class='ocrx_word' id='word_1_86' title='bbox 1238 1281 1303 1340; x_wconf 77' lang='lat' dir='ltr'>aine</span> 
     </span>
     <span class='ocr_line' id='line_1_10' title="bbox 29 1376 1303 1460; baseline 0 -20"><span class='ocrx_word' id='word_1_87' title='bbox 29 1383 113 1459; x_wconf 84' lang='lat' dir='ltr'>ipso</span> <span class='ocrx_word' id='word_1_88' title='bbox 139 1381 279 1460; x_wconf 76' lang='lat' dir='ltr'>foetum</span> <span class='ocrx_word' id='word_1_89' title='bbox 300 1389 346 1441; x_wconf 85' lang='lat' dir='ltr'>est</span> <span class='ocrx_word' id='word_1_90' title='bbox 367 1379 459 1448; x_wconf 74' lang='lat' dir='ltr'>eiiii,</span> <span class='ocrx_word' id='word_1_91' title='bbox 489 1389 518 1439; x_wconf 88' lang='lat' dir='ltr'>et</span> <span class='ocrx_word' id='word_1_92' title='bbox 544 1377 636 1440; x_wconf 81' lang='lat' dir='ltr'>Verbo</span> <span class='ocrx_word' id='word_1_93' title='bbox 658 1377 783 1440; x_wconf 84' lang='lat' dir='ltr'>Domini</span> <span class='ocrx_word' id='word_1_94' title='bbox 803 1376 879 1439; x_wconf 80' lang='lat' dir='ltr'>obeli</span> <span class='ocrx_word' id='word_1_95' title='bbox 897 1377 1018 1458; x_wconf 69' lang='lat' dir='ltr'>pinnati</span> <span class='ocrx_word' id='word_1_96' title='bbox 1038 1389 1124 1448; x_wconf 81' lang='lat' dir='ltr'>snat,</span> <span class='ocrx_word' id='word_1_97' title='bbox 1154 1385 1184 1438; x_wconf 93' lang='lat' dir='ltr'>et</span> <span class='ocrx_word' id='word_1_98' title='bbox 1211 1381 1303 1440; x_wconf 74' lang='lat' dir='ltr'>inierit</span> 
     </span>
     <span class='ocr_line' id='line_1_11' title="bbox 32 1475 1301 1558; baseline 0.001 -19"><span class='ocrx_word' id='word_1_99' title='bbox 32 1479 192 1542; x_wconf 84' lang='lat' dir='ltr'>Verbum</span> <span class='ocrx_word' id='word_1_100' title='bbox 218 1499 315 1544; x_wconf 79' lang='lat' dir='ltr'>senos</span> <span class='ocrx_word' id='word_1_101' title='bbox 336 1491 365 1542; x_wconf 85' lang='lat' dir='ltr'>et</span> <span class='ocrx_word' id='word_1_102' title='bbox 387 1489 478 1542; x_wconf 78' lang='lat' dir='ltr'>sonet</span> <span class='ocrx_word' id='word_1_103' title='bbox 500 1483 616 1541; x_wconf 78' lang='lat' dir='ltr'>omnio:</span> <span class='ocrx_word' id='word_1_104' title='bbox 650 1477 788 1540; x_wconf 84' lang='lat' dir='ltr'>similiter</span> <span class='ocrx_word' id='word_1_105' title='bbox 816 1477 898 1540; x_wconf 89' lang='lat' dir='ltr'>iliam</span> <span class='ocrx_word' id='word_1_106' title='bbox 921 1475 1095 1557; x_wconf 88' lang='lat' dir='ltr'>sapientiam</span> <span class='ocrx_word' id='word_1_107' title='bbox 1118 1497 1185 1540; x_wconf 87' lang='lat' dir='ltr'>esse</span> <span class='ocrx_word' id='word_1_108' title='bbox 1207 1496 1301 1558; x_wconf 77' lang='lat' dir='ltr'>agno-</span> 
     </span>
     <span class='ocr_line' id='line_1_12' title="bbox 32 1578 1303 1658; baseline -0.002 -16"><span class='ocrx_word' id='word_1_109' title='bbox 32 1590 178 1643; x_wconf 88' lang='lat' dir='ltr'>seentes</span> <span class='ocrx_word' id='word_1_110' title='bbox 205 1580 308 1643; x_wconf 86' lang='lat' dir='ltr'>Deum</span> <span class='ocrx_word' id='word_1_111' title='bbox 330 1579 476 1658; x_wconf 77' lang='lat' dir='ltr'>sapientiis</span> <span class='ocrx_word' id='word_1_112' title='bbox 497 1579 640 1640; x_wconf 73' lang='lat' dir='ltr'>fundasse</span> <span class='ocrx_word' id='word_1_113' title='bbox 663 1587 771 1641; x_wconf 86' lang='lat' dir='ltr'>terram</span> <span class='ocrx_word' id='word_1_114' title='bbox 794 1587 824 1640; x_wconf 90' lang='lat' dir='ltr'>et</span> <span class='ocrx_word' id='word_1_115' title='bbox 843 1578 961 1640; x_wconf 87' lang='lat' dir='ltr'>Patrem</span> <span class='ocrx_word' id='word_1_116' title='bbox 985 1579 1085 1640; x_wconf 85' lang='lat' dir='ltr'>omnia</span> <span class='ocrx_word' id='word_1_117' title='bbox 1106 1580 1137 1640; x_wconf 92' lang='lat' dir='ltr'>iu</span> <span class='ocrx_word' id='word_1_118' title='bbox 1157 1579 1303 1658; x_wconf 75' lang='lat' dir='ltr'>snpientia</span> 
     </span>
     <span class='ocr_line' id='line_1_13' title="bbox 33 1679 1299 1760; baseline -0.002 -16"><span class='ocrx_word' id='word_1_119' title='bbox 33 1683 165 1745; x_wconf 83' lang='lat' dir='ltr'>iecisse</span> <span class='ocrx_word' id='word_1_120' title='bbox 197 1689 319 1744; x_wconf 68' lang='lat' dir='ltr'>motum</span> <span class='ocrx_word' id='word_1_121' title='bbox 346 1681 501 1742; x_wconf 88' lang='lat' dir='ltr'>babemus.</span> <span class='ocrx_word' id='word_1_122' title='bbox 551 1679 655 1760; x_wconf 87' lang='lat' dir='ltr'>Ipsum</span> <span class='ocrx_word' id='word_1_123' title='bbox 683 1679 784 1742; x_wconf 89' lang='lat' dir='ltr'>itidem</span> <span class='ocrx_word' id='word_1_124' title='bbox 816 1679 909 1741; x_wconf 82' lang='lat' dir='ltr'>Deum</span> <span class='ocrx_word' id='word_1_125' title='bbox 941 1679 1117 1740; x_wconf 76' lang='lat' dir='ltr'>munientes</span> <span class='ocrx_word' id='word_1_126' title='bbox 1150 1679 1299 1744; x_wconf 85' lang='lat' dir='ltr'>Christum</span> 
     </span>
     <span class='ocr_line' id='line_1_14' title="bbox 37 1779 1300 1854; baseline -0.001 -10"><span class='ocrx_word' id='word_1_127' title='bbox 37 1802 120 1845; x_wconf 86' lang='lat' dir='ltr'>esse</span> <span class='ocrx_word' id='word_1_128' title='bbox 147 1782 324 1843; x_wconf 86' lang='lat' dir='ltr'>oredimus.</span> <span class='ocrx_word' id='word_1_129' title='bbox 369 1779 443 1842; x_wconf 86' lang='lat' dir='ltr'>Nam</span> <span class='ocrx_word' id='word_1_130' title='bbox 466 1781 549 1852; x_wconf 79' lang='lat' dir='ltr'>sedes</span> <span class='ocrx_word' id='word_1_131' title='bbox 573 1793 634 1852; x_wconf 87' lang='lat' dir='ltr'>tuo,</span> <span class='ocrx_word' id='word_1_132' title='bbox 658 1781 750 1852; x_wconf 79' lang='lat' dir='ltr'>Deua,</span> <span class='ocrx_word' id='word_1_133' title='bbox 773 1780 852 1842; x_wconf 87' lang='lat' dir='ltr'>canit</span> <span class='ocrx_word' id='word_1_134' title='bbox 873 1779 979 1854; x_wconf 77' lang='lat' dir='ltr'>david,</span> <span class='ocrx_word' id='word_1_135' title='bbox 1002 1781 1210 1843; x_wconf 77' lang='lat' dir='ltr'>insomnium</span> <span class='ocrx_word' id='word_1_136' title='bbox 1232 1799 1300 1844; x_wconf 85' lang='lat' dir='ltr'>soe-</span> 
     </span>
     <span class='ocr_line' id='line_1_15' title="bbox 40 1881 1303 1963; baseline -0.002 -17"><span class='ocrx_word' id='word_1_137' title='bbox 40 1883 124 1946; x_wconf 82' lang='lat' dir='ltr'>euii.</span> <span class='ocrx_word' id='word_1_138' title='bbox 183 1881 283 1963; x_wconf 80' lang='lat' dir='ltr'>Virpo</span> <span class='ocrx_word' id='word_1_139' title='bbox 303 1886 462 1963; x_wconf 82' lang='lat' dir='ltr'>aequitatis</span> <span class='ocrx_word' id='word_1_140' title='bbox 485 1885 573 1961; x_wconf 76' lang='lat' dir='ltr'>sirpo</span> <span class='ocrx_word' id='word_1_141' title='bbox 595 1885 682 1961; x_wconf 81' lang='lat' dir='ltr'>repni</span> <span class='ocrx_word' id='word_1_142' title='bbox 702 1885 757 1944; x_wconf 82' lang='lat' dir='ltr'>tui.</span> <span class='ocrx_word' id='word_1_143' title='bbox 801 1881 948 1944; x_wconf 81' lang='lat' dir='ltr'>Diienisti</span> <span class='ocrx_word' id='word_1_144' title='bbox 973 1885 1121 1945; x_wconf 80' lang='lat' dir='ltr'>iustitium</span> <span class='ocrx_word' id='word_1_145' title='bbox 1150 1894 1179 1945; x_wconf 82' lang='lat' dir='ltr'>et</span> <span class='ocrx_word' id='word_1_146' title='bbox 1211 1883 1303 1946; x_wconf 84' lang='lat' dir='ltr'>odisti</span> 
     </span>
     <span class='ocr_line' id='line_1_16' title="bbox 39 1981 1299 2067; baseline -0.005 -17"><span class='ocrx_word' id='word_1_147' title='bbox 39 1987 268 2067; x_wconf 75' lang='lat' dir='ltr'>iniquitatem.</span> <span class='ocrx_word' id='word_1_148' title='bbox 312 1983 482 2064; x_wconf 80' lang='lat' dir='ltr'>Propterea</span> <span class='ocrx_word' id='word_1_149' title='bbox 503 1987 596 2046; x_wconf 73' lang='lat' dir='ltr'>uomit</span> <span class='ocrx_word' id='word_1_150' title='bbox 617 1981 751 2052; x_wconf 55' lang='lat' dir='ltr'>temous,</span> <span class='ocrx_word' id='word_1_151' title='bbox 774 1983 857 2045; x_wconf 82' lang='lat' dir='ltr'>liena</span> <span class='ocrx_word' id='word_1_152' title='bbox 880 1993 961 2054; x_wconf 79' lang='lat' dir='ltr'>uaso,</span> <span class='ocrx_word' id='word_1_153' title='bbox 986 1983 1052 2045; x_wconf 85' lang='lat' dir='ltr'>oieo</span> <span class='ocrx_word' id='word_1_154' title='bbox 1072 1982 1204 2046; x_wconf 68' lang='lat' dir='ltr'>locutios</span> <span class='ocrx_word' id='word_1_155' title='bbox 1222 2000 1299 2062; x_wconf 85' lang='lat' dir='ltr'>pree</span> 
     </span>
     <span class='ocr_line' id='line_1_17' title="bbox 43 2081 1300 2163; baseline -0.003 -15"><span class='ocrx_word' id='word_1_156' title='bbox 43 2087 266 2149; x_wconf 66' lang='lat' dir='ltr'>consortibus</span> <span class='ocrx_word' id='word_1_157' title='bbox 289 2089 359 2148; x_wconf 81' lang='lat' dir='ltr'>tuin.</span> <span class='ocrx_word' id='word_1_158' title='bbox 403 2083 476 2163; x_wconf 87' lang='lat' dir='ltr'>Ipse</span> <span class='ocrx_word' id='word_1_159' title='bbox 495 2101 567 2145; x_wconf 82' lang='lat' dir='ltr'>sero</span> <span class='ocrx_word' id='word_1_160' title='bbox 594 2083 624 2144; x_wconf 93' lang='lat' dir='ltr'>in</span> <span class='ocrx_word' id='word_1_161' title='bbox 647 2082 736 2144; x_wconf 80' lang='lat' dir='ltr'>Esaia</span> <span class='ocrx_word' id='word_1_162' title='bbox 764 2082 801 2144; x_wconf 90' lang='lat' dir='ltr'>de</span> <span class='ocrx_word' id='word_1_163' title='bbox 829 2082 931 2162; x_wconf 86' lang='lat' dir='ltr'>seipso</span> <span class='ocrx_word' id='word_1_164' title='bbox 959 2081 1045 2144; x_wconf 87' lang='lat' dir='ltr'>dieit:</span> <span class='ocrx_word' id='word_1_165' title='bbox 1074 2081 1211 2163; x_wconf 74' lang='lat' dir='ltr'>Spiritus</span> <span class='ocrx_word' id='word_1_166' title='bbox 1232 2082 1300 2144; x_wconf 85' lang='lat' dir='ltr'>Do-</span> 
     </span>
     <span class='ocr_line' id='line_1_18' title="bbox 42 2182 1298 2266; baseline -0.003 -18"><span class='ocrx_word' id='word_1_167' title='bbox 42 2191 132 2248; x_wconf 84' lang='lat' dir='ltr'>mini</span> <span class='ocrx_word' id='word_1_168' title='bbox 156 2203 260 2266; x_wconf 84' lang='lat' dir='ltr'>super</span> <span class='ocrx_word' id='word_1_169' title='bbox 280 2203 342 2261; x_wconf 82' lang='lat' dir='ltr'>me,</span> <span class='ocrx_word' id='word_1_170' title='bbox 375 2190 460 2247; x_wconf 84' lang='lat' dir='ltr'>euius</span> <span class='ocrx_word' id='word_1_171' title='bbox 484 2203 577 2247; x_wconf 81' lang='lat' dir='ltr'>conso</span> <span class='ocrx_word' id='word_1_172' title='bbox 599 2189 690 2246; x_wconf 79' lang='lat' dir='ltr'>sunit</span> <span class='ocrx_word' id='word_1_173' title='bbox 709 2201 767 2245; x_wconf 84' lang='lat' dir='ltr'>me.</span> <span class='ocrx_word' id='word_1_174' title='bbox 811 2182 918 2245; x_wconf 86' lang='lat' dir='ltr'>Petrus</span> <span class='ocrx_word' id='word_1_175' title='bbox 941 2191 1039 2245; x_wconf 88' lang='lat' dir='ltr'>autem</span> <span class='ocrx_word' id='word_1_176' title='bbox 1062 2184 1219 2246; x_wconf 86' lang='lat' dir='ltr'>ooniessus</span> <span class='ocrx_word' id='word_1_177' title='bbox 1242 2192 1298 2256; x_wconf 85' lang='lat' dir='ltr'>est,</span> 
     </span>
     <span class='ocr_line' id='line_1_19' title="bbox 44 2283 1298 2368; baseline -0.002 -20"><span class='ocrx_word' id='word_1_178' title='bbox 44 2287 123 2368; x_wconf 84' lang='lat' dir='ltr'>quia</span> <span class='ocrx_word' id='word_1_179' title='bbox 156 2297 195 2349; x_wconf 84' lang='lat' dir='ltr'>to</span> <span class='ocrx_word' id='word_1_180' title='bbox 227 2305 258 2350; x_wconf 83' lang='lat' dir='ltr'>es</span> <span class='ocrx_word' id='word_1_181' title='bbox 283 2286 422 2349; x_wconf 74' lang='lat' dir='ltr'>cbristus</span> <span class='ocrx_word' id='word_1_182' title='bbox 451 2286 547 2348; x_wconf 82' lang='lat' dir='ltr'>Filius</span> <span class='ocrx_word' id='word_1_183' title='bbox 569 2285 629 2348; x_wconf 81' lang='lat' dir='ltr'>Dei</span> <span class='ocrx_word' id='word_1_184' title='bbox 654 2287 793 2348; x_wconf 82' lang='lat' dir='ltr'>viventia.</span> <span class='ocrx_word' id='word_1_185' title='bbox 843 2283 886 2346; x_wconf 83' lang='lat' dir='ltr'>lta</span> <span class='ocrx_word' id='word_1_186' title='bbox 913 2301 982 2347; x_wconf 91' lang='lat' dir='ltr'>eum</span> <span class='ocrx_word' id='word_1_187' title='bbox 1009 2285 1161 2348; x_wconf 89' lang='lat' dir='ltr'>bominem</span> <span class='ocrx_word' id='word_1_188' title='bbox 1190 2287 1298 2346; x_wconf 87' lang='lat' dir='ltr'>iactum</span> 
     </span>
     <span class='ocr_line' id='line_1_20' title="bbox 46 2365 1299 2466; baseline -0.005 -15"><span class='ocrx_word' id='word_1_189' title='bbox 46 2407 124 2451; x_wconf 88' lang='lat' dir='ltr'>esse</span> <span class='ocrx_word' id='word_1_190' title='bbox 150 2365 288 2450; x_wconf 76' lang='lat' dir='ltr'>sciedtes</span> <span class='ocrx_word' id='word_1_191' title='bbox 311 2405 371 2450; x_wconf 93' lang='lat' dir='ltr'>noo</span> <span class='ocrx_word' id='word_1_192' title='bbox 394 2405 549 2466; x_wconf 80' lang='lat' dir='ltr'>negamus,</span> <span class='ocrx_word' id='word_1_193' title='bbox 572 2386 706 2466; x_wconf 77' lang='lat' dir='ltr'>quaeda</span> <span class='ocrx_word' id='word_1_194' title='bbox 728 2385 778 2448; x_wconf 87' lang='lat' dir='ltr'>iiio</span> <span class='ocrx_word' id='word_1_195' title='bbox 800 2385 970 2448; x_wconf 86' lang='lat' dir='ltr'>humanitus</span> <span class='ocrx_word' id='word_1_196' title='bbox 992 2395 1059 2448; x_wconf 89' lang='lat' dir='ltr'>suut</span> <span class='ocrx_word' id='word_1_197' title='bbox 1082 2386 1180 2458; x_wconf 87' lang='lat' dir='ltr'>diota,</span> <span class='ocrx_word' id='word_1_198' title='bbox 1202 2385 1299 2464; x_wconf 85' lang='lat' dir='ltr'>qualia</span> 
     </span>
     <span class='ocr_line' id='line_1_21' title="bbox 5 2487 1297 2569; baseline -0.002 -20"><span class='ocrx_word' id='word_1_199' title='bbox 5 2557 6 2562; x_wconf 8' lang='grc' dir='ltr'>ἵ</span> <span class='ocrx_word' id='word_1_200' title='bbox 49 2499 127 2550; x_wconf 87' lang='lat' dir='ltr'>sunt</span> <span class='ocrx_word' id='word_1_201' title='bbox 151 2489 286 2562; x_wconf 87' lang='lat' dir='ltr'>esurire,</span> <span class='ocrx_word' id='word_1_202' title='bbox 308 2488 404 2561; x_wconf 83' lang='lat' dir='ltr'>sitire,</span> <span class='ocrx_word' id='word_1_203' title='bbox 427 2488 520 2568; x_wconf 91' lang='lat' dir='ltr'>alapis</span> <span class='ocrx_word' id='word_1_204' title='bbox 543 2489 668 2567; x_wconf 82' lang='lat' dir='ltr'>percuti,</span> <span class='ocrx_word' id='word_1_205' title='bbox 691 2487 853 2569; x_wconf 83' lang='lat' dir='ltr'>lacrymari,</span> <span class='ocrx_word' id='word_1_206' title='bbox 877 2488 1008 2550; x_wconf 88' lang='lat' dir='ltr'>dormire</span> <span class='ocrx_word' id='word_1_207' title='bbox 1030 2505 1065 2548; x_wconf 89' lang='lat' dir='ltr'>ac</span> <span class='ocrx_word' id='word_1_208' title='bbox 1079 2487 1197 2548; x_wconf 90' lang='lat' dir='ltr'>demum</span> <span class='ocrx_word' id='word_1_209' title='bbox 1213 2503 1297 2548; x_wconf 83' lang='lat' dir='ltr'>mor-</span> 
     </span>
     <span class='ocr_line' id='line_1_22' title="bbox 50 2585 1298 2668; baseline 0.001 -21"><span class='ocrx_word' id='word_1_210' title='bbox 50 2597 117 2648; x_wconf 87' lang='lat' dir='ltr'>tem</span> <span class='ocrx_word' id='word_1_211' title='bbox 142 2606 203 2666; x_wconf 88' lang='lat' dir='ltr'>pro</span> <span class='ocrx_word' id='word_1_212' title='bbox 226 2589 315 2650; x_wconf 92' lang='lat' dir='ltr'>nobis</span> <span class='ocrx_word' id='word_1_213' title='bbox 336 2589 367 2651; x_wconf 92' lang='lat' dir='ltr'>in</span> <span class='ocrx_word' id='word_1_214' title='bbox 390 2609 479 2652; x_wconf 87' lang='lat' dir='ltr'>oruoe</span> <span class='ocrx_word' id='word_1_215' title='bbox 501 2589 664 2668; x_wconf 72' lang='lat' dir='ltr'>suscipere:</span> <span class='ocrx_word' id='word_1_216' title='bbox 709 2588 788 2652; x_wconf 84' lang='lat' dir='ltr'>Haeo</span> <span class='ocrx_word' id='word_1_217' title='bbox 817 2590 896 2652; x_wconf 89' lang='lat' dir='ltr'>enim</span> <span class='ocrx_word' id='word_1_218' title='bbox 924 2588 1022 2650; x_wconf 91' lang='lat' dir='ltr'>omnia</span> <span class='ocrx_word' id='word_1_219' title='bbox 1056 2587 1093 2648; x_wconf 91' lang='lat' dir='ltr'>de</span> <span class='ocrx_word' id='word_1_220' title='bbox 1114 2585 1166 2648; x_wconf 90' lang='lat' dir='ltr'>illo</span> <span class='ocrx_word' id='word_1_221' title='bbox 1189 2587 1298 2666; x_wconf 78' lang='lat' dir='ltr'>scripta</span> 
     </span>
     <span class='ocr_line' id='line_1_23' title="bbox 54 2686 1297 2771; baseline -0.001 -23"><span class='ocrx_word' id='word_1_222' title='bbox 54 2695 141 2749; x_wconf 89' lang='lat' dir='ltr'>suut.</span> <span class='ocrx_word' id='word_1_223' title='bbox 189 2686 265 2752; x_wconf 85' lang='lat' dir='ltr'>iilud</span> <span class='ocrx_word' id='word_1_224' title='bbox 287 2708 404 2770; x_wconf 84' lang='lat' dir='ltr'>quoque</span> <span class='ocrx_word' id='word_1_225' title='bbox 426 2690 550 2753; x_wconf 80' lang='lat' dir='ltr'>verbum</span> <span class='ocrx_word' id='word_1_226' title='bbox 574 2695 698 2764; x_wconf 80' lang='lat' dir='ltr'>creauit,</span> <span class='ocrx_word' id='word_1_227' title='bbox 722 2691 802 2771; x_wconf 84' lang='lat' dir='ltr'>quod</span> <span class='ocrx_word' id='word_1_228' title='bbox 824 2690 943 2770; x_wconf 86' lang='lat' dir='ltr'>quidem</span> <span class='ocrx_word' id='word_1_229' title='bbox 958 2686 1131 2750; x_wconf 86' lang='lat' dir='ltr'>bominibus</span> <span class='ocrx_word' id='word_1_230' title='bbox 1149 2688 1297 2758; x_wconf 80' lang='lat' dir='ltr'>convenit,</span> 
     </span>
     <span class='ocr_line' id='line_1_24' title="bbox 54 2787 1295 2872; baseline 0 -24"><span class='ocrx_word' id='word_1_231' title='bbox 54 2805 121 2848; x_wconf 91' lang='lat' dir='ltr'>non</span> <span class='ocrx_word' id='word_1_232' title='bbox 145 2787 267 2850; x_wconf 70' lang='lat' dir='ltr'>retinuit</span> <span class='ocrx_word' id='word_1_233' title='bbox 288 2791 449 2870; x_wconf 82' lang='lat' dir='ltr'>Scriptura,</span> <span class='ocrx_word' id='word_1_234' title='bbox 473 2793 527 2855; x_wconf 88' lang='lat' dir='ltr'>sed</span> <span class='ocrx_word' id='word_1_235' title='bbox 550 2791 706 2872; x_wconf 83' lang='lat' dir='ltr'>expressit.</span> <span class='ocrx_word' id='word_1_236' title='bbox 750 2793 813 2854; x_wconf 87' lang='lat' dir='ltr'>Nos</span> <span class='ocrx_word' id='word_1_237' title='bbox 831 2792 911 2854; x_wconf 91' lang='lat' dir='ltr'>enim</span> <span class='ocrx_word' id='word_1_238' title='bbox 926 2789 1063 2852; x_wconf 89' lang='lat' dir='ltr'>homines</span> <span class='ocrx_word' id='word_1_239' title='bbox 1079 2788 1168 2850; x_wconf 83' lang='lat' dir='ltr'>oresti</span> <span class='ocrx_word' id='word_1_240' title='bbox 1184 2797 1214 2851; x_wconf 90' lang='lat' dir='ltr'>et</span> <span class='ocrx_word' id='word_1_241' title='bbox 1228 2787 1295 2850; x_wconf 86' lang='lat' dir='ltr'>iacti</span> 
     </span>
     <span class='ocr_line' id='line_1_25' title="bbox 55 2889 1295 2978; baseline -0.001 -27"><span class='ocrx_word' id='word_1_242' title='bbox 55 2906 180 2952; x_wconf 88' lang='lat' dir='ltr'>sumus.</span> <span class='ocrx_word' id='word_1_243' title='bbox 228 2889 288 2952; x_wconf 91' lang='lat' dir='ltr'>Sed</span> <span class='ocrx_word' id='word_1_244' title='bbox 314 2893 561 2971; x_wconf 89' lang='lat' dir='ltr'>quemadmodum</span> <span class='ocrx_word' id='word_1_245' title='bbox 589 2908 657 2955; x_wconf 89' lang='lat' dir='ltr'>eum</span> <span class='ocrx_word' id='word_1_246' title='bbox 685 2892 821 2978; x_wconf 76' lang='lat' dir='ltr'>audimus</span> <span class='ocrx_word' id='word_1_247' title='bbox 850 2891 987 2964; x_wconf 84' lang='lat' dir='ltr'>esurivit,</span> <span class='ocrx_word' id='word_1_248' title='bbox 1017 2889 1173 2964; x_wconf 86' lang='lat' dir='ltr'>dormivit,</span> <span class='ocrx_word' id='word_1_249' title='bbox 1202 2889 1295 2968; x_wconf 88' lang='lat' dir='ltr'>alapis</span> 
     </span>
     <span class='ocr_line' id='line_1_26' title="bbox 55 2990 1295 3078; baseline -0.001 -27"><span class='ocrx_word' id='word_1_250' title='bbox 55 3005 229 3072; x_wconf 88' lang='lat' dir='ltr'>pereussos</span> <span class='ocrx_word' id='word_1_251' title='bbox 257 2998 317 3064; x_wconf 89' lang='lat' dir='ltr'>est,</span> <span class='ocrx_word' id='word_1_252' title='bbox 346 2991 410 3054; x_wconf 89' lang='lat' dir='ltr'>eius</span> <span class='ocrx_word' id='word_1_253' title='bbox 441 2991 622 3056; x_wconf 86' lang='lat' dir='ltr'>divinitatem</span> <span class='ocrx_word' id='word_1_254' title='bbox 650 3011 711 3056; x_wconf 91' lang='lat' dir='ltr'>noo</span> <span class='ocrx_word' id='word_1_255' title='bbox 732 3009 894 3071; x_wconf 71' lang='lat' dir='ltr'>negamusa</span> <span class='ocrx_word' id='word_1_256' title='bbox 923 2991 1061 3055; x_wconf 86' lang='lat' dir='ltr'>siceum</span> <span class='ocrx_word' id='word_1_257' title='bbox 1089 2990 1166 3078; x_wconf 77' lang='lat' dir='ltr'>bano</span> <span class='ocrx_word' id='word_1_258' title='bbox 1193 3009 1295 3052; x_wconf 81' lang='lat' dir='ltr'>vocem</span> 
     </span>
     <span class='ocr_line' id='line_1_27' title="bbox 59 3089 1294 3172; baseline 0 -20"><span class='ocrx_word' id='word_1_259' title='bbox 59 3095 182 3154; x_wconf 83' lang='lat' dir='ltr'>ereooit</span> <span class='ocrx_word' id='word_1_260' title='bbox 204 3089 357 3164; x_wconf 89' lang='lat' dir='ltr'>audimus,</span> <span class='ocrx_word' id='word_1_261' title='bbox 379 3093 555 3156; x_wconf 87' lang='lat' dir='ltr'>meminisse</span> <span class='ocrx_word' id='word_1_262' title='bbox 576 3111 702 3172; x_wconf 86' lang='lat' dir='ltr'>aequom</span> <span class='ocrx_word' id='word_1_263' title='bbox 725 3100 788 3165; x_wconf 92' lang='lat' dir='ltr'>est,</span> <span class='ocrx_word' id='word_1_264' title='bbox 811 3110 895 3165; x_wconf 90' lang='lat' dir='ltr'>eom,</span> <span class='ocrx_word' id='word_1_265' title='bbox 918 3093 968 3171; x_wconf 89' lang='lat' dir='ltr'>qui</span> <span class='ocrx_word' id='word_1_266' title='bbox 990 3091 1070 3156; x_wconf 87' lang='lat' dir='ltr'>Deos</span> <span class='ocrx_word' id='word_1_267' title='bbox 1092 3091 1294 3165; x_wconf 86' lang='lat' dir='ltr'>erat,·bomi-</span> 
     </span>
    </p>
   </div>
   <div class='ocr_carea' id='block_1_3' title="bbox 31 3191 1293 3374">
    <p class='ocr_par' dir='ltr' id='par_1_4' title="bbox 31 3191 1293 3374">
     <span class='ocr_line' id='line_1_28' title="bbox 31 3191 1293 3274; baseline 0 -20"><span class='ocrx_word' id='word_1_268' title='bbox 31 3267 34 3274; x_wconf 87' lang='lat'><em>.</em></span> <span class='ocrx_word' id='word_1_269' title='bbox 57 3209 131 3254; x_wconf 92' lang='lat' dir='ltr'>nem</span> <span class='ocrx_word' id='word_1_270' title='bbox 154 3201 287 3255; x_wconf 88' lang='lat' dir='ltr'>oreatum</span> <span class='ocrx_word' id='word_1_271' title='bbox 311 3211 388 3254; x_wconf 87' lang='lat' dir='ltr'>esse.</span> <span class='ocrx_word' id='word_1_272' title='bbox 433 3193 586 3272; x_wconf 87' lang='lat' dir='ltr'>Siquidem</span> <span class='ocrx_word' id='word_1_273' title='bbox 601 3193 755 3255; x_wconf 92' lang='lat' dir='ltr'>bominum</span> <span class='ocrx_word' id='word_1_274' title='bbox 769 3191 924 3273; x_wconf 86' lang='lat' dir='ltr'>proprium</span> <span class='ocrx_word' id='word_1_275' title='bbox 940 3201 986 3255; x_wconf 90' lang='lat' dir='ltr'>est</span> <span class='ocrx_word' id='word_1_276' title='bbox 1007 3193 1112 3266; x_wconf 87' lang='lat' dir='ltr'>creari,</span> <span class='ocrx_word' id='word_1_277' title='bbox 1136 3200 1168 3254; x_wconf 89' lang='lat' dir='ltr'>ut</span> <span class='ocrx_word' id='word_1_278' title='bbox 1182 3201 1210 3254; x_wconf 89' lang='lat' dir='ltr'>et</span> <span class='ocrx_word' id='word_1_279' title='bbox 1226 3211 1293 3270; x_wconf 78' lang='lat' dir='ltr'>cae·</span> 
     </span>
     <span class='ocr_line' id='line_1_29' title="bbox 60 3292 698 3374; baseline -0.002 -19"><span class='ocrx_word' id='word_1_280' title='bbox 60 3304 126 3355; x_wconf 88' lang='lat' dir='ltr'>tera</span> <span class='ocrx_word' id='word_1_281' title='bbox 150 3311 243 3374; x_wconf 89' lang='lat' dir='ltr'>supra</span> <span class='ocrx_word' id='word_1_282' title='bbox 265 3292 366 3368; x_wconf 74' lang='lat' dir='ltr'>allam,</span> <span class='ocrx_word' id='word_1_283' title='bbox 390 3293 505 3355; x_wconf 86' lang='lat' dir='ltr'>esurire</span> <span class='ocrx_word' id='word_1_284' title='bbox 529 3302 559 3356; x_wconf 88' lang='lat' dir='ltr'>et</span> <span class='ocrx_word' id='word_1_285' title='bbox 580 3293 698 3356; x_wconf 82' lang='lat' dir='ltr'>similia.</span> 
     </span>
    </p>
   </div>
   <div class='ocr_carea' id='block_1_4' title="bbox 60 3558 1296 3874">
    <p class='ocr_par' dir='ltr' id='par_1_5' title="bbox 60 3558 1296 3874">
     <span class='ocr_line' id='line_1_30' title="bbox 145 3558 1296 3675; baseline -0.003 -15"><span class='ocrx_word' id='word_1_286' title='bbox 145 3597 176 3660; x_wconf 90' lang='grc'>9.</span> <span class='ocrx_word' id='word_1_287' title='bbox 222 3593 305 3657; x_wconf 89' lang='lat' dir='ltr'>istud</span> <span class='ocrx_word' id='word_1_288' title='bbox 328 3613 447 3675; x_wconf 84' lang='lat' dir='ltr'>quoque</span> <span class='ocrx_word' id='word_1_289' title='bbox 469 3604 549 3657; x_wconf 84' lang='lat' dir='ltr'>recte</span> <span class='ocrx_word' id='word_1_290' title='bbox 570 3595 683 3658; x_wconf 89' lang='lat' dir='ltr'>dictum</span> <span class='ocrx_word' id='word_1_291' title='bbox 706 3607 762 3670; x_wconf 90' lang='lat' dir='ltr'>est,</span> <span class='ocrx_word' id='word_1_292' title='bbox 784 3594 864 3674; x_wconf 79' lang='lat' dir='ltr'>qood</span> <span class='ocrx_word' id='word_1_293' title='bbox 888 3593 964 3656; x_wconf 89' lang='lat' dir='ltr'>maie</span> <span class='ocrx_word' id='word_1_294' title='bbox 986 3593 1022 3656; x_wconf 92' lang='lat' dir='ltr'>ab</span> <span class='ocrx_word' id='word_1_295' title='bbox 1037 3558 1296 3675; x_wconf 78' lang='lat' dir='ltr'>iiiisinteiiigitur,</span> 
     </span>
     <span class='ocr_line' id='line_1_31' title="bbox 60 3695 1294 3778; baseline 0.003 -22"><span class='ocrx_word' id='word_1_296' title='bbox 60 3713 167 3775; x_wconf 86' lang='lat' dir='ltr'>nempe</span> <span class='ocrx_word' id='word_1_297' title='bbox 190 3695 237 3756; x_wconf 83' lang='lat' dir='ltr'>De</span> <span class='ocrx_word' id='word_1_298' title='bbox 259 3697 306 3758; x_wconf 84' lang='lat' dir='ltr'>die</span> <span class='ocrx_word' id='word_1_299' title='bbox 327 3708 427 3759; x_wconf 82' lang='lat' dir='ltr'>netem</span> <span class='ocrx_word' id='word_1_300' title='bbox 448 3695 503 3759; x_wconf 79' lang='lat' dir='ltr'>itte</span> <span class='ocrx_word' id='word_1_301' title='bbox 526 3697 575 3760; x_wconf 82' lang='lat' dir='ltr'>oei</span> <span class='ocrx_word' id='word_1_302' title='bbox 597 3697 675 3760; x_wconf 84' lang='lat' dir='ltr'>born</span> <span class='ocrx_word' id='word_1_303' title='bbox 696 3715 780 3760; x_wconf 77' lang='lat' dir='ltr'>anuo</span> <span class='ocrx_word' id='word_1_304' title='bbox 803 3699 869 3767; x_wconf 81' lang='lat' dir='ltr'>seit,</span> <span class='ocrx_word' id='word_1_305' title='bbox 891 3713 985 3775; x_wconf 80' lang='lat' dir='ltr'>nepos</span> <span class='ocrx_word' id='word_1_306' title='bbox 1007 3696 1113 3775; x_wconf 75' lang='lat' dir='ltr'>dupeii</span> <span class='ocrx_word' id='word_1_307' title='bbox 1131 3716 1225 3778; x_wconf 75' lang='lat' dir='ltr'>oeque</span> <span class='ocrx_word' id='word_1_308' title='bbox 1242 3699 1294 3760; x_wconf 83' lang='lat' dir='ltr'>u·-</span> 
     </span>
     <span class='ocr_line' id='line_1_32' title="bbox 63 3793 1291 3874; baseline 0.004 -20"><span class='ocrx_word' id='word_1_309' title='bbox 63 3793 133 3856; x_wconf 83' lang='lat' dir='ltr'>iiue.</span> <span class='ocrx_word' id='word_1_310' title='bbox 177 3793 260 3856; x_wconf 83' lang='lat' dir='ltr'>Haec</span> <span class='ocrx_word' id='word_1_311' title='bbox 287 3795 405 3874; x_wconf 86' lang='lat' dir='ltr'>iuquam</span> <span class='ocrx_word' id='word_1_312' title='bbox 431 3803 546 3858; x_wconf 84' lang='lat' dir='ltr'>restam</span> <span class='ocrx_word' id='word_1_313' title='bbox 569 3797 723 3859; x_wconf 83' lang='lat' dir='ltr'>continent</span> <span class='ocrx_word' id='word_1_314' title='bbox 745 3795 932 3859; x_wconf 83' lang='lat' dir='ltr'>sententiam.</span> <span class='ocrx_word' id='word_1_315' title='bbox 976 3795 1012 3856; x_wconf 82' lang='lat' dir='ltr'>dt</span> <span class='ocrx_word' id='word_1_316' title='bbox 1033 3796 1075 3857; x_wconf 87' lang='lat' dir='ltr'>illi</span> <span class='ocrx_word' id='word_1_317' title='bbox 1097 3817 1132 3858; x_wconf 87' lang='lat' dir='ltr'>ex</span> <span class='ocrx_word' id='word_1_318' title='bbox 1154 3797 1200 3860; x_wconf 92' lang='lat' dir='ltr'>bis</span> <span class='ocrx_word' id='word_1_319' title='bbox 1222 3818 1291 3860; x_wconf 84' lang='lat' dir='ltr'>ver-</span> 
     </span>
    </p>
   </div>
   <div class='ocr_carea' id='block_1_5' title="bbox 52 3937 1292 4687">
    <p class='ocr_par' dir='ltr' id='par_1_6' title="bbox 52 3937 1292 4552">
     <span class='ocr_line' id='line_1_33' title="bbox 61 3937 1292 4096; baseline 0.003 -34"><span class='ocrx_word' id='word_1_320' title='bbox 61 3958 169 4062; x_wconf 70' lang='lat' dir='ltr'>sem</span> <span class='ocrx_word' id='word_1_321' title='bbox 189 3956 299 4072; x_wconf 65' lang='lat' dir='ltr'>suti,</span> <span class='ocrx_word' id='word_1_322' title='bbox 318 3937 650 4075; x_wconf 53' lang='lat' dir='ltr'>tissimum?</span> <span class='ocrx_word' id='word_1_323' title='bbox 702 3939 1292 4096; x_wconf 58' lang='lat' dir='ltr'>rosunum·susumus:</span> 
     </span>
     <span class='ocr_line' id='line_1_34' title="bbox 64 4067 1280 4155; baseline 0.005 -29"><span class='ocrx_word' id='word_1_324' title='bbox 64 4075 102 4127; x_wconf 74' lang='lat' dir='ltr'>iet</span> <span class='ocrx_word' id='word_1_325' title='bbox 119 4080 190 4128; x_wconf 80' lang='lat' dir='ltr'>babet</span> <span class='ocrx_word' id='word_1_326' title='bbox 208 4067 339 4155; x_wconf 56' lang='lat' dir='ltr'>prossdto.</span> <span class='ocrx_word' id='word_1_327' title='bbox 377 4078 465 4154; x_wconf 73' lang='lat' dir='ltr'>Regios</span> <span class='ocrx_word' id='word_1_328' title='bbox 478 4078 544 4127; x_wconf 89' lang='lat' dir='ltr'>addit</span> <span class='ocrx_word' id='word_1_329' title='bbox 554 4091 651 4145; x_wconf 77' lang='lat' dir='ltr'>quoquo</span> <span class='ocrx_word' id='word_1_330' title='bbox 702 4079 801 4131; x_wconf 75' lang='lat' dir='ltr'>GobIer.</span> <span class='ocrx_word' id='word_1_331' title='bbox 813 4081 917 4130; x_wconf 82' lang='lat' dir='ltr'>Feicim.</span> <span class='ocrx_word' id='word_1_332' title='bbox 931 4081 952 4130; x_wconf 90' lang='lat'>1.</span> <span class='ocrx_word' id='word_1_333' title='bbox 969 4079 1091 4143; x_wconf 75' lang='lat' dir='ltr'>etbugtio.</span> <span class='ocrx_word' id='word_1_334' title='bbox 1111 4073 1196 4136; x_wconf 72' lang='grc' dir='ltr'><em>οὕτως</em></span> <span class='ocrx_word' id='word_1_335' title='bbox 1214 4077 1280 4134; x_wconf 72' lang='lat' dir='ltr'>exod</span> 
     </span>
     <span class='ocr_line' id='line_1_35' title="bbox 65 4139 1287 4212; baseline 0.006 -20"><span class='ocrx_word' id='word_1_336' title='bbox 65 4140 135 4211; x_wconf 76' lang='grc' dir='ltr'>φησί</span> <span class='ocrx_word' id='word_1_337' title='bbox 156 4154 213 4211; x_wconf 80' lang='lat' dir='ltr'>post</span> <span class='ocrx_word' id='word_1_338' title='bbox 233 4157 298 4211; x_wconf 80' lang='grc' dir='ltr'><em>γαρ.</em></span> <span class='ocrx_word' id='word_1_339' title='bbox 344 4144 403 4194; x_wconf 86' lang='lat' dir='ltr'>item</span> <span class='ocrx_word' id='word_1_340' title='bbox 434 4144 521 4195; x_wconf 79' lang='lat' dir='ltr'>ibidem</span> <span class='ocrx_word' id='word_1_341' title='bbox 546 4146 602 4207; x_wconf 73' lang='lat' dir='ltr'>neg.</span> <span class='ocrx_word' id='word_1_342' title='bbox 628 4155 652 4196; x_wconf 86' lang='lat' dir='ltr'>et</span> <span class='ocrx_word' id='word_1_343' title='bbox 702 4159 786 4199; x_wconf 77' lang='grc' dir='ltr'><strong><em>οντες.</em></strong></span> <span class='ocrx_word' id='word_1_344' title='bbox 824 4145 870 4212; x_wconf 71' lang='lat' dir='ltr'>biii</span> <span class='ocrx_word' id='word_1_345' title='bbox 889 4139 1287 4204; x_wconf 72' lang='lat' dir='ltr'>comeditisaiirocdxodoraae.</span> 
     </span>
     <span class='ocr_line' id='line_1_36' title="bbox 65 4203 1289 4279; baseline 0.005 -17"><span class='ocrx_word' id='word_1_346' title='bbox 65 4213 161 4276; x_wconf 71' lang='lat' dir='ltr'>Sepone.</span> <span class='ocrx_word' id='word_1_347' title='bbox 178 4207 317 4278; x_wconf 67' lang='grc' dir='ltr'><strong><em>βασιλείας</em></strong></span> <span class='ocrx_word' id='word_1_348' title='bbox 334 4203 434 4262; x_wconf 72' lang='grc' dir='ltr'><em>αὐτοῦ.</em></span> <span class='ocrx_word' id='word_1_349' title='bbox 446 4207 543 4260; x_wconf 69' lang='grc' dir='ltr'>...καὶ</span> <span class='ocrx_word' id='word_1_350' title='bbox 560 4203 652 4279; x_wconf 70' lang='lat' dir='ltr'>lpidu-</span> <span class='ocrx_word' id='word_1_351' title='bbox 736 4215 753 4264; x_wconf 88' lang='lat' dir='ltr'>i.</span> <span class='ocrx_word' id='word_1_352' title='bbox 776 4212 817 4263; x_wconf 84' lang='lat' dir='ltr'>Sic</span> <span class='ocrx_word' id='word_1_353' title='bbox 834 4213 890 4276; x_wconf 71' lang='lat' dir='ltr'>Res.</span> <span class='ocrx_word' id='word_1_354' title='bbox 909 4215 1009 4278; x_wconf 77' lang='lat' dir='ltr'>Seguer.</span> <span class='ocrx_word' id='word_1_355' title='bbox 1028 4217 1126 4268; x_wconf 82' lang='lat' dir='ltr'>Gobier.</span> <span class='ocrx_word' id='word_1_356' title='bbox 1145 4227 1168 4268; x_wconf 86' lang='lat' dir='ltr'>et</span> <span class='ocrx_word' id='word_1_357' title='bbox 1185 4219 1289 4269; x_wconf 76' lang='lat' dir='ltr'>selein.</span> 
     </span>
     <span class='ocr_line' id='line_1_37' title="bbox 66 4271 1289 4348; baseline 0.007 -20"><span class='ocrx_word' id='word_1_358' title='bbox 66 4291 112 4334; x_wconf 79' lang='grc' dir='ltr'>σας</span> <span class='ocrx_word' id='word_1_359' title='bbox 130 4271 257 4347; x_wconf 74' lang='grc' dir='ltr'><strong><em>ἀνομίαν.</em></strong></span> <span class='ocrx_word' id='word_1_360' title='bbox 703 4282 724 4332; x_wconf 87' lang='lat' dir='ltr'>i.</span> <span class='ocrx_word' id='word_1_361' title='bbox 759 4282 789 4331; x_wconf 82' lang='lat' dir='ltr'>m</span> <span class='ocrx_word' id='word_1_362' title='bbox 806 4281 846 4330; x_wconf 85' lang='lat' dir='ltr'>aiii</span> <span class='ocrx_word' id='word_1_363' title='bbox 865 4289 889 4332; x_wconf 86' lang='lat' dir='ltr'>et</span> <span class='ocrx_word' id='word_1_364' title='bbox 907 4283 964 4332; x_wconf 82' lang='lat' dir='ltr'>editi</span> <span class='ocrx_word' id='word_1_365' title='bbox 980 4278 1161 4348; x_wconf 69' lang='lat' dir='ltr'>petronium.</span> <span class='ocrx_word' id='word_1_366' title='bbox 1197 4285 1289 4336; x_wconf 83' lang='lat' dir='ltr'>ibidem</span> 
     </span>
     <span class='ocr_line' id='line_1_38' title="bbox 52 4339 1290 4416; baseline 0.004 -18"><span class='ocrx_word' id='word_1_367' title='bbox 52 4357 58 4376; x_wconf 86' lang='lat'><strong>·</strong></span> <span class='ocrx_word' id='word_1_368' title='bbox 98 4349 119 4398; x_wconf 92' lang='lat' dir='ltr'>d.</span> <span class='ocrx_word' id='word_1_369' title='bbox 138 4350 234 4401; x_wconf 85' lang='lat' dir='ltr'>Gobier.</span> <span class='ocrx_word' id='word_1_370' title='bbox 253 4357 277 4398; x_wconf 86' lang='lat' dir='ltr'>et</span> <span class='ocrx_word' id='word_1_371' title='bbox 294 4347 400 4398; x_wconf 77' lang='lat' dir='ltr'>isicio.</span> <span class='ocrx_word' id='word_1_372' title='bbox 421 4347 443 4396; x_wconf 88' lang='lat'>1.</span> <span class='ocrx_word' id='word_1_373' title='bbox 462 4339 512 4395; x_wconf 76' lang='grc' dir='ltr'>τὸν</span> <span class='ocrx_word' id='word_1_374' title='bbox 528 4340 650 4414; x_wconf 74' lang='grc' dir='ltr'><em>σταυρὸν</em></span> <span class='ocrx_word' id='word_1_375' title='bbox 701 4347 799 4402; x_wconf 83' lang='lat' dir='ltr'>Gobier.</span> <span class='ocrx_word' id='word_1_376' title='bbox 819 4357 841 4399; x_wconf 88' lang='lat' dir='ltr'>st</span> <span class='ocrx_word' id='word_1_377' title='bbox 860 4349 964 4400; x_wconf 79' lang='lat' dir='ltr'>ieicbm.</span> <span class='ocrx_word' id='word_1_378' title='bbox 984 4351 1004 4400; x_wconf 88' lang='lat'>1.</span> <span class='ocrx_word' id='word_1_379' title='bbox 1023 4343 1137 4416; x_wconf 78' lang='grc' dir='ltr'>εἴρηται.</span> <span class='ocrx_word' id='word_1_380' title='bbox 1173 4353 1290 4408; x_wconf 82' lang='lat' dir='ltr'>itemibi·</span> 
     </span>
     <span class='ocr_line' id='line_1_39' title="bbox 67 4403 1290 4486; baseline 0.01 -28"><span class='ocrx_word' id='word_1_381' title='bbox 67 4403 247 4474; x_wconf 69' lang='grc' dir='ltr'>ἀναδέξασθαι</span> <span class='ocrx_word' id='word_1_382' title='bbox 270 4409 317 4464; x_wconf 71' lang='grc' dir='ltr'>καὶ</span> <span class='ocrx_word' id='word_1_383' title='bbox 339 4407 390 4462; x_wconf 76' lang='grc' dir='ltr'>τόν</span> <span class='ocrx_word' id='word_1_384' title='bbox 407 4423 451 4466; x_wconf 78' lang='lat' dir='ltr'>ete</span> <span class='ocrx_word' id='word_1_385' title='bbox 494 4415 568 4466; x_wconf 81' lang='lat' dir='ltr'>Penio</span> <span class='ocrx_word' id='word_1_386' title='bbox 594 4425 650 4479; x_wconf 85' lang='lat' dir='ltr'>post</span> <span class='ocrx_word' id='word_1_387' title='bbox 700 4418 755 4467; x_wconf 86' lang='lat' dir='ltr'>dem</span> <span class='ocrx_word' id='word_1_388' title='bbox 774 4417 831 4480; x_wconf 69' lang='lat' dir='ltr'>iteg.</span> <span class='ocrx_word' id='word_1_389' title='bbox 850 4425 872 4468; x_wconf 86' lang='lat' dir='ltr'>et</span> <span class='ocrx_word' id='word_1_390' title='bbox 889 4419 990 4481; x_wconf 67' lang='lat' dir='ltr'>Segoer.</span> <span class='ocrx_word' id='word_1_391' title='bbox 1010 4413 1112 4481; x_wconf 69' lang='lat' dir='ltr'>insieme</span> <span class='ocrx_word' id='word_1_392' title='bbox 1128 4421 1217 4471; x_wconf 87' lang='lat' dir='ltr'>babent</span> <span class='ocrx_word' id='word_1_393' title='bbox 1233 4428 1290 4486; x_wconf 85' lang='lat' dir='ltr'>post</span> 
     </span>
     <span class='ocr_line' id='line_1_40' title="bbox 68 4475 1053 4552; baseline 0.005 -24"><span class='ocrx_word' id='word_1_394' title='bbox 68 4479 121 4543; x_wconf 62' lang='lat' dir='ltr'>bes.</span> <span class='ocrx_word' id='word_1_395' title='bbox 137 4493 159 4534; x_wconf 84' lang='lat' dir='ltr'>et</span> <span class='ocrx_word' id='word_1_396' title='bbox 175 4485 276 4546; x_wconf 71' lang='lat' dir='ltr'>sepner.</span> <span class='ocrx_word' id='word_1_397' title='bbox 293 4475 411 4550; x_wconf 71' lang='grc' dir='ltr'>ἔκρυψεν</span> <span class='ocrx_word' id='word_1_398' title='bbox 430 4491 454 4534; x_wconf 88' lang='lat' dir='ltr'>ot</span> <span class='ocrx_word' id='word_1_399' title='bbox 470 4475 628 4550; x_wconf 66' lang='lat' dir='ltr'>titienses.</span> <span class='ocrx_word' id='word_1_400' title='bbox 700 4477 809 4551; x_wconf 72' lang='grc' dir='ltr'>ἡμέρας,</span> <span class='ocrx_word' id='word_1_401' title='bbox 831 4499 879 4536; x_wconf 91' lang='lat' dir='ltr'>non</span> <span class='ocrx_word' id='word_1_402' title='bbox 898 4494 955 4550; x_wconf 85' lang='lat' dir='ltr'>post</span> <span class='ocrx_word' id='word_1_403' title='bbox 972 4477 1053 4552; x_wconf 75' lang='grc' dir='ltr'><strong><em>ὥρας.</em></strong></span> 
     </span>
    </p>

    <p class='ocr_par' dir='ltr' id='par_1_7' title="bbox 70 4550 1288 4687">
     <span class='ocr_line' id='line_1_41' title="bbox 100 4550 1288 4616; baseline 0.004 -20"><span class='ocrx_word' id='word_1_404' title='bbox 100 4563 118 4597; x_wconf 86' lang='lat' dir='ltr'>e.</span> <span class='ocrx_word' id='word_1_405' title='bbox 135 4551 166 4600; x_wconf 78' lang='lat' dir='ltr'>ita</span> <span class='ocrx_word' id='word_1_406' title='bbox 185 4553 242 4614; x_wconf 68' lang='lat' dir='ltr'>dep.</span> <span class='ocrx_word' id='word_1_407' title='bbox 257 4551 358 4612; x_wconf 73' lang='lat' dir='ltr'>Segoer.</span> <span class='ocrx_word' id='word_1_408' title='bbox 377 4550 475 4602; x_wconf 82' lang='lat' dir='ltr'>Gobier.</span> <span class='ocrx_word' id='word_1_409' title='bbox 501 4561 524 4602; x_wconf 79' lang='lat' dir='ltr'>et</span> <span class='ocrx_word' id='word_1_410' title='bbox 542 4553 648 4603; x_wconf 79' lang='lat' dir='ltr'>i&#39;eioim.</span> <span class='ocrx_word' id='word_1_411' title='bbox 734 4567 757 4614; x_wconf 66' lang='grc' dir='ltr'>ς.</span> <span class='ocrx_word' id='word_1_412' title='bbox 774 4551 809 4602; x_wconf 81' lang='lat' dir='ltr'>ita</span> <span class='ocrx_word' id='word_1_413' title='bbox 827 4553 885 4616; x_wconf 72' lang='lat' dir='ltr'>iieg.</span> <span class='ocrx_word' id='word_1_414' title='bbox 903 4555 1003 4616; x_wconf 74' lang='lat' dir='ltr'>sepner.</span> <span class='ocrx_word' id='word_1_415' title='bbox 1022 4555 1094 4604; x_wconf 76' lang='lat' dir='ltr'>dasii.</span> <span class='ocrx_word' id='word_1_416' title='bbox 1119 4561 1143 4604; x_wconf 87' lang='lat' dir='ltr'>et</span> <span class='ocrx_word' id='word_1_417' title='bbox 1165 4552 1288 4614; x_wconf 74' lang='lat' dir='ltr'>duplicas.</span> 
     </span>
     <span class='ocr_line' id='line_1_42' title="bbox 70 4610 1287 4687; baseline 0.005 -25"><span class='ocrx_word' id='word_1_418' title='bbox 70 4610 91 4662; x_wconf 76' lang='lat' dir='ltr'>i,</span> <span class='ocrx_word' id='word_1_419' title='bbox 122 4616 146 4666; x_wconf 90' lang='lat' dir='ltr'>io</span> <span class='ocrx_word' id='word_1_420' title='bbox 163 4617 217 4668; x_wconf 85' lang='lat' dir='ltr'>eliis</span> <span class='ocrx_word' id='word_1_421' title='bbox 236 4625 259 4669; x_wconf 86' lang='lat' dir='ltr'>et</span> <span class='ocrx_word' id='word_1_422' title='bbox 277 4619 347 4670; x_wconf 83' lang='lat' dir='ltr'>editio</span> <span class='ocrx_word' id='word_1_423' title='bbox 368 4618 437 4669; x_wconf 86' lang='lat' dir='ltr'>deest</span> <span class='ocrx_word' id='word_1_424' title='bbox 455 4611 489 4668; x_wconf 85' lang='lat' dir='ltr'>oi.</span> <span class='ocrx_word' id='word_1_425' title='bbox 528 4619 580 4670; x_wconf 81' lang='lat' dir='ltr'>idox</span> <span class='ocrx_word' id='word_1_426' title='bbox 598 4621 647 4672; x_wconf 82' lang='lat' dir='ltr'>Go·</span> <span class='ocrx_word' id='word_1_427' title='bbox 699 4621 728 4670; x_wconf 80' lang='lat' dir='ltr'>dt</span> <span class='ocrx_word' id='word_1_428' title='bbox 746 4619 786 4670; x_wconf 86' lang='lat' dir='ltr'>aiii</span> <span class='ocrx_word' id='word_1_429' title='bbox 804 4628 827 4671; x_wconf 86' lang='lat' dir='ltr'>et</span> <span class='ocrx_word' id='word_1_430' title='bbox 845 4621 917 4672; x_wconf 87' lang='lat' dir='ltr'>editio</span> <span class='ocrx_word' id='word_1_431' title='bbox 936 4622 1054 4674; x_wconf 83' lang='lat' dir='ltr'>Commei.</span> <span class='ocrx_word' id='word_1_432' title='bbox 1071 4613 1150 4687; x_wconf 70' lang='grc' dir='ltr'><strong><em>ἔχειν.</em></strong></span> <span class='ocrx_word' id='word_1_433' title='bbox 1196 4619 1287 4670; x_wconf 80' lang='lat' dir='ltr'>ibidem</span> 
     </span>
    </p>
   </div>
   <div class='ocr_carea' id='block_1_6' title="bbox 0 0 1599 5318">
    <p class='ocr_par' dir='ltr' id='par_1_8' title="bbox 0 0 1599 5318">
     <span class='ocr_line' id='line_1_43' title="bbox 0 0 1599 5318; baseline 0 0"><span class='ocrx_word' id='word_1_434' title='bbox 0 0 1599 5318; x_wconf 95' lang='lat' dir='ltr'> </span> 
     </span>
    </p>
   </div>
  </div>
 </body>
</html>
