3054 5236
430 387 545 432 ceurae
562 389 781 434 trostmarumr
796 391 882 434 nram
898 393 930 435 ιι.
1232 381 1292 444 911

16 539 53 600 in
84 557 134 600 re
164 557 241 602 rere
262 537 413 614 diceretis,
436 538 490 600 sed
512 537 606 600 Deum
629 538 760 618 genitum
781 539 955 615 adfirmetis,
978 541 1029 620 qui
1051 543 1204 624 propriam
1226 563 1380 610 ear-rma.

15 659 109 702 nem
142 639 255 722 speeie
276 648 391 702 tantum
412 639 590 702 exhibuerit.
633 639 700 702 Non
728 641 807 702 enim
831 641 910 704 lleus
938 643 1056 706 initium
1084 647 1228 709 nascendi
1259 669 1295 712 ex
1323 671 1329 684 ·

15 743 185 804 Nazaret
209 743 334 804 sortitus
357 749 413 816 est,
437 742 491 802 sed
513 743 562 820 qui
586 742 687 802 existit
708 749 777 803 ante
799 741 916 804 saecula
936 742 1065 805 Verbum
1079 745 1159 807 Dens
1182 767 1217 809 ex
1233 749 1294 812 Na·

16 853 128 906 zaret
166 845 262 906 homo
291 843 374 906 visus
403 850 464 915 est,
498 849 586 903 natus
615 859 651 902 ex
672 841 763 903 Maria
785 841 906 920 Virgine
935 853 968 904 et
987 843 1101 922 Spiritu
1128 857 1231 910 sancto
1263 850 1294 912 in

18 945 234 1007 Bethlehem
257 943 381 1007 ludaeae
409 959 444 1004 ex
468 942 582 1004 semine
604 941 711 1015 David,
739 942 874 1006 Abrahae
902 953 933 1006 et
952 944 1048 1019 briae,
1077 946 1121 1008 uti
1149 950 1293 1030 scriptum

23 1056 98 1120 est,
130 1047 303 1125 omniaque
325 1043 468 1106 assumsit
489 1061 523 1105 ex
538 1042 669 1123 Virgine,
693 1062 895 1124 quaecumque
918 1047 955 1108 ab
969 1045 1055 1108 initio
1070 1047 1151 1110 lleus
1167 1052 1202 1112 ad
1218 1071 1294 1114 cen·

23 1147 250 1224 stitutionem
272 1145 403 1208 bominis
425 1144 592 1208 efformavit
615 1154 644 1206 et
666 1145 799 1208 condidit
820 1155 945 1227 excepte
959 1157 1093 1227 peccato,
1115 1161 1148 1212 ut
1161 1153 1293 1231 Aposto-
1319 1192 1326 1202 -

24 1251 87 1312 lus
117 1267 250 1329 quoque
272 1249 327 1310 ait:
359 1248 422 1310 Pru
452 1248 649 1310 similitudine
673 1265 733 1328 per
762 1252 863 1310 amaia
888 1261 1015 1330 praeter
1039 1263 1210 1331 peccatura,
1239 1273 1295 1318 nec

28 1349 225 1412 divinitatis
247 1350 452 1423 mutationem,
475 1350 530 1411 sed
552 1349 743 1412 humanitatis
765 1349 985 1412 innovationem
1001 1350 1123 1414 arbitrio
1138 1371 1195 1416 suo
1218 1357 1294 1418 elre-

32 1453 95 1524 cit,
125 1469 194 1530 quo
216 1462 318 1532 pentes
342 1450 462 1544 Christo
485 1451 723 1530 concorporales
746 1461 776 1514 et
798 1455 1026 1532 comparticipes
1048 1453 1163 1530 herent,
1185 1475 1292 1536 quem-

32 1553 221 1616 admodum
245 1553 350 1615 acribit
369 1553 547 1631 Apostolus,
575 1560 667 1632 utque
695 1552 786 1614 homo
808 1570 913 1614 revera
933 1551 1068 1626 Deuset
1086 1554 1166 1619 Deua
1188 1575 1292 1622 revera

34 1657 148 1716 bomo
173 1656 268 1726 toret,
298 1663 438 1732 essetque
459 1652 509 1715 ille
531 1671 601 1714 rere
623 1653 713 1714 borno
742 1662 772 1716 et
794 1671 862 1716 rere
883 1653 981 1728 Deus,
1008 1673 1070 1716 non
1092 1643 1178 1735 quod
1200 1659 1377 1724 hemeran.

36 1755 132 1836 apud
157 1754 255 1816 Deum
278 1761 371 1827 esset,
393 1761 427 1816 ut
447 1772 502 1816 ros
525 1753 737 1816 calumniantes
754 1753 1049 1835 christianorumque
1070 1760 1213 1837 mysterio
1233 1761 1289 1822 ob-

39 1863 223 1917 trectantes
246 1855 357 1929 dicitis,
387 1855 439 1918 sed
462 1856 542 1935 quod
563 1855 626 1918 ileo
650 1855 802 1935 unigenito
824 1856 985 1936 placuerit,
1014 1857 1199 1936 plenitudine
1220 1881 1292 1926 suae

40 1955 222 2018 divinitatis
254 1956 404 2037 archetypi
431 1956 561 2018 hominis
591 1964 726 2018 naturam
754 1975 923 2037 uerumque
952 1957 1103 2037 opificium
1137 1979 1173 2023 ex
1206 1971 1291 2026 utero

42 2057 189 2136 Virginis
211 2057 244 2118 in'
263 2057 369 2138 seipso
386 2076 442 2137 per
462 2059 626 2120 naturalem
648 2057 870 2136 generationem
892 2068 922 2120 et
943 2058 1179 2123 indissolubilem
1202 2063 1292 2124 unio-

42 2177 123 2234 nem
150 2167 331 2231 restaurare,
354 2166 388 2221 ιιι
409 2168 439 2221 et
460 2178 515 2239 pro
538 2159 711 2221 bominibus
728 2159 856 2222 salutare
878 2161 1030 2240 negotium
1052 2163 1220 2242 perliceret,
1243 2165 1292 2226 in-

46 2279 112 2338 que
136 2259 296 2338 passicne,
325 2267 422 2323 morte
451 2269 480 2322 et
507 2259 730 2322 resurrections
757 2259 914 2322 moinum
941 2262 1157 2326 redemtionem
1188 2264 1291 2327 absol-

46 2369 153 2422 reret.

146 2771 177 2833 6.
220 2767 279 2828 Sed
302 2766 447 2829 obiicitis:
472 2768 526 2842 „Si
549 2769 648 2830 omnia
669 2769 799 2849 accepit,
822 2785 893 2830 sane
917 2775 948 2829 et
968 2769 1112 2830 humanas
1134 2768 1291 2847 cogitatio·

56 2889 143 2946 „nes
166 2868 286 2942 hahuit3
305 2869 494 2950 impossibiie
517 2879 613 2932 autem
638 2880 686 2933 est
706 2871 845 2932 humanis
864 2867 1094 2948 cogitationibus
1110 2887 1171 2932 non
1193 2869 1292 2934 inesse

59 2977 258 3051 „peccatone
281 2971 431 3049 quomodo
454 2971 544 3050 igitur
566 2973 702 3034 Christus
724 2971 837 3050 absque
859 2978 980 3049 peceato
1003 2970 1110 3032 eritl“
1154 2971 1218 3034 lmo
1240 2991 1291 3034 re-

58 3072 206 3154 spondete
229 3089 282 3133 ros
308 3071 383 3152 ipsi:
406 3072 438 3134 si
460 3073 634 3136 vitiosarum
656 3070 867 3150 cogitationum
884 3071 964 3134 Deus
979 3080 1095 3134 creator
1116 3073 1214 3146 luerit,
1237 3074 1292 3135 ad-

59 3172 241 3252 iungendum
261 3173 324 3234 Deo
347 3182 393 3236 est
413 3175 567 3253 proprium
590 3172 751 3253 opificium,
777 3172 858 3234 venit
879 3173 958 3234 enim
982 3180 1015 3234 ut
1036 3173 1191 3253 proprium
1215 3193 1291 3254 opus

62 3275 121 3337 sibi
144 3273 326 3354 adiungeret.
369 3275 429 3336 Sed
453 3293 489 3336 eo
511 3283 598 3354 pacto
620 3273 733 3336 iniusto
756 3291 829 3335 saue
848 3273 956 3336 iudicio
972 3279 1111 3354 peccator
1127 3275 1292 3337 damnatur.

62 3377 137 3440 llam
159 3376 184 3438 si
205 3375 328 3438 vitiosas
358 3376 554 3457 cogitationes
583 3375 691 3437 creavit
712 3375 810 3448 Deus,
838 3374 909 3454 quid
939 3383 986 3437 est
1012 3375 1092 3454 quod
1120 3383 1292 3453 peccantem

62 3477 247 3547 condemnet,
270 3486 321 3539 ant
342 3484 391 3556 qut
412 3486 515 3557 potest
536 3477 631 3539 allec
654 3475 824 3539 huiusmodi
841 3475 983 3539 iudicium
996 3474 1171 3556 proticisci?
1203 3475 1291 3548 Quod

65 3578 199 3640 silidam
221 3587 378 3658 antequam
400 3577 454 3641 llei
476 3578 647 3658 mandatum
676 3577 936 3656 transgrederetur
964 3565 1112 3640 eiusmodi
1133 3576 1291 3656 cogitatio-

65 3679 151 3742 nibus
172 3677 319 3740 obnorius
342 3679 410 3750 init,
441 3685 492 3758 qut
515 3681 578 3742 tieri
601 3677 699 3758 potuit
721 3679 886 3741 othonum
911 3686 942 3740 et
961 3677 1072 3740 malum
1093 3696 1154 3740 non
1177 3695 1291 3756 cogno-

67 3775 181 3840 sceret?
223 3777 310 3839 Certe
332 3783 436 3840 naturt
459 3779 578 3857 quidem
606 3778 777 3852 rationalis,
803 3778 991 3857 cogitatione
1020 3797 1091 3840 vero
1119 3776 1196 3840 liber
1223 3777 1293 3839 mali

67 3875 271 3957 experientiam
294 3893 355 3938 non
376 3877 514 3950 habehat,
538 3878 693 3957 soliusque
714 3878 787 3939 boni
810 3877 915 3940 notitia
931 3877 1083 3955 praeditus
1100 3877 1185 3957 quasi
1200 3883 1292 3944 unius

102 4077 122 4109 a.
145 4059 241 4120 Segaer.
265 4059 362 4110 (labier.
390 4067 415 4109 et
431 4059 536 4110 Felsina.
558 4061 580 4109 t.
604 4051 650 4108 tue
702 4062 754 4112 Mox
772 4051 839 4108 ἀλλὰ
855 4054 947 4123 lirare
964 4059 1084 4110 habentur
1106 4061 1130 4110 iu
1148 4062 1238 4124 synod.
1256 4063 1293 4111 Vl.

70 4121 113 4174 eni
130 4118 143 4172 l
160 4117 305 4192 ἄνθρωπος
321 4112 338 4192 ᾖ
356 4119 422 4179 θεὸς
438 4116 556 4184 ἀληθῶς.
590 4117 651 4192 erigi
701 4129 751 4177 tet.
768 4127 794 4177 8.
816 4125 904 4190 [Menai
924 4127 998 4178 Cone.
1018 4126 1079 4177 cell.
1099 4127 1218 4177 'lemn
1239 4144 1292 4192 pag.

73 4187 221 4261 trapeam,
241 4195 339 4244 emissis
358 4195 516 4244 intermediis.
701 4190 782 4260 atil.

105 4264 121 4312 l.
137 4261 203 4312 lieail.
220 4255 267 4309 καὶ
284 4252 417 4326 desidua.
445 4262 497 4311 ilex
512 4253 651 4325 σωτήριον
736 4277 758 4324 g.
783 4263 824 4312 Sie
850 4263 949 4323 Segner.
976 4260 1074 4314 Gebier.
1103 4269 1128 4312 et
1145 4261 1249 4312 Felcltm.
1269 4263 1292 4313 1.

73 4331 136 4379 deest
151 4331 171 4379 in
188 4329 268 4388 editis,
285 4329 329 4379 aed
347 4331 434 4392 legitur
452 4330 476 4379 iu
492 4329 650 4391 Segneriane,
703 4337 775 4394 etque
793 4329 825 4380 ite
843 4329 901 4392 legit
917 4329 1034 4379 litanias.
1069 4330 1131 4380 Editi
1156 4323 1294 4378 ἀδύνατον

74 4399 154 4458 taglic.
171 4395 267 4448 Gobler.
286 4405 309 4447 et
322 4397 433 4448 feletan.
453 4398 474 4448 l.
502 4397 576 4448 Panlo
595 4405 652 4454 post
703 4392 734 4446 dl
751 4382 785 4456 ἦν
800 4393 953 4462 λογισμοῖς.

76 4464 163 4526 Segner.
180 4463 277 4514 Gobler.
302 4464 484 4515 distabunt.
510 4457 560 4524 τὴν
583 4457 650 4514 ἀπο·
737 4465 760 4514 b.
778 4467 870 4527 angue.
888 4457 1080 4530 δημιουργίαν.
1119 4455 1293 4533 vispinum-

77 4524 276 4596 turparetur
301 4522 467 4600 ἀνθρώπων.
505 4534 568 4584 Editi
594 4547 650 4582 reto
703 4525 893 4589 ταδικᾰζοιισα.
932 4531 1024 4582 ibidem
1043 4535 1294 4595 saguer.npocoeye-
1361 4557 1362 4562 =

79 4603 100 4646 ιι
115 4599 149 4647 etii
165 4592 224 4658 eis,
234 4595 375 4668 σωτηρίαν
398 4599 456 4648 salv
479 4591 646 4667 ἀνθρώπων.
701 4595 804 4665 ytaeus
820 4591 879 4659 τήν.
918 4599 970 4650 blot
989 4599 1062 4650 basil.
1082 4589 1259 4660 ἄδικόςιστι.
