3226 5280
467 367 611 410 netarum
625 367 663 410 ltu
679 367 822 412 namus
837 369 981 412 NlCASlVss
997 370 1115 413 arnoul.
1362 355 1404 418 49

174 526 280 580 natura
303 517 451 590 manua,
474 517 657 596 significasti.
702 519 769 580 Sive
792 518 918 582 Verbum
940 539 1008 582 esse
1029 522 1221 600 cogitaveris,
1243 541 1351 584 rursus
1373 521 1403 584 id
1412 535 1490 580 rear.

172 618 252 696 quud
287 635 323 678 ex
356 617 406 678 illo
439 617 570 678 nascitur
597 627 627 680 et
654 619 690 680 ab
712 621 819 682 eodem
840 623 942 701 nequit
964 624 1112 701 separari,
1141 624 1283 702 cogitasti.
1329 624 1404 686 Cum

173 719 244 779 item
267 717 450 796 Sapientiam
480 737 548 780 eum
575 720 720 799 appellas,
750 721 822 782 nihil
845 741 918 784 sane
941 733 1109 796 externum,
1139 725 1192 784 sed
1215 726 1244 785 id
1266 725 1345 804 quod
1368 743 1404 786 ex

170 820 224 884 illu
254 828 287 879 et
314 818 346 878 in
368 819 417 880 illo
441 827 504 892 est,
533 819 674 894 denotas3
704 821 840 882 similiter
862 823 888 882 si
912 825 1050 884 virtutem
1074 833 1104 884 et
1125 843 1244 884 manum
1268 844 1333 886 eum
1356 825 1403 886 di·

172 921 266 992 xeris,
291 920 371 998 quad
393 920 546 999 proprium
569 929 616 982 est
637 931 777 989 naturae,
801 922 961 999 significas.
1005 923 1138 1001 [lenique
1160 943 1227 984 curu
1250 924 1405 1003 imaginem

173 1022 257 1084 illum
285 1021 439 1094 nominas,
466 1021 571 1082 Filium
600 1041 669 1083 esse
697 1022 844 1083 indicasti.
888 1023 966 1096 Quid
995 1023 1073 1084 enirn
1103 1024 1200 1084 simile
1229 1025 1289 1084 llea
1319 1025 1407 1086 luerit

172 1129 295 1202 praeter
317 1121 357 1195 id,
381 1123 458 1201 quud
482 1141 517 1182 ex
539 1124 589 1183 illo
612 1121 764 1200 gignitur?
809 1122 895 1183 Certe
917 1143 991 1202 quae
1014 1145 1068 1204 per
1083 1126 1211 1186 Verbum
1235 1127 1404 1196 factasunt,

172 1225 251 1285 haee
274 1223 375 1284 eadem
397 1224 539 1302 sapientia
561 1233 633 1284 sunt
653 1223 782 1284 lundata.
826 1223 864 1284 Et
886 1243 961 1303 quae
983 1227 1012 1287 iu
1030 1227 1173 1305 sapientia
1190 1227 1309 1287 lundata
1326 1233 1405 1298 sunt,

171 1325 250 1386 haec
273 1324 374 1384 omnia
395 1323 425 1384 in
446 1343 535 1386 manu
558 1333 628 1387 sunt
651 1328 726 1386 lacta
748 1344 782 1386 ac
803 1344 857 1404 per
872 1326 977 1386 Filium
1000 1327 1117 1388 condita
1140 1337 1219 1388 sunt
1256 1329 1318 1388 Nec
1334 1345 1404 1388 reru

171 1435 208 1488 ut
229 1427 304 1486 haee
324 1425 495 1505 probemus,
519 1435 690 1506 argumenta
715 1425 899 1488 extrinsecus
923 1429 1049 1488 mutuari
1073 1448 1149 1507 opus
1172 1429 1275 1496 luerit,
1298 1429 1351 1490 sed
1375 1427 1403 1488 id

172 1545 211 1587 ex
235 1526 399 1605 Scripturis
422 1527 532 1588 clarum
556 1535 611 1588 est.
656 1528 808 1606 Siquidem
830 1528 895 1606 ipse
918 1527 997 1588 Deus
1020 1549 1073 1608 per
1089 1530 1205 1590 Esaiam
1227 1530 1402 1609 prophetam

171 1627 262 1688 dicit:
291 1626 401 1688 Manus
429 1647 493 1688 mea
519 1630 662 1706 fraardauit
686 1639 817 1701 terram,
851 1641 880 1690 et
903 1631 1026 1691 deutera
1047 1648 1112 1692 mea
1133 1633 1269 1711 firmavit
1294 1630 1401 1692 caelas.

172 1729 213 1790 Et
239 1746 361 1789 rursus:
390 1728 428 1789 llt
457 1730 513 1788 aul
540 1731 650 1790 umbra
676 1747 786 1790 manus
812 1743 894 1791 meae
914 1745 1072 1810 protegam
1094 1743 1137 1800 te,
1167 1736 1199 1791 ia
1222 1751 1281 1810 poa
1303 1731 1401 1792 caelas

175 1833 323 1892 constitui
349 1841 377 1891 et
407 1841 522 1890 terrum
550 1831 690 1906 fundavi.
735 1829 825 1888 llarid
856 1839 970 1902 autern,
993 1831 1043 1909 qui
1067 1833 1169 1892 eadem
1193 1832 1316 1890 eductus
1339 1849 1402 1892 rna-

176 1947 247 1990 uunr
269 1930 363 2008 ipsam
387 1949 457 1990 esse
481 1927 655 2007 sapientiam
679 1939 815 1998 noverat,
839 1935 976 1992 canebat:
1003 1933 1111 1992 Ornata
1133 1939 1164 1994 io
1183 1934 1334 2012 rapientia
1355 1931 1405 2008 [e-

173 2035 259 2092 cr'sti:
288 2031 412 2112 impletu
441 2041 487 2092 est
510 2042 596 2091 terra
619 2035 772 2092 creatione
795 2042 857 2093 tua.
904 2031 1074 2093 Salomonis
1096 2051 1228 2112 quaque,
1252 2032 1301 2110 qui
1325 2031 1404 2091 idem

174 2131 272 2192 alteo
296 2140 465 2211 acceperat,
497 2131 568 2192 haee
595 2141 664 2194 sunt
693 2133 795 2194 verba:
827 2133 909 2195 Deus
937 2140 1087 2214 sapientia
1109 2136 1251 2212 fraudavit
1274 2144 1402 2194 terram.

172 2232 297 2294 loannes
320 2234 389 2294 itern
413 2253 473 2294 nou
495 2233 645 2311 ignorans,
669 2234 797 2294 Verbum
821 2255 939 2296 matrum
963 2244 994 2296 et
1014 2235 1188 2314 sapientiam
1205 2253 1281 2304 esse,
1304 2233 1402 2294 Evan-

173 2335 281 2412 gelium
310 2335 348 2396 ita
372 2335 502 2396 orditur:
533 2336 570 2397 lra
590 2339 744 2417 principio
768 2349 836 2396 erut
866 2337 1005 2406 tartum,
1030 2348 1057 2398 et
1087 2337 1210 2398 Verbum
1232 2347 1300 2397 erat
1320 2333 1403 2414 apud

171 2435 284 2506 Deum,
318 2447 345 2496 et
373 2436 455 2498 oeae
488 2449 553 2498 erat
587 2438 724 2498 Verbum:
763 2437 819 2520 boa
847 2453 914 2500 erat
943 2443 975 2498 r'o
1003 2441 1156 2517 prinn'pr‘o
1184 2437 1268 2517 aprrd
1298 2434 1401 2495 baum.

173 2537 284 2596 Ornata
303 2553 361 2614 per
384 2541 483 2614 ipsum
506 2538 682 2612 factasunt
706 2550 732 2596 et
756 2545 821 2598 siue
842 2544 907 2618 ipsa
930 2541 1050 2618 suetiam
1072 2552 1116 2600 est
1139 2538 1223 2598 nibil.
1269 2539 1488 2616 Apama-am.

171 2635 220 2694 lus
244 2634 388 2709 denique,
412 2635 460 2692 oui
480 2643 666 2710 perspectum
689 2655 804 2714 quoque
828 2649 899 2706 erat.
922 2657 1055 2707 manunt,
1079 2638 1253 2716 sapientiam
1277 2644 1307 2694 et
1330 2636 1403 2693 Ver-

175 2733 250 2790 bum
273 2732 371 2806 ipsum
388 2749 455 2788 esse
471 2732 586 2802 Filium,
608 2735 650 2793 sie
665 2733 807 2811 leuantur:
832 2739 1036 2817 Multa'sarr'um
1050 2739 1211 2818 rraultr'sque
1225 2738 1322 2795 modis
1335 2733 1407 2793 olim

124 2831 129 2839 '
179 2828 266 2890 Deos
297 2828 416 2888 locutos
442 2833 582 2907 patribus
605 2836 636 2892 ia
656 2836 828 2911 prophetis,
857 2842 889 2896 io
911 2851 1047 2898 extrema
1070 2841 1184 2900 dierum
1208 2841 1339 2894 istorum
1361 2832 1402 2892 la-

178 2941 272 2990 cutus
296 2928 449 2990 establis
473 2933 505 2988 io
527 2929 612 2994 Filio.
636 2951 721 3010 quaem
746 2939 899 2994 carratr'tuit
923 2937 1078 2997 haeredem
1100 2943 1330 3002 orra‘uersoaum,
1352 2949 1409 3009 per

174 3049 262 3112 quern
286 3035 377 3090 etaiam
398 3030 472 3108 [ecit
495 3031 624 3090 saeculo.
669 3031 706 3092 Et
729 3031 849 3092 iterum:
877 3034 958 3096 Urius
984 3036 1130 3096 Doudoua
1158 3037 1243 3094 lesus
1262 3033 1409 3102 Christus,

169 3151 228 3212 per
250 3116 341 3212 quenl
361 3135 472 3200 amaia,
497 3141 526 3191 et
549 3149 605 3192 aas
626 3151 684 3212 per
706 3137 816 3212 apruna.
861 3134 933 3194 Cum
957 3145 1054 3194 autern
1079 3135 1155 3194 idem
1172 3131 1330 3209 Apostolus
1349 3149 1408 3191 nun

173 3233 334 3310 ignoraret,
360 3231 504 3302 Verbum,
530 3231 712 3310 Sapientiam
737 3231 893 3294 etlilium
917 3235 1013 3313 ipsaua
1037 3253 1102 3294 esse
1124 3233 1220 3294 l‘atris
1242 3233 1406 3312 imaginem,

174 3335 246 3394 haec
266 3333 356 3395 habet
378 3332 503 3410 epistula
528 3333 565 3392 ad
588 3333 803 3396 Colosserrsos:
829 3336 952 3398 Gratiae
975 3347 1093 3414 agentes
1111 3337 1171 3397 Heo
1194 3347 1222 3396 at
1238 3334 1331 3406 Patri,
1355 3340 1409 3418 qui

177 3435 278 3514 diguus
308 3451 364 3494 raas
392 3435 466 3511 serit
494 3442 695 3496 annumerari
717 3442 858 3516 inportu
881 3441 977 3498 sartis
1001 3447 1173 3498 sanatorum
1197 3440 1229 3496 io
1253 3437 1330 3504 luce,
1354 3440 1406 3516 poi

177 3539 286 3615 aripuit
308 3553 364 3596 aas
389 3535 424 3596 de
443 3545 594 3614 potestate
617 3537 820 3604 taaralraruoa.
844 3549 874 3598 et
896 3538 1058 3600 transtulit
1080 3543 1112 3598 to
1129 3557 1253 3616 rapturae
1274 3536 1343 3596 l'r'la'a'
1357 3538 1404 3596 di-

176 3635 309 3696 leatr'anr's
333 3653 418 3706 suae,
441 3638 474 3694 in
495 3654 553 3714 quo
577 3637 717 3699 labemus
742 3640 959 3709 redemtionem,
985 3645 1405 3716 remissionempeccatorum,

175 3741 226 3816 gui
246 3747 291 3796 eat
313 3741 408 3812 imago
434 3735 489 3796 Dei
509 3738 678 3806 investiatis,
699 3744 920 3818 primogenitus
944 3746 1040 3800 amaia
1064 3752 1238 3807 creaturae·
1264 3741 1406 3814 qaaoau'oar

176 3841 208 3898 tit
230 3843 296 3917 ipso
319 3837 441 3898 cutodita
464 3848 534 3898 suut
556 3844 711 3910 uariaerso,
736 3859 810 3917 quaa
834 3845 865 3900 a'o
890 3839 979 3900 caelis
1004 3851 1031 3897 et
1054 3842 1086 3896 ia
1109 3849 1196 3896 terra
1220 3847 1306 3906 aurat,
1330 3839 1406 3895 oasi-

109 3971 113 3978 .
176 3937 248 3998 lilio
270 3948 298 3998 et
321 3936 501 4006 invisibilia,
525 3941 588 3996 sioe
613 3937 741 4010 Tbrooa',
765 3946 826 3998 siae
852 3940 1094 4006 lloorr'natiooes,
1118 3941 1180 3996 sr'oa
1204 3934 1405 4013 Prr'oer'patue,

176 4045 239 4098 aloe
261 4037 445 4106 Pareamus:
471 4040 570 4096 amatia
591 4055 648 4114 per
672 4043 770 4116 ipsum
793 4047 821 4096 et
844 4040 966 4113 {reipsa
990 4047 1091 4095 ereata
1114 4048 1202 4106 aaut,
1226 4045 1253 4096 et
1276 4038 1340 4112 ipsa
1362 4044 1406 4095 est

176 4149 246 4198 ante
269 4143 383 4208 amaia,
407 4147 436 4198 et
459 4141 560 4199 omnia
584 4141 614 4196 r'o
638 4141 705 4216 ipso
728 4147 877 4196 aorstaot.
923 4134 959 4194 Ut
981 4136 1058 4194 eninr
1082 4135 1180 4194 orooia
1204 4131 1405 4212 perverbum

176 4245 272 4297 creata
295 4247 385 4310 suut,
418 4239 474 4309 ita,
505 4255 570 4298 cum
601 4237 679 4296 idem
710 4237 750 4296 sit
777 4235 891 4313 imago,
923 4237 951 4296 in
976 4236 1042 4314 ipso
1065 4253 1183 4314 quoque
1207 4235 1277 4293 surrt
1299 4239 1405 4291 ereata.

178 4337 237 4412 Qui
257 4337 347 4416 igitur
368 4339 407 4400 ita
429 4339 466 4400 de
487 4337 615 4398 Domino
638 4338 784 4408 senserit,
817 4355 877 4396 non
901 4338 1030 4417 offeadet
1053 4340 1085 4396 r'o
1109 4335 1238 4414 lapidem
1262 4333 1408 4412 offro-rto·

214 4505 235 4538 ²·
255 4490 310 4550 ΗΕΒ·
330 4481 398 4538 VW-
855 4505 875 4538 c.
896 4489 935 4536 Sic
956 4489 1021 4548 tog,
1040 4497 1063 4534 ut
1084 4494 1107 4534 et
1126 4485 1195 4532 lubet
1207 4484 1347 4544 Scripturas
1358 4487 1408 4526 tax·

205 4557 234 4604 b.
252 4559 293 4606 Sia
311 4558 367 4618 lleg.
403 4555 481 4606 Ceteri
499 4569 555 4606 reru
574 4567 597 4606 et
615 4558 672 4608 editi
689 4548 764 4622 ὅπερ.
821 4564 867 4604 tus.
904 4555 1004 4604 lualos
1025 4554 1136 4602 eluditis
1156 4544 1300 4608 suffoderet.

210 4643 337 4685 truantur
351 4655 403 4686 aar.
418 4655 488 4686 noar.
502 4655 552 4686 ssa.
1188 4634 1204 4681 *l
