3250 5292
559 371 668 417 omrro
683 372 727 416 ur.
743 373 860 416 eonem
873 371 1009 416 tataros.
1325 357 1382 420 llll

152 525 220 586 riae
242 531 272 586 et
292 523 436 608 lleiparae
456 521 566 584 llariae
588 525 744 586 ooalessus
767 532 822 584 est.
857 521 934 586 llino
955 522 1043 584 etiam
1065 521 1116 602 qui
1137 521 1282 600 Angelum
1304 523 1472 596 viditaaea.

155 644 192 687 so
213 625 357 704 Angelum
380 643 440 686 non
462 624 555 687 Deum
578 623 691 686 vidisse
712 623 804 684 novit:
849 622 930 685 Vidit
951 623 1030 684 enim
1053 623 1197 702 Angelum
1219 623 1386 698 Zacharias,

153 726 230 788 vidit
258 745 330 788 vero
359 725 450 788 isaias
482 715 659 798 Dominum3
691 723 837 803 Angelum
868 723 941 785 vidit
973 723 1079 786 Manae
1110 733 1195 803 pater
1220 723 1386 798 Samsonis,

96 903 103 910 ,
155 827 251 890 Deum
273 835 372 889 autem
387 827 506 906 Moyses
528 825 654 888 intuitus
678 831 741 898 est;
764 822 886 886 Godeon
902 823 1047 902 Angelum
1063 825 1187 902 aspexit,
1210 833 1239 886 at
1253 827 1387 890 Abrabae

154 929 236 991 Deus
258 929 323 1008 ipse
350 927 501 1008 apparatu
535 937 623 1006 atque
651 925 805 1008 adeoneo
826 924 877 1005 qui
904 923 997 986 Deum
1030 923 1163 998 videbat,
1196 925 1221 986 is
1250 927 1389 988 cernebat

152 1031 317 1110 Angelum,
351 1047 408 1092 nee
434 1029 484 1108 qui
506 1027 625 1090 videbat
649 1026 810 1106 Angelum,
824 1085 828 1092 ,
842 1027 869 1088 is
899 1045 932 1088 se
954 1025 1048 1088 ileum
1069 1024 1171 1087 ridere
1193 1021 1389 1091 existimabat.

126 1133 130 1148 '
156 1131 282 1193 ldultum
305 1131 470 1210 siquidem,
500 1129 560 1190 imo
583 1127 711 1190 salotis
734 1127 838 1190 olleo
858 1135 992 1190 oreatore
1013 1145 1063 1188 res
1087 1129 1179 1189 laetae
1201 1133 1307 1190 natural
1329 1130 1387 1192 dil·

155 1235 266 1295 lerunt
312 1231 400 1305 Quod
430 1227 456 1292 si
484 1229 641 1310 aliquando
664 1236 824 1309 apparente
845 1227 958 1306 Angelo
987 1227 1028 1300 is,
1063 1227 1113 1307 qui
1143 1237 1293 1307 epectator
1315 1241 1388 1306 erat,

155 1334 212 1396 lloi
234 1325 462 1402 audiit-rouen.
485 1339 519 1392 ut
538 1333 569 1394 in
592 1329 669 1392 rubo
692 1328 799 1403 evenit,
821 1346 948 1407 namque
971 1327 1104 1408 Angelus
1127 1329 1253 1393 Domino·
1273 1351 1288 1394 e
1310 1333 1387 1395 rubo
1492 1399 1501 1416 ⁸

157 1437 306 1516 opporua't
327 1439 430 1497 motor
452 1435 592 1514 flammae
613 1434 708 1511 iguis,
739 1441 767 1492 et
788 1433 908 1492 oooouit
929 1427 1076 1492 Dominus
1099 1428 1231 1508 Megaera
1254 1432 1288 1494 de
1311 1435 1388 1496 rulo

156 1535 273 1600 meme:
294 1535 357 1616 Ego
381 1553 449 1597 eum
472 1533 552 1596 Deua
575 1531 678 1605 Putris
701 1535 756 1602 tui,
779 1529 861 1592 Deus
877 1529 1038 1602 Abrabam,
1062 1525 1144 1592 fleus
1161 1529 1248 1594 lsooo
1262 1543 1291 1594 et
1305 1533 1387 1596 Deus

156 1635 258 1700 loeob.
302 1635 391 1714 Atqui
413 1652 474 1696 nou
497 1642 561 1694 erat
580 1632 709 1710 Angelus
731 1631 812 1693 Deus
833 1630 992 1704 Abrabam,
1015 1630 1068 1692 sed
1084 1630 1163 1692 Deus
1187 1640 1260 1706 arat,
1284 1633 1333 1712 qui
1356 1635 1386 1696 iu

155 1737 269 1816 Angelo
291 1734 482 1815 loquebatur3
509 1732 588 1796 unde
610 1733 690 1812 quod
712 1731 832 1811 quidem
854 1731 1028 1811 apparebat,
1050 1731 1181 1810 Angelus
1204 1741 1284 1806 erat,
1309 1733 1386 1798 [leus

155 1844 255 1902 autem
284 1836 315 1898 in
343 1835 394 1896 illo
423 1833 608 1912 loquebatur.
652 1833 691 1894 Ut
719 1834 797 1894 enim
827 1835 857 1894 in
885 1832 1074 1896 tabernaculo
1093 1833 1190 1918 ³bloysi
1211 1835 1472 1914 loquebaturnses.

111 1921 115 1930 ⁴
155 1939 188 2000 in
211 1937 349 1999 columna
372 1935 475 2008 nubis,
509 1934 548 1996 itu
576 1933 663 1996 etiam
691 1931 770 1996 lleus
798 1935 828 1996 in
855 1934 975 2014 Angelis
1005 1934 1130 2014 loquens
1158 1945 1296 2015 apparet3
1329 1956 1388 2017 qua

156 2039 279 2120 quidam
311 2036 426 2114 rationo
454 2055 520 2098 uum
547 2033 616 2098 lesu
646 2035 707 2098 lilio
734 2034 814 2098 Naro
835 2055 890 2116 par
910 2035 1052 2115 Angelum
1074 2034 1259 2116 loquebatur.
1306 2037 1389 2110 Quae

157 2159 251 2222 porro
274 2137 406 2218 loquitur
428 2137 523 2210 Deus,
556 2135 748 2198 manifestum
775 2145 822 2198 est
844 2155 879 2198 oa
901 2136 983 2199 illum
1005 2155 1060 2215 per
1082 2136 1211 2200 Verbum
1232 2157 1292 2200 non
1315 2157 1386 2202 vero

154 2259 211 2323 per
233 2241 321 2303 aliurn
342 2239 472 2322 aliquem
494 2238 587 2320 loqui.
623 2237 752 2301 Verbum
774 2245 883 2310 autem,
906 2237 985 2318 quod
1000 2256 1017 2298 a
1031 2238 1119 2299 Patre
1140 2258 1196 2301 neo
1217 2249 1386 2320 separatum
1460 2307 1471 2320 ,

156 2351 204 2406 est
226 2361 282 2404 neo
304 2341 397 2404 Patris
420 2349 544 2402 naturae
566 2339 713 2402 dissimile
735 2347 782 2402 est
803 2347 854 2400 aut
875 2337 1020 2412 alienum,
1052 2338 1191 2419 quioquid
1220 2341 1322 2414 efficit,
1352 2361 1388 2404 ea

153 2445 220 2524 ipsa
243 2453 314 2506 sunt
334 2443 431 2505 Patris
453 2460 556 2522 opera,
578 2442 619 2504 ita
644 2448 677 2502 ut
697 2440 777 2503 idem
800 2448 829 2502 et
850 2457 942 2502 uuum
965 2449 1041 2519 opus
1064 2441 1181 2514 efficiat,
1204 2449 1235 2502 et
1248 2459 1323 2519 quae
1339 2441 1389 2504 dat

154 2544 261 2617 Filius,
290 2544 388 2606 Patris
417 2544 479 2606 sint
500 2561 619 2623 quoque
641 2561 773 2606 munera.
796 2541 877 2616 'Qui
898 2541 970 2604 item
992 2541 1067 2603 vidit
1087 2541 1209 2614 Filium,
1238 2541 1322 2604 norit
1343 2561 1388 2614 se,

157 2661 225 2704 oum
243 2643 330 2704 illum
350 2643 438 2717 vidit,
467 2661 527 2704 non
549 2645 692 2723 Angelum
715 2663 812 2723 neque
831 2643 962 2724 'aliquem
983 2642 1102 2722 Angelis
1125 2640 1269 2705 maiorem
1291 2659 1387 2722 neque

156 2759 282 2821 prorsus
305 2760 369 2802 rem
391 2743 516 2822 aliquam
539 2755 667 2806 croatam
689 2746 811 2820 vidisse,
834 2746 887 2807 sed
909 2745 1038 2806 Patrem.
1083 2741 1226 2804 Similiter
1247 2745 1297 2822 qui
1312 2743 1386 2806 llor-

156 2843 230 2904 bum
252 2841 349 2915 audit,
373 2861 406 2904 se
428 2844 545 2906 Patrem
567 2846 670 2908 audire
690 2847 788 2918 novit,
812 2863 872 2907 non
896 2863 982 2907 secus
1005 2863 1040 2906 ao
1059 2842 1126 2916 ille,
1154 2842 1205 2922 qui
1227 2843 1387 2923 splendore

157 2941 340 3006 illuminatus
363 2963 379 3004 a
402 2943 467 3006 sole
490 2963 523 3006 se
544 2945 704 3035 illuminari
726 2963 787 3008 non
809 2947 936 3024 ignorat.

229 3149 295 3210 Ab.
341 3144 467 3208 ldoiroo⁴
489 3146 568 3207 enim
607 3145 705 3206 divim
737 3145 889 3224 Scriptura
921 3143 1009 3208 nobis
1046 3145 1218 3208 huiusmodi
1254 3147 1387 3226 exempla

155 3247 369 3328 suppeditavit,
403 3255 436 3307 ut
463 3247 591 3308 remita
619 3245 867 3325 intelligeremus,
902 3245 989 3308 sicuti
1018 3265 1106 3326 supra
1134 3246 1299 3309 docuimus.
1343 3247 1386 3310 Ex

155 3346 263 3429 quibus
284 3341 369 3410 oerte*
393 3367 460 3410 oum
489 3348 660 3440 proditores
682 3348 808 3410 ludaeos
831 3349 983 3410 confutare
1007 3357 1069 3411 tum
1092 3347 1249 3410 Gentilium
1272 3348 1385 3412 calum-

155 3451 219 3512 nias
241 3449 327 3510 laoile
346 3458 392 3510 est
418 3448 570 3521 refellere,
605 3449 654 3529 qui
685 3448 826 3527 quoniam
846 3449 1022 3536 ⁸Trinitatem
1054 3449 1196 3523 colimus,
1230 3450 1340 3512 multos
1368 3469 1386 3513 a

155 3549 243 3612 nobis
266 3549 341 3612 deos
364 3550 483 3629 agnosoi
506 3551 589 3611 aiunt
611 3557 641 3612 et
662 3550 852 3612 arbitrantur.
890 3550 951 3612 Neo
972 3551 1062 3624 enim,
1085 3559 1120 3612 ut
1136 3551 1231 3613 etiam
1247 3571 1282 3613 ex
1298 3551 1385 3614 allato

156 3651 290 3731 exemplo
314 3661 445 3726 constat,
470 3651 525 3712 tria
546 3650 692 3732 principia
714 3651 759 3714 rel
782 3639 843 3714 tres
866 3661 967 3731 patres
991 3651 1169 3725 inducimus,
1193 3652 1236 3713 uti
1259 3652 1412 3714 liureio--

156 3836 178 3886 1.
199 3835 247 3884 τοῦ
265 3829 370 3902 πατρός
385 3849 434 3884 oou
448 3828 578 3902 Ἀβραὰμ,
595 3827 686 3884 Ἰσαὰκ
698 3831 744 3884 aul
796 3827 811 3892 ’l
831 3826 914 3889 δόσις.
950 3836 1042 3885 lbidem
1061 3835 1135 3884 editio
1146 3835 1263 3886 Commel.
1274 3831 1320 3885 καὶ
1337 3831 1385 3887 lur-

150 3895 256 3970 daxu'fl.
275 3895 328 3952 ἀλλ’
341 3895 389 3952 οὐκ
400 3890 434 3963 ἧν
447 3895 744 3967 ἄγγελοςθεὸςαῦτῶν.
796 3896 892 3964 paruis.
928 3902 984 3951 llas.
1003 3916 1059 3951 vero
1076 3895 1122 3949 atui
1140 3894 1154 3949 ὁ
1173 3895 1305 3968 ἑωρακώς.

206 4008 210 4020 .
230 3972 271 4023 Sir
289 3987 347 4021 mss.
383 3975 411 4021 At
429 3973 503 4020 editio
521 3971 638 4020 Commel.
658 3960 746 4022 alitus·
831 3955 853 4017 l.
872 3969 929 4028 ltag.
951 3969 973 4018 l.
992 3977 1016 4018 et
1033 3969 1134 4030 Seguer.
1154 3959 1222 4024 ὅλως
1238 3965 1302 4020 τινὰ
1319 3971 1384 4022 τῶν.

153 3987 265 4088 diga*
304 4035 381 4090 ἕλοις.
418 4039 491 4088 Paulo
518 4045 574 4100 post
596 4038 652 4099 lteg.
674 4038 695 4086 l.
721 4045 746 4086 et
796 4035 840 4084 Alii
860 4043 883 4084 et
901 4036 957 4084 editi
976 4027 1038 4082 τινά
1055 4032 1176 4086 omittunt.

153 4053 307 4169 Seguerssm'
327 4097 443 4170 ἀγγέλου
460 4099 539 4152 λαλεῖ.
831 4102 846 4152 Ι.
865 4103 906 4152 Sia
923 4103 980 4164 lleg.
993 4102 1013 4152 l.
1033 4105 1132 4165 Segaer.
1152 4105 1249 4156 Gobler.
1266 4108 1384 4157 etlelelr-

189 4175 212 4223 b.
230 4172 280 4222 τοῦ
297 4165 403 4238 πατρός
420 4171 614 4222 abestaGobler.
626 4171 744 4220 etl‘elolr·
797 4171 878 4220 manni
900 4171 920 4219 1.
955 4171 985 4220 At
1008 4173 1081 4220 eateri
1105 4181 1129 4222 et
1154 4173 1210 4225 aditi
1230 4165 1266 4226 dc
1282 4169 1328 4222 καὶ
1346 4172 1385 4238 τῷ

153 4244 270 4294 mannil.
289 4243 331 4307 qai
350 4256 404 4292 mox
422 4242 494 4290 iidem
513 4241 625 4290 omittunt
643 4229 744 4298 ricoal-
796 4229 995 4304 ἂπαυγᾶσματι
1012 4231 1027 4285 d
1045 4251 1115 4287 κατα
1151 4231 1288 4306 αζόρὶενος.
1314 4243 1385 4292 Gobl.

154 4303 217 4362 otae
239 4308 288 4358 τοῦ
310 4299 422 4376 πατρός.
458 4309 484 4358 ln
503 4309 560 4370 ll'eg.
582 4307 603 4358 l.
622 4315 701 4357 autem
721 4313 745 4357 et
797 4313 820 4356 et
839 4307 944 4357 Felolm.
965 4308 986 4356 l.
1006 4307 1096 4358 ibidem
1115 4304 1188 4357 oder
1205 4299 1249 4356 ‘dat
1266 4301 1327 4358 ὑπό.

153 4377 255 4439 Seguer.
274 4379 343 4428 deest
360 4386 451 4426 tuntum
470 4373 521 4422 τοῦ
538 4367 649 4439 πατρός.
831 4388 863 4424 m.
881 4373 986 4438 Sialleg.
1000 4376 1022 4424 l.
1043 4383 1066 4426 et
1083 4377 1223 4438 Segortian.
1258 4379 1286 4426 At
1304 4377 1343 4426 alii
1362 4383 1386 4426 et

188 4446 204 4494 i.
230 4445 327 4496 Gobler.
353 4452 376 4495 et
400 4444 504 4494 deletur.
525 4443 546 4492 l.
572 4436 618 4490 καὶ
640 4441 693 4507 μιᾷ
710 4440 745 4508 τῇ
797 4442 853 4496 editi
872 4441 987 4492 τοιαῦτα
996 4437 1208 4519 παραδςίγμιπα
1217 4435 1330 4492 ἔδωκεν·
1349 4435 1387 4495 uls

153 4504 329 4627 ltpgvfftt't·
366 4513 457 4592 lbldppa
485 4512 540 4588 neg..
562 4511 583 4560 1.
602 4512 744 4627 et'sepoer.
795 4503 842 4558 eol
859 4503 889 4559 ἐν
908 4509 964 4590 refe
980 4505 1035 4591 apl
1054 4523 1168 4561 τουτων.
1198 4509 1296 4573 lleg.„2.
1316 4523 1385 4560 mou-

152 4588 189 4624 ato
218 4593 236 4625 α
272 4572 470 4634 adumbratos,
489 4590 539 4628 tou
555 4589 661 4643 πατρος
684 4587 746 4628 στιν
797 4578 858 4628 deae
876 4589 952 4646 παρα
970 4590 1084 4626 τουτων.
