3054 5236
281 1135 506 1226 sonunt
540 1149 765 1224 narnls
801 1149 1032 1224 nosunr

434 1310 886 1426 ATHANASII

334 1467 659 1522 ARCissEPISCOPi
679 1467 980 1521 ALEXANDRIAE

186 1563 1154 1652 ‘cnrsrocanuaosonriruu'

423 1723 594 1776 netscoeutt
612 1725 651 1774 ΕΤ
669 1722 890 1774 0οΝ1Ε880111111

557 1831 639 1874 contra
658 1825 767 1874 arianos.
884 1823 887 1832 ’

494 2031 806 2047 m

131 2236 160 2294 1.
205 2229 347 2292 Perlectis
368 2228 427 2302 bis',
451 2247 526 2308 quae
548 2247 565 2290 a
587 2235 637 2290 tua
659 2225 802 2306 religione
824 2226 934 2306 scripta
955 2236 1034 2302 sunt,
1059 2232 1138 2292 tuam
1153 2229 1308 2309 quidemr
1315 2253 1360 2296 on.

41 2336 73 2396 in
103 2333 254 2394 Christum
283 2330 423 2410 pietatem
451 2349 521 2392 vere
550 2327 796 2410 approbavimus,
828 2323 990 2410 laudesque
1017 2329 1116 2406 Deo
1108 2349 1139 2390 ιιι
1168 2331 1285 2410 primia

43 2433 253 2513 persolvimus,
278 2433 329 2512 qui
351 2431 404 2493 tibi
427 2429 598 2494 huiusmodi
623 2439 670 2492 eat
691 2429 813 2511 largitus
837 2431 972 2512 gratiam,
994 2439 1029 2492 ut
1049 2439 1079 2492 et
1099 2438 1180 2492 reete
1191 2449 1276 2501 aen-

47 2535 119 2596 tires
140 2553 197 2596 neo
219 2533 329 2595 diaboli
351 2531 471 2594 iraudes
494 2541 636 2612 quamum
659 2531 737 2594 scire
758 2531 828 2594 iicet
849 2532 1024 2611 ignorares3
1046 2549 1108 2593 non
1122 2533 1276 2612 potuimus

46 2653 118 2696 vero
140 2652 202 2699 noo
225 2633 365 2698 admirari
388 2643 563 2712 perversum
585 2631 803 2696 baereticorum
827 2633 972 2707 animum,
995 2630 1044 2711 qui
1067 2627 1141 2695 adeo
1156 2633 1187 2694 in
1202 2653 1276 2714 pro-

47 2737 172 2799 fundum
199 2733 361 2815 impietatis
392 2733 520 2795 demersi
548 2745 633 2808 sunt,
660 2746 694 2799 ut
720 2735 833 2798 nullum
856 2733 913 2795 ianr
938 2751 1063 2796 sensum
1087 2743 1277 2807 conservent,

51 2839 105 2900 sed
127 2845 295 2917 corruptam
319 2836 401 2897 omni
424 2855 459 2896 en
480 2844 565 2916 parte
587 2837 715 2899 habeant
736 2843 876 2900 mentem.
925 2835 1012 2896 Certe
1033 2835 1208 2898 buiusmodi
1231 2839 1277 2899 ia-

55 2937 139 3000 cinus
171 2936 320 3000 diabolum
353 2945 505 2999 auctorem
533 2938 624 3000 habet
651 2946 757 3016 estque
785 2935 821 2996 ad
850 2936 1055 3016 improborum
1084 2937 1282 3012 imitationem

54 3039 239 3104 ludaeorum.
283 3037 356 3098 Nam
385 3045 418 3098 ut
445 3037 486 3098 iili
516 3039 647 3118 undique
676 3035 802 3099 convicti
830 3036 965 3098 rationes
994 3037 1138 3099 adversus
1161 3039 1279 3118 seipsos

53 3138 268 3220 excogitabant,
292 3157 329 3200 eo
351 3147 521 3201 tanturn‘ut
540 3137 701 3202 Dominum
724 3145 868 3216 negarent
890 3147 920 3199 et
942 3155 1017 3218 quae
1038 3138 1189 3219 praedicta
1212 3147 1281 3202 sunt

52 3242 83 3302 in
114 3240 231 3320 seipsos
265 3239 465 3314 attraherent·,
497 3240 541 3300 sie
569 3248 598 3300 et
626 3238 676 3301 isti
705 3253 771 3299 oum
800 3257 833 3300 se
864 3238 996 3318 undique
1017 3241 1115 3302 notari
1138 3259 1281 3320 suamque

55 3341 196 3404 baeresim
225 3341 364 3404 omnibus
394 3340 588 3403 execrandam
618 3357 688 3402 esse
715 3339 833 3412 vident,
869 3359 936 3402 sese
965 3340 1112 3404 scelerum
1141 3350 1279 3404 auctores

53 3462 112 3505 nou
132 3450 270 3504 verentur
293 3445 408 3516 faeere,
431 3450 464 3504 ut
487 3448 589 3503 contra
612 3439 766 3504 veritatem
787 3457 921 3520 pugnare
937 3461 997 3502 non
1014 3440 1195 3504 desistentes
1210 3461 1281 3504 vere

57 3545 161 3608 Christi
188 3543 293 3606 hostes
324 3551 529 3624 permancant.
574 3541 659 3604 Unde
682 3541 762 3603 eninr
784 3541 844 3604 illis
867 3542 898 3604 id
921 3551 1056 3606 exortum
1078 3543 1188 3605 malurn
1211 3542 1281 3606 est?

59 3647 113 3718 Qut
140 3647 259 3707 omnino
287 3664 396 3707 novam
423 3645 500 3708 bano
528 3643 705 3707 calumniam
728 3651 831 3705 contra
855 3643 1038 3707 Salvatorem
1060 3645 1197 3724 proferre
1215 3643 1282 3705 ausi

61 3745 149 3808 sunt?
190 3747 265 3818 Sed,
296 3755 328 3807 ut
354 3747 474 3826 planum
497 3754 553 3818 est,
577 3745 653 3806 maia
675 3762 724 3806 res
749 3753 798 3805 est
817 3744 928 3823 impius
951 3764 986 3806 ac
1008 3763 1112 3806 revera
1134 3744 1281 3826 reprobus

62 3849 133 3910 circa
159 3847 256 3907 fldem.
299 3845 432 3930 Primum
461 3845 539 3906 enim
569 3853 673 3923 negata
701 3843 846 3922 unigeniti
868 3843 935 3905 Filii
959 3844 1013 3906 Dei
1041 3845 1193 3909 divinitate
1216 3847 1366 3911 eiusnon.

61 3949 157 4011 saitem
179 3963 356 4026 corporeum
378 3945 535 4006 adrentum
558 3961 720 4024 agnoscere
742 3943 965 4016 simulaverunt,
988 3962 1069 4006 nunc
1089 3954 1187 4008 autem
1203 3966 1279 4027 pau-

64 4047 138 4109 latim
159 4045 270 4127 delapsi
291 4047 367 4107 banc
389 4063 507 4124 quoque
529 4044 723 4125 repudiarunt
745 4043 924 4106 sententiam
948 4052 1036 4124 atque
1050 4047 1132 4108 omni
1147 4066 1184 4110 ex
1197 4059 1281 4129 parte

64 4148 136 4212 athei
155 4149 221 4210 iacti
244 4156 323 4221 sunt,
347 4153 380 4208 ut
401 4147 501 4226 ipsum
521 4164 618 4226 neque
641 4155 804 4227 agnoscant
824 4147 918 4210 Deum
941 4164 1038 4226 neque
1059 4147 1211 4212 bominem
1233 4150 1280 4210 ia-

65 4315 355 4378 Ἰ1121ιιιι38

97 4451 115 4486 a.
132 4435 226 4516 Segoer.
253 4432 302 4482 τοῦ
326 4424 410 4484 αὐτοῦ
428 4426 554 4494 ἐπιστολὴ
572 4447 640 4502 yper·
727 4435 751 4485 b.
769 4433 869 4498 Seguer.
877 4431 1043 4514 γινομένην.

67 4498 228 4568 φεῖσαιιρός
266 4502 337 4554 Basil.
358 4511 381 4554 et
398 4503 465 4566 dog!
476 4504 566 4555 addunt
576 4518 638 4568 quo
728 4519 748 4554 c.
767 4503 838 4552 Forte
856 4501 931 4561 τῆς..
940 4495 1050 4570 μάχης·

67 4585 107 4636 quc
123 4569 264 4638 γραφεῖσα.
727 4571 751 4621 d.
768 4571 864 4634 buglis.
878 4563 1020 4637 ἀδόκιμον.
