3226 5308
597 349 705 394 ontrro
721 350 759 392 rr.
776 321 1045 395 nonrm‘annnos.
1366 341 1427 404 615

227 501 294 562 bus
316 499 401 562 sactis
423 499 649 580 appropinquat,
672 499 781 578 qnippe
804 517 870 562 cum
893 497 960 560 iliae
982 499 1044 562 sint
1065 499 1123 580 ipsi
1139 509 1288 574 externae,
1310 513 1340 566 at
1354 503 1513 567 Filiorum.

133 613 156 650 ·-·
223 609 306 681 pote
327 601 450 681 proprio
473 619 534 661 non
556 598 790 680 appropinquat,
814 599 867 661 sed
890 599 921 660 in
944 618 980 659 eo
1004 609 1066 672 est,
1089 619 1144 662 nec
1165 602 1305 663 adhaeret
1325 603 1429 679 Filius,

226 703 251 764 d
276 721 339 776 una
361 720 428 762 oum
447 700 536 762 Patre
559 709 615 762 est
659 697 742 758 Unda
763 716 869 760 rursus
885 697 1004 778 Moyses
1027 697 1057 760 in
1079 700 1183 761 eodem
1197 699 1430 764 Deuteronomio

220 823 242 866 c
267 803 418 883 loquitur:
445 801 546 891 Vocem
569 805 640 862 caua.
654 800 784 882 audiatis
807 811 836 862 at
858 801 920 878 ipsa·
941 818 994 861 coe
1017 801 1228 879 odiunpema'ai.
1274 801 1361 874 Quod
1375 807 1430 863 au·

215 921 263 965 em
288 903 466 982 adiungitur,
490 901 674 976 extrinsecus
697 897 878 978 adiungitur.
897 887 901 894 ’
1424 959 1429 972 ι

289 1009 319 1070 6.
362 1005 423 1066 iam
451 1003 530 1082 quod
558 1000 689 1082 pertinet
717 998 753 1060 ad
776 998 871 1060 levem
894 1007 925 1060 et
944 999 1104 1060 humanam
1125 999 1300 1062 Arianorum
1324 1003 1429 1082 opina-

207 1123 333 1178 .onem,
356 1123 413 1183 qua
435 1103 542 1182 nempe
563 1101 728 1178 bominum
746 1117 871 1178 egenum
893 1099 987 1162 tuisse
1010 1119 1046 1162 ex
1068 1100 1114 1162 bis
1136 1101 1233 1180 ipsius
1254 1101 1353 1164 verbis
1375 1121 1429 1165 sn·

171 1191 372 1286 'picentum
404 1206 486 1278 Doto
508 1216 554 1268 est
574 1203 666 1278 mibi,
695 1203 812 1280 occepi,
845 1209 879 1261 ut
906 1207 994 1284 etex
1015 1200 1063 1262 bis
1084 1200 1168 1262 Pauli
1189 1200 1280 1264 locis:
1313 1201 1431 1266 idu’roc

93 1363 103 1376 .
126 1287 133 1296 ’
185 1306 355 1385 ‚multavit
375 1306 471 1376 titum,
495 1313 525 1366 et
546 1303 631 1366 Sedit
653 1320 672 1363 o
694 1303 828 1372 deotrih
851 1300 976 1379 aliisque
998 1299 1162 1375 similibus,
1190 1303 1431 1382 respondendum

77 1385 101 1396 Ν
132 1394 140 1402 ’
200 1416 252 1470 est
271 1406 428 1469 [lominum
456 1414 608 1478 nostrum,
638 1403 689 1484 qni
718 1402 797 1463 idem
820 1400 948 1463 Verbum
978 1408 1009 1462 et
1029 1400 1121 1464 Filius
1143 1401 1197 1463 uei
1225 1410 1288 1478 est,
1321 1423 1432 1485 eorpus

198 1515 348 1588 gestasse,
371 1513 401 1568 et
423 1507 514 1568 fitium
537 1522 654 1584 quoque
676 1501 807 1564 bominis
831 1503 939 1564 iactum
961 1501 1064 1576 inisse,
1088 1512 1121 1563 ut
1141 1502 1257 1564 medius
1271 1502 1366 1566 Deum
1381 1505 1430 1566 in-

144 1607 154 1616 '
198 1616 251 1671 ter
279 1616 309 1668 et
336 1605 475 1668 homines
498 1595 638 1676 effectus,
667 1621 743 1682 quae
763 1602 818 1665 Dei
839 1611 924 1676 sunt,
957 1601 1045 1664 nobis
1067 1590 1323 1680 subministraret,
1356 1624 1431 1684 qnae

85 1763 97 1770 .
197 1707 313 1780 nostri,
335 1707 398 1766 Deo
421 1707 554 1766 offerret.
599 1703 746 1776 Quocirca
769 1721 836 1764 oum
858 1686 989 1776 esurire,
1021 1705 1109 1778 flere,
1141 1703 1294 1787 defatigari
1317 1715 1347 1768 et
1369 1705 1429 1767 nla-

73 1813 111 1880 ”,
147 1818 162 1829 ·
201 1825 288 1870 mare
310 1805 618 1878 statuerentur,
646 1821 722 1883 qnae
751 1803 870 1882 quidem
892 1803 1038 1866 humanae
1060 1813 1180 1866 nostrae
1202 1814 1274 1867 aunt
1295 1805 1430 1868 affectio·

10 1905 18 1916 '
74 1975 84 1984 ,
141 1900 160 1934 ⁵·
203 1927 259 1970 nes
284 1916 313 1968 et
334 1906 487 1979 miseriae,
511 1923 561 1966 eas
583 1923 599 1965 a
622 1903 710 1964 nobis
732 1903 840 1984 accipit
861 1923 895 1966 ac
915 1904 995 1966 Patri
1018 1905 1120 1978 offert,
1145 1913 1175 1966 et
1195 1924 1251 1985 pro
1273 1905 1360 1968 nobis
1383 1905 1431 1968 in-

107 2003 125 2035 ·“
203 2007 345 2080 tercedit,
375 2015 408 2068 nt
434 2007 465 2068 in
492 2007 559 2086 ipso
588 2005 709 2086 penitus
731 2005 894 2066 deleantur.
938 2005 991 2066 ilis
1014 2015 1112 2068 antem
1133 2006 1366 2084 VerbisasDoto
1386 2019 1433 2070 cat
1463 2079 1470 2084 ,

10 2097 12 2104 ’
57 2130 80 2193 j
102 2105 112 2112 '
136 2105 149 2115 ‘
203 2109 280 2172 mibi
302 2117 453 2189 potestus,
483 2115 514 2168 et
536 2111 653 2186 occepi,
683 2107 849 2192 etidcirco
870 2104 1018 2170 eooitccit
1039 2125 1105 2168 urm
1126 2107 1227 2180 Dens,
1256 2125 1379 2168 munera
1401 2106 1432 2167 in

54 2233 74 2293 ζ
106 2207 129 2244 ·”
144 2209 172 2262 Ρ
202 2228 260 2274 nos
292 2229 310 2270 a
337 2207 400 2270 Deo
433 2227 488 2288 per
520 2207 602 2269 iilum
637 2205 739 2268 collatu
770 2205 983 2284 significantur.
1026 2206 1189 2268 Necenim
1210 2207 1346 2286 indigens
1370 2213 1515 2271 cretaeae.

51 2313 59 2325 '
104 2317 134 2327 ''
156 2313 169 2348 '-
201 2301 332 2374 Verbum
354 2310 553 2389 veiuoquam
575 2308 683 2369 sactum
706 2315 767 2380 est,
789 2307 846 2368 rieo
866 2325 972 2368 rursus
994 2307 1131 2368 homines
1154 2308 1253 2369 idonei
1276 2317 1361 2368 erant
1382 2309 1432 2388 qui

28 2393 43 2452 '-
70 2417 110 2452 ’ἱ
200 2412 256 2484 ista
286 2411 344 2474 sibi
371 2417 596 2490 compararent;
625 2403 679 2468 sed
701 2425 755 2486 per
776 2406 907 2468 Verbum
928 2407 1015 2469 nobis
1038 2408 1146 2470 donata
1168 2415 1254 2480 sunt,
1283 2407 1362 2470 unde
1384 2407 1433 2469 iiia
1511 2435 1525 2453 ·
1560 2449 1563 2456 Δ

71 2521 168 2558 ·-··-
201 2519 339 2590 tanquam
363 2511 419 2590 ipsi
442 2511 550 2572 donata
572 2507 661 2569 nobis
683 2506 902 2586 impertiuntur.
947 2507 1100 2588 Siquidem
1123 2524 1188 2568 eam
1207 2507 1246 2568 ob
1261 2525 1325 2569 rem
1340 2506 1431 2569 bomo

140 2650 146 2660 -
201 2610 297 2672 iactus
328 2619 390 2683 est,
420 2619 453 2671 ut
480 2611 529 2672 iila
556 2609 636 2670 velut
667 2607 724 2669 sibi
754 2608 821 2670 data
849 2610 880 2670 in
902 2627 959 2670 nos
982 2608 1225 2670 transferrentur.
1270 2608 1331 2670 Nec
1351 2609 1432 2670 enim

59 2742 86 2782 ¹.
110 2731 115 2737 ·
142 2697 154 2764 ‚³
202 2727 297 2789 purus
320 2710 412 2770 bomo
435 2710 541 2789 dignus
564 2728 693 2789 unquam
715 2709 833 2784 suisset,
856 2709 906 2789 qui
929 2711 1003 2773 baec
1023 2707 1180 2788 occiperet,
1202 2725 1259 2771 nec
1279 2706 1350 2770 item
1371 2727 1429 2788 pu-

88 2835 134 2870 ,.·.·
199 2829 269 2884 rum
282 2810 411 2872 Verbum
433 2810 480 2872 his
502 2818 608 2889 posset
628 2811 778 2890 indigere3
800 2810 992 2871 coniunctum
1013 2807 1104 2888 igitur
1125 2807 1213 2870 nobis
1236 2817 1282 2870 est
1291 2808 1431 2882 Verbum,

16 2920 82 2976 ar*-
104 2933 139 2965 1'
202 2920 332 2991 tuncque
354 2929 413 2972 nos
435 2911 593 2990 potestatis
613 2911 774 2990 participes
796 2910 928 2972 reddidit
949 2917 982 2970 et
1001 2908 1146 2970 exaltavit.
1189 2909 1319 2973 Verbum
1334 2910 1430 2989 siqui·

52 3046 63 3067 a
87 3020 132 3080 aie
200 3015 270 3076 dem
293 3013 325 3074 in
347 3011 469 3073 bomine
492 3010 624 3072 existens
646 3011 810 3088 bominem,
823 3008 970 3083 exaltarit,
992 3017 1021 3071 et
1037 3009 1140 3070 ‘Verbo
1163 3009 1234 3071 item
1256 3009 1286 3070 in
1307 3009 1430 3071 bomine

18 3154 21 3163 v
65 3145 77 3187 ,·
99 3137 123 3176 r·
200 3114 350 3176 existente
372 3111 486 3190 accepit
507 3111 609 3172 bomo.
654 3110 730 3182 Quia
754 3127 826 3188 ergo
849 3109 947 3170 Verbo
970 3110 1000 3171 in
1023 3127 1111 3172 carno
1126 3109 1272 3171 existente
1287 3109 1430 3172 exaltatus
1546 3107 1551 3116 '

10 3255 22 3288 p
52 3225 123 3298 ''1qu
199 3215 292 3276 bomo
323 3220 372 3274 est
400 3218 638 3291 potestatemque
666 3209 793 3290 accepit,
822 3209 932 3271 idcirco
961 3209 1019 3271 ista
1040 3210 1077 3272 od
1099 3209 1227 3272 Verbum
1249 3211 1441 3284 reseruntur,-

31 3360 38 3387 Ι
85 3325 116 3384 :r
200 3312 438 3393 quandoquidem
469 3319 595 3392 propter
626 3310 726 3390 ipsum
757 3309 824 3371 data
856 3297 933 3371 sunt.
978 3310 1059 3372 Haec
1086 3311 1165 3372 enim
1194 3311 1272 3374 dona
1303 3319 1427 3392 propter

10 3457 25 3491 ¹.
52 3450 100 3484 a
146 3413 152 3427 '
198 3412 328 3475 Verbum
350 3411 381 3474 in
402 3411 525 3473 bomine
548 3411 679 3472 existens
703 3427 847 3472 concessa
869 3419 947 3472 sunt
992 3409 1074 3472 Unde
1090 3411 1339 3500 quemadmodum
1354 3411 1443 3498 Ver-¹

32 3494 118 3596 'ff'
198 3513 270 3576 bum
300 3531 368 3574 caro
397 3513 505 3573 iactum
528 3519 590 3584 est,
619 3511 661 3573 ita
683 3511 825 3572 ethome
848 3529 923 3591 quae
945 3513 1133 3592 aceepitper
1154 3513 1283 3575 Verbum
1306 3511 1428 3590 accepit.
1484 3587 1489 3590 ,

28 3597 86 3694 ,fn
201 3612 307 3674 Omnia
329 3611 419 3686 enim,
442 3629 518 3691 quae
538 3610 629 3672 bomo
653 3611 775 3690 accepit,
798 3610 925 3673 Verbum
948 3613 1102 3692 accepisse
1123 3611 1245 3685 dicitur,
1268 3618 1301 3672 ut
1322 3609 1428 3673 rideli-

51 3707 52 3714 '
202 3721 249 3774 oet
277 3712 501 3788 ostenderetur,
530 3712 672 3792 quoniam
692 3711 784 3774 bomo
808 3729 863 3790 pro
887 3730 961 3774 suae
982 3717 1106 3775 naturae
1129 3711 1300 3773 conditione
1322 3710 1430 3790 dignus

200 3830 261 3874 non
284 3821 375 3884 esset,
397 3812 448 3890 qni
470 3811 520 3872 iila
541 3801 696 3893 acciperet,
719 3829 774 3892 par
786 3811 921 3873 Verbum
945 3829 1064 3873 carnem
1086 3812 1196 3872 iactum
1218 3829 1252 3872 ea
1274 3809 1356 3872 illurn
1378 3828 1429 3872 ae-

202 3912 329 3991 cepissc.
374 3909 520 3983 Quocirca
551 3911 578 4000 si
609 3911 682 3990 quid
709 3909 837 3972 domino
867 3911 967 3973 datum
996 3929 1064 3972 esse
1086 3910 1133 3971 rel
1154 3910 1264 3991 aliquid
1285 3909 1429 3990 huiusce·

236 4195 253 4242 t.
277 4193 317 4243 Sic
335 4193 391 4254 itaq.
416 4191 516 4254 Sequar.
549 4199 573 4241 at
597 4190 668 4241 basii.
711 4192 790 4242 Ceteri
841 4185 971 4248 ἐξουσίας.
1001 4194 1046 4243 arn
1062 4201 1086 4243 et
1104 4193 1159 4244 aditi
1177 4185 1240 4243 τότε
1258 4189 1272 4253 ἦ
1293 4191 1342 4254 τῆς
1357 4186 1431 4250 ἔξω·

202 4267 283 4310 aotem
301 4265 324 4308 et
341 4259 399 4309 aditi
415 4251 523 4308 ἔαυτόν.
841 4255 912 4317 ciue,
933 4261 1057 4312 mendose.

231 4341 258 4405 β·
277 4327 318 4376 3Ῑο
335 4340 393 4375 ⁸¹⁸⁸·
410 4341 502 4378 ⁰m¹¹⁰⁸·
530 4325 658 4404 mmmm
671 4317 788 4402 Mam·
876 4361 891 4410 i.
910 4361 952 4412 stc
969 4361 1025 4423 fleg.
1045 4369 1068 4410 et
1079 4361 1110 4410 Sc
1128 4375 1179 4412 uer.
1209 4362 1272 4412 Editi
1290 4376 1346 4411 raro
1363 4352 1432 4420 εἴλη-

200 4395 294 4444 lbrdem
313 4393 419 4471 [iuuet
435 4395 533 4472 Sequar.
552 4406 599 4472 arcp
614 4387 791 4457 ἐνηνθρωπη.
843 4439 909 4493 W
940 4417 996 4476 Μ
1020 4420 1075 4495 7¹3¹?
1106 4375 1125 4476 ἒ
1149 4419 1297 4494 ἄνθρωπος
1325 4417 1430 4493 εἴληφε,

202 4471 257 4510 ora.
295 4459 321 4509 in
341 4460 394 4510 ains
412 4467 436 4509 at
454 4463 524 4511 edens
542 4473 588 4508 aar
609 4461 685 4510 deest.
841 4487 933 4542 adm
951 4487 965 4542 ὅ
983 4486 1064 4560 25705
1082 4504 1126 4546 m·
1462 4529 1469 4540 ,

236 4529 259 4576 b.
278 4527 318 4577 Sia
336 4527 392 4590 itaq.
408 4538 432 4578 et
449 4528 548 4592 Sequor.
592 4533 620 4577 bt
637 4527 710 4580 baeti.
729 4519 791 4576 τότε
