3176 5304
199 341 245 406 36
605 356 631 399 ε.
646 355 1035 402 ιτειτεειιιεωιιεειεεοει

114 521 192 568 ινιτ.
202 503 404 591 θελήσουσιν
427 497 617 572 ἀντιθεῖναι
636 503 682 590 μὴ
704 504 927 589 γινώσκοντες.
962 500 1124 589 οὐδαμῶς.
1158 498 1197 570 ού
1220 501 1281 590 γὰρ
1304 500 1350 583 ῶς
1371 501 1431 572 ἰόν-

200 611 346 692 θρωπος
368 599 386 670 5
407 603 500 684 θεός,
525 603 599 672 ἰπεί
621 606 721 692 Ιμηδὲ
743 607 777 672 ol
798 603 979 692 ἄνθρωποι
1001 601 1047 684 ῶς
1070 601 1088 670 5
1110 604 1201 683 θεός.
1239 605 1273 672 ot
1292 604 1431 692 μὲνγὰρ
1482 661 1491 671 ,

202 707 239 786 ἐξ
258 702 338 794 ῦλης
357 708 412 772 καί
433 703 554 792 ταύτης
576 703 676 794 ούοης
698 709 889 794 παθητικῆς
910 704 1122 794 ἐκτίσθησαν,
1146 702 1217 774 ὅδὲ
1231 704 1316 786 θεὸς
1330 703 1431 786 δ’ῦλσς

200 811 255 876 καί
280 802 465 890 ἀσώματος.
511 807 541 873 εἰ
563 807 600 873 δέ
621 807 658 873 αἰ
680 802 776 874 αῦταί
799 809 903 888 λέξεις
924 808 982 876 έπί
1003 811 1087 876 θεοῦ
1109 810 1164 874 καί
1180 802 1373 894 ἀνθρώπων
1395 806 1430 874 έν

201 918 278 987 ταῖς
298 913 412 986 θείαις
433 909 518 975 ποτὲ
539 917 665 974 κεῖνται
678 919 833 996 γραφαῖς,
850 904 919 975 ἄλλ’
937 905 1130 996 ἀνθρώπων
1146 908 1216 976 ἰοτί
1233 909 1429 995 διορατικῶν

203 1005 250 1087 ῶς
278 1008 496 1097 παρήγγειλα
525 1004 543 1074 5
565 1010 716 1089 Παῦλος,
746 1016 917 1096 προςίχειν
944 1014 984 1098 τῇ
1008 1006 1236 1096 &vayvc5001¹),
1264 1012 1317 1076 καί
1341 1005 1430 1075 ούτω

202 1111 391 1196 διακρίνειν,
414 1113 468 1177 καί
484 1109 568 1178 κατὰ
588 1110 648 1197 τὴν
670 1108 808 1177 ἑκάστου
829 1114 897 1178 τῶν
919 1118 1169 1199 σημαινομένων
1192 1111 1292 1199 φύσιν
1312 1110 1357 1177 τὰ
1377 1134 1431 1196 γε-

201 1216 372 1297 γραμμένα
394 1210 631 1297 διαγινώσκειν,
653 1214 707 1279 καί
729 1211 774 1298 μὴ
797 1218 942 1298 συγχέειν
963 1213 1022 1302 τὴν
1037 1213 1198 1294 διάνοιαν,
1215 1209 1302 1280 ώστε
1314 1211 1358 1280 τὰ
1371 1215 1431 1278 τοῦ

201 1315 288 1379 θεοῦ
309 1311 355 1400 μὴ
378 1307 604 1400 ἀνθρωπίνως
625 1323 722 1394 νοεῖν,
745 1313 829 1401 μηδὲ
850 1312 893 1382 τὰ
905 1317 973 1381 τῶν
989 1310 1181 1402 όνθρώπων
1192 1309 1238 1393 ῶς
1252 1315 1330 1398 περὶ
1345 1317 1431 1380 θεοῦ

201 1437 288 1482 ποτε
309 1414 511 1499 λογίζεσθαι.
555 1417 655 1481 τοῦτο
675 1414 737 1501 γάρ
760 1414 832 1482 ἔστι
845 1413 904 1482 τὸν
919 1409 1008 1482 οἶνον
1023 1413 1121 1483 όδατι
1134 1417 1267 1502 μίξαι’),
1290 1419 1345 1482 καί
1361 1417 1431 1501 πῦρ

203 1511 379 1602 ἇλλότριον
400 1514 593 1603 ἐπιβάλλειν
616 1514 673 1582 ἰπὶ
694 1513 734 1582 τὸ
755 1516 998 1604 θυσιαστήριον
1019 1520 1066 1604 τῷ
1089 1523 1175 1604 θείῳ
1197 1523 1288 1603 πυρί.

116 1617 121 1629 ‘
292 1624 340 1684 11.
385 1618 453 1684 Καὶ
480 1615 541 1704 γὰρ
572 1619 627 1683 καί
656 1613 675 1683 5
702 1617 786 1696 θεὸς
812 1618 927 1698 κτίζει,
956 1621 1010 1685 καί
1040 1612 1091 1685 ἰεῦ
1117 1612 1310 1705 ἀνθρώπων
1333 1616 1431 1684 δὲτὸ

203 1719 323 1800 κτίζειν
345 1718 482 1805 ε’ίρηται.
526 1720 581 1784 καί
604 1713 623 1784 5
644 1718 704 1803 μὲν
725 1717 809 1797 θεὸς
830 1717 876 1786 ῶν
899 1719 986 1800 ἐστι,
1010 1722 1161 1806 λέγονται
1183 1721 1219 1786 δὲ
1239 1721 1295 1785 καί
1318 1719 1351 1785 οἱ
1373 1715 1432 1785 ἄν-

203 1826 345 1908 θρωποι
366 1813 461 1896 εἰναι,
484 1816 578 1905 παρὰ
598 1822 683 1887 θεοῦ
704 1823 758 1886 καί
780 1824 879 1888 τοῦτο
901 1820 1057 1908 λαβόντες
1079 1821 1172 1904 ἰχειν.
1218 1809 1267 1907 ἆρ’
1292 1809 1350 1888 οῦν
1373 1816 1431 1886 ού-

202 1945 269 2001 τως
290 1917 310 1987 5
330 1918 413 1998 θεὸς
434 1920 535 2000 κτίζει
557 1915 602 1999 ῶς
617 1918 816 2008 ἀνθρώποις
845 1917 867 2011 ἢ
882 1919 990 2003 οῦτως
1003 1921 1049 1989 ῶν
1065 1922 1155 1991 ἐστιν
1170 1917 1215 2000 ῶς
1230 1920 1432 2008 όνθρωποςς

203 2023 248 2112 μὴ
275 2029 420 2110 γένοιτο·
449 2019 557 2101 ἄλλως
585 2021 642 2089 έπί
664 2026 747 2092 θεοῦ
769 2023 830 2103 τὰς
852 2025 956 2104 λέξεις
977 2023 1202 2109 λαμβάνομεν,
1236 2026 1291 2089 καί
1314 2022 1433 2106 ἑτέρως

204 2126 263 2192 έπί
283 2125 351 2190 τῶν
373 2119 565 2210 ἀνθρώπων
586 2124 709 2205 ταύτας
730 2124 966 2209 διανοούμεθα.
1013 2120 1032 2190 5
1052 2128 1113 2209 μέν
1134 2125 1195 2211 γὰρ
1217 2123 1300 2203 θεὸς
1320 2124 1430 2204 κτίζει,

204 2228 314 2294 καλῶν
335 2225 377 2292 τὰ
397 2223 442 2310 μὴ
466 2222 574 2305 όνταῆ
598 2225 646 2306 εἰς
665 2226 705 2292 τὸ
728 2221 827 2318 εἶναι,
852 2220 986 2302 οὐδενὸς
1007 2225 1236 2310 έπιδεόμενος,
1261 2227 1294 2292 οἱ
1316 2222 1432 2302 δίόιν-

204 2333 345 2414 θρωποι
365 2324 424 2414 τὴν
445 2322 663 2414 ὑποκειμένην
685 2324 764 2414 ῦλην
787 2322 987 2412 ἐργάζονται,
1012 2321 1184 2408 εὐξάμενοι
1198 2327 1362 2412 πρότερον
1376 2329 1431 2392 καί

204 2428 271 2516 την-
292 2427 476 2515 ἰπιστημην
503 2432 562 2495 τοῦ
592 2437 704 2494 ποιεῖν
726 2427 883 2513 λαβόντες
904 2425 997 2512 παρὰ
1017 2429 1077 2491 τοῦ
1099 2426 1212 2493 πάντα
1234 2426 1432 2513 δημιουργή-
1499 2454 1506 2464 ·

206 2552 326 2609 οαντος
355 2533 440 2596 θεοῦ
472 2527 530 2594 διὰ
556 2530 616 2592 τοῦ
646 2527 732 2592 ἰδίου
760 2528 867 2612 λόγου.
913 2526 1016 2593 πόλιν
1044 2553 1081 2594 τε
1102 2528 1135 2593 οί
1156 2529 1217 2611 μὲν
1240 2525 1430 2614 ἄνθρωποι,

205 2625 244 2697 ού
267 2631 443 2717 δυνάμενοι
464 2621 559 2693 1’καθ’
584 2625 721 2706 ἑαυτούς
743 2622 836 2708 εἶναι,
861 2628 895 2695 έν
916 2627 1012 2715 τόπῳ
1034 2627 1247 2714 τργχόνοντές
1259 2629 1325 2696 εἰσι
1336 2653 1433 2715 περι-

206 2731 364 2817 εχόμενοι,
386 2734 440 2797 καί
464 2729 664 2807 συνεστῶτες
686 2727 720 2795 ἒν
741 2732 788 2815 τῷ
811 2731 870 2796 τοῦ
889 2734 973 2798 θεοῦ
995 2729 1091 2816 λόγῳ,
1116 2725 1187 2796 ὅδὲ
1201 2729 1283 2809 θεὸς
1298 2727 1344 2797 ῶν
1361 2729 1433 2796 ἐστι

204 2829 281 2902 καθ’
307 2831 440 2911 έαυτόν,
468 2835 630 2914 περιέχων
658 2828 701 2897 τὰ
722 2829 848 2912 πάντα,
876 2835 931 2898 καὶ
952 2826 1009 2897 ὕπ’
1034 2827 1168 2911 οὐδενὸς
1189 2829 1432 2919 περιεχόμενος,

204 2940 261 3021 καί
288 2935 322 3002 ἰν
349 2935 436 2999 πᾶσι
461 2935 521 3015 μέν
551 2931 622 2998 ἐστι
649 2932 734 2999 κατὰ
759 2931 818 3020 τὴν
847 2933 965 3000 ἑαυτοῦ
991 2928 1186 3021 ἇγαθότητα
1207 2936 1260 3000 καί
1282 2932 1431 3016 δύναμιν,

205 3038 268 3117 ἔξω
291 3036 328 3102 δέ
348 3036 415 3098 τῶν
437 3031 573 3100 πάντων
595 3033 698 3100 πάλιν
721 3033 791 3102 ἐστὶ
812 3036 897 3120 κατὰ
917 3033 975 3122 τὴν
998 3035 1086 3101 ἰδίαν
1102 3034 1212 3121 φύσιν.
1244 3031 1358 3118 ῶσπερ
1375 3023 1432 3098 οῦν

205 3133 244 3202 ού
265 3133 323 3202 τὸν
345 3129 445 3201 αύτὸν
466 3133 593 3221 τρόπον
616 3135 649 3202 οἰ
671 3133 853 3222 ἄνθρωποι
866 3135 1039 3216 κτίζουσιν,
1057 3133 1159 3221 όνπερ
1174 3135 1300 3222 τρόπον
1317 3131 1433 3212 ὃθεὸς

204 3236 315 3315 κτίζει,
338 3229 412 3300 εὗδ’
438 3233 543 3314 οῦτως
565 3236 648 3303 εἰσίν
670 3237 704 3304 οἰ
725 3235 914 3324 ἅνθρωποι,
939 3233 1053 3324 ῶσπερ
1068 3235 1158 3303 ἰστίν
1174 3231 1192 3300 5
1206 3235 1304 3313 θεός·
1327 3231 1433 3312 οῦτως

97 3415 102 3422 ¹
205 3337 314 3415 όλλως
337 3335 425 3404 ἐστὶν
447 3333 467 3421 ἡ
489 3340 555 3402 τῶν
578 3333 772 3424 ἀνθρώπων
793 3344 926 3423 γένεσις,
950 3337 1006 3404 καί
1028 3335 1136 3416 ἄλλως
1158 3336 1247 3404 έστίν
1271 3333 1288 3402 5
1310 3333 1383 3413 υίὸς
1398 3334 1433 3400 ἐκ

205 3441 264 3504 τοῦ
286 3437 424 3524 πατρός.
467 3439 535 3503 τῶν
556 3439 617 3521 μὲν
638 3437 699 3524 γὰρ
718 3433 911 3524 όνθρώπων
926 3439 969 3505 τὰ
982 3438 1167 3526 γεννήματα
1179 3443 1261 3525 μέρη
1277 3439 1352 3516 πῶς
1366 3439 1433 3503 τῶν
1476 3483 1486 3512 ,

206 3539 395 3626 γεννώντων
418 3539 511 3620 εἰσίν,
535 3537 612 3606 έπεί
631 3544 687 3607 καί
709 3535 806 3627 “αύιὴ
827 3544 894 3608 τῶν
917 3539 1079 3625 σωμάτων
1101 3537 1121 3627 ἦ
1145 3539 1245 3628 φύσις
1268 3533 1326 3622 οὐχ
1341 3535 1431 3604 ἆπλῦ

205 3647 256 3720 τίς
277 3641 377 3722 ἐστιν,
401 3637 485 3708 ἀλλὰ
507 3641 634 3727 ῥευστή,
658 3639 714 3708 καί
736 3641 770 3708 έκ
791 3645 900 3728 μερῶν
922 3641 988 3725 ἔχει
1008 3641 1066 3726 τὴν
1089 3641 1265 3710 σύνθεσιν·
1289 3637 1435 3726 ἆποῤῥέ-

205 3748 281 3824 μυσί
301 3767 338 3810 τε
360 3741 541 3827 ἅνθρωποι
561 3744 744 3846 γωνῶντρς,
767 3741 824 3808 καί
844 3741 947 3808 πόλιν
967 3742 1099 3828 έπιρῥεῖ
1112 3741 1154 3808 τὰ
1169 3742 1206 3810 ἔν’
1217 3745 1284 3809 τῶν
1298 3743 1434 3829 τροφῶν

206 3845 253 3923 εἰς
276 3839 396 3922 αύτούς
418 3843 625 3930 είςαγόμενα·
649 3838 696 3910 δι’
720 3841 759 3930 ἢν
782 3843 891 3910 αἰτίαν
913 3845 968 3910 καὶ
990 3844 1126 3909 πολλῶν
1146 3843 1231 3910 κατὰ
1251 3841 1366 3930 καιρὸν
1380 3847 1436 3907 τέ-

205 3971 289 4012 κνων
310 3952 459 4032 γίνονται
479 3951 621 4032 πατέρες
643 3945 676 4012 σί
698 3943 894 4031 ἅνθρωποι·
931 3940 949 4010 5
967 3945 1013 4012 -55
1034 3943 1118 4023 θεὸς
1140 3939 1262 4032 ἀμερὴς
1285 3938 1331 4010 ῶν
1354 3938 1436 4027 ἆμε·

119 4053 328 4134 εειερίστως
349 4046 419 4113 έοτί
440 4044 496 4112 καί
518 4041 657 4133 ἀπαθὴς
677 4050 736 4114 τοῦ
759 4047 832 4113 υίοῦ
854 4045 973 4136 πατήρ.
1018 4045 1096 4114 οῦτε
1116 4045 1177 4132 γὰρ
1200 4040 1352 4131 ἇποῤῥοὴ
1374 4045 1436 4109 τοῦ

207 4143 385 4233 όσωμότου
409 4146 513 4226 έστίν,
544 4142 609 4213 οὔτ’
635 4147 774 4234 ἐπιῤῥοή
796 4173 848 4226 τις
870 4149 917 4227 εἰς
939 4142 1039 4214 αὐτὸν
1061 4152 1200 4233 γίνεται,
1231 4139 1277 4221 ώς
1299 4137 1351 4208 ἐπ’
1376 4137 1435 4210 ἇν-

206 4244 525 4335 θρώπων··ἆπλοῦς
548 4248 584 4313 δὲ
607 4241 652 4312 ῶν
674 4246 732 4335 τὴν
756 4247 865 4334 φύσιν,
890 4245 963 4325 ἑνὸς
984 4245 1039 4312 καί
1060 4245 1164 4329 μόνου
1186 4246 1245 4308 τοῦ
1268 4243 1343 4308 υἱοῦ
1364 4265 1433 4308 πα-

206 4350 265 4437 τηρ
295 4348 377 4417 ἰοτι.
421 4347 478 4413 διὰ
506 4349 603 4413 τοῦτο
630 4347 692 4433 γὰρ
714 4345 769 4413 καί
789 4346 967 4433 μονογενής
990 4346 1075 4425 ἐστι,
1104 4346 1158 4410 καί
1180 4342 1282 4427 μόνος
1304 4342 1338 4410 έν
1359 4351 1434 4419 τοῖς

278 4571 301 4632 1)
322 4571 342 4620 ι.
362 4571 423 4622 τοι.
441 4571 466 4633 ι,
488 4567 526 4619 1³.
596 4569 621 4632 η
639 4569 694 4619 εει.
715 4569 737 4630 1,
755 4567 798 4618 τι.
867 4569 893 4630 ε)
912 4569 979 4619 nom.
999 4569 1024 4630 ι,
1045 4567 1083 4617 ιι.
