3176 5304
215 439 258 506 38
613 455 639 498 ε.
654 455 1050 499 ετεειιιειιιιιεαιιιειεεοοι

128 625 206 673 Μιε.
215 605 354 682 κόλποις
381 605 440 668 τοῦ
469 602 597 689 πατρός
619 600 704 682 ἐστι,
733 601 836 686 μόνον
857 627 894 670 τε
916 597 1016 670 αύτὸν
1039 601 1075 682 έξ
1097 601 1214 668 ἑαυτοῦ
1237 600 1400 668 δείκνυσιν
1425 595 1446 668 6

214 703 337 791 πονήρ’
349 705 466 790 λέγων·
496 693 592 782 οὗτός
613 702 703 770 έστιν
726 699 744 768 6
764 702 837 782 υἱός
857 727 922 788 μου
947 700 966 770 6
989 697 1174 791 ἆγαπητός,
1199 701 1232 769 έν
1255 691 1283 788 ᾧ
1303 695 1446 789 ηὐδόκη-

214 809 303 887 οαη·
326 804 422 892 λόγος
445 807 482 872 δέ
503 805 592 872 ἐστιν
615 794 712 883 οὗτος
732 807 791 871 τού
813 805 951 893 πατρός,
975 804 1009 873 έν
1032 794 1060 892 ᾦ
1081 803 1121 871 τὸ
1143 799 1279 882 ἀπαθές
1292 805 1346 870 καὶ
1362 799 1445 887 ἆμε-

213 909 269 994 ρές
289 909 350 973 τού
372 905 500 992 πατρὸς
521 916 611 974 νοεῖν
633 904 788 972 δυνατόν·
819 905 915 992 λόγος
935 905 997 993 γὰρ
1019 901 1097 974 ούδέ
1120 903 1137 972 6
1160 909 1226 972 τῶν
1248 899 1444 991 ἀνθρώπων

213 1007 298 1096 κατὰ
318 1007 435 1086 πάθος
455 1010 510 1074 καί
532 1013 632 1094 μέρος
652 1009 815 1093 γεννᾶται,
838 1007 954 1096 μήτιγε
977 1004 995 1075 6
1017 1011 1077 1075 τοῦ
1099 1011 1193 1076 θεοῦ.
1232 1005 1285 1074 διὸ
1307 1008 1360 1073 καί
1383 1031 1444 1072 κα-

212 1110 349 1190 θέζεται
369 1111 429 1194 μέν
451 1103 550 1187 αὐτὸς
572 1108 606 1176 έν
629 1108 721 1196 δεξιᾷ
742 1111 801 1175 τσῦ
824 1109 953 1196 πατρὸς
975 1105 1020 1188 ὥς
1035 1109 1147 1196 λόγος·
1170 1109 1256 1176 ἔνθα
1275 1107 1335 1194 γάρ
1352 1106 1443 1174 έστιν

214 1207 233 1278 6
256 1211 376 1298 πατήρ,
400 1209 467 1277 ἐκεῖ
487 1214 547 1278 καὶ,
566 1206 590 1276 6
606 1209 724 1276 τούτου
748 1208 844 1294 λόγος
868 1211 973 1278 ἐστίν·
996 1207 1091 1300 ἡμεῖς
1107 1212 1144 1277 δέ
1159 1209 1318 1298 στήσομεν
1333 1206 1444 1295 κρινό-

213 1335 309 1396 μενοι
335 1305 413 1396 παρ’
438 1305 544 1397 αύτῷ,
570 1306 615 1389 ὥς
637 1311 823 1396 ποιήματα·
851 1314 905 1378 καλ
929 1322 1160 1399 προςκονεῖται
1180 1313 1240 1396 μέν
1263 1305 1362 1389 αὐτὸς
1385 1309 1443 1376 διὰ

212 1411 252 1479 τὸ
281 1406 366 1479 εἶναι
395 1405 494 1478 αὐτὸν
523 1411 596 1478 υἱὸν
623 1416 683 1479 τοῦ
705 1415 929 1500 προςκονητού
951 1412 1094 1501 πατρός·
1122 1409 1218 1500 ἡμεῖς
1240 1413 1276 1480 δέ
1298 1435 1443 1497 προςαν-

214 1515 347 1597 νσῦμεν,
370 1511 483 1599 κύριον
504 1515 559 1580 καί
579 1513 663 1580 θεὸν
686 1509 786 1581 αὐτόν
808 1510 1078 1600 ·όμολογσῦντες,
1109 1513 1226 1581 διὰτὸ
1249 1507 1336 1581 εἶναι
1356 1508 1444 1598 ἡμᾶς

212 1619 377 1697 κτίσματα
397 1617 451 1680 καί
475 1612 595 1692 ἄλλους
617 1611 695 1702 παρ’
720 1615 858 1684 ἐκεῖνον.-

301 1719 348 1782 12.
397 1714 531 1782 Τούτων
554 1715 590 1782 δὲ
612 1711 717 1795 ούτως
739 1713 853 1798 όντων,
876 1724 1042 1784 σκοπείτω
1064 1715 1185 1782 λοιπὸν
1208 1711 1443 1802 όβουλόμενος

214 1811 323 1883 αὐτῶν
330 1867 339 1897 ,
362 1819 417 1883 καὶ
439 1822 588 1903 γενέσθω
610 1842 662 1896 τις
684 1813 804 1897 αύτούς
826 1818 992 1905 ἐντρέπων
999 1869 1007 1898 ,
1032 1816 1122 1885 εἰτὸ
1145 1816 1180 1884 ἓν
1200 1819 1259 1883 τοῦ
1281 1821 1365 1885 θεοῦ
1386 1820 1443 1884 καὶ

213 1919 303 1986 λ’δισν
326 1912 426 1984 αύτοῦ
447 1924 589 2004 γέννημα
610 1923 711 2002 θέμις
734 1918 841 1987 εἰπεῖν
864 1920 901 2000 έξ
921 1914 979 1986 ούκ
1003 1915 1118 1999 ὄντων,
1139 1912 1161 2004 6
1182 1918 1280 2003 λόγον
1304 1918 1369 2002 ’έχει
1382 1913 1444 2006 κᾷν

215 2017 262 2098 εἷς
284 2017 465 2104 ένθύμησίν
487 2042 577 2098 τινος
600 2014 686 2099 ὅλως
708 2019 829 2100 ἐλθεῖν,
853 2016 967 2086 ὅτιτὸ
989 2020 1024 2087 έκ
1045 2023 1105 2108 τοή
1120 2021 1204 2087 θεοῦ
1221 2018 1445 2108 έπισομβέβη-

213 2145 266 2186 κεν
295 2113 399 2205 αύτῷ,
424 2121 479 2186 ἵνα
500 2123 553 2187 καί
575 2120 743 2209 τολμήσας
765 2122 854 2209 εἴπῃ,
880 2117 934 2186 ότι
955 2116 1013 2186 ούκ
1035 2121 1125 2188 ἔστιν
1148 2115 1199 2188 δελ
1222 2115 1240 2186 δ
1263 2120 1343 2200 οἶός.
1386 2124 1443 2188 καί

211 2219 272 2306 γὰρ
296 2218 457 2308 ἐντούτῳ
480 2221 584 2288 ’πάλιν
604 2221 665 2300 τὰς
687 2218 878 2307 ἀνθρώπων
901 2221 1029 2300 έννοίας
1049 2217 1257 2309 ύπερεξήλθε
1270 2224 1325 2288 καὶ
1339 2218 1443 2307 ύπερ-
1511 2266 1517 2278 ·

212 2325 410 2408 αναβέβηκεν
431 2319 452 2408 ἡ
474 2326 532 2388 τοῦ
556 2323 630 2389 υἱοῦ
652 2329 808 2410 γέννησις.
854 2319 948 2408 ἡμεῖς
968 2324 1029 2405 μέν
1050 2321 1111 2407 γὰρ
1129 2323 1195 2388 τῶν
1212 2322 1306 2389 ίδίων
1321 2327 1443 2390 ’τέκνων

213 2421 247 2489 έν
273 2422 381 2510 χρόνῳ
409 2423 575 2508 γινόμεθα
604 2431 760 2510 πατέρες,
792 2423 866 2490 ἐπεὶ
888 2426 941 2489 καί
965 2417 1059 2488 αύτολ
1083 2417 1141 2488 ούκ
1165 2420 1257 2500 ὄντες
1278 2424 1443 2510 πρότερον

212 2519 349 2611 ὕστερον
376 2524 570 2609 γεγόναμεν·
601 2520 619 2589 ό
649 2526 685 2593 δέ
712 2524 795 2603 θεὸς
823 2519 873 2592 ἀεὶ
903 2518 949 2590 ὢν
978 2521 1029 2590 ἆεί
1049 2527 1109 2590 τού
1130 2523 1204 2589 υίοῦ
1225 2523 1336 2610 πατήρ
1360 2524 1440 2592 έστι.

212 2627 266 2691 καί
299 2628 364 2691 τῶν
397 2628 458 2710 μέν
489 2621 510 2714 ή
542 2631 668 2712 γένεσις
698 2625 732 2693 έκ
758 2629 825 2692 τῶν
854 2620 979 2710 ὁμοίιος
1008 2623 1111 2692 όντων
1143 2625 1208 2708 {xa
1233 2623 1292 2712 τήν
1314 2631 1440 2693 πίστιν.

213 2726 330 2814 ἐπειδὴ
357 2727 393 2793 δέ
421 2721 530 2806 οὐδεὶς
553 2722 623 2794 οἶδε
644 2726 701 2793 τὸν
723 2725 795 2793 υἱόν
820 2726 850 2794 εί
870 2727 915 2816 μή
939 2722 958 2793 6
979 2727 1104 2815 πατήρ,
1135 2721 1212 2793 ούδέ
1233 2725 1291 2793 τόν
1313 2733 1444 2812 πατέρα

212 2853 264 2907 τις
286 2827 497 2914 ἐπιγινώσκει
519 2830 549 2896 εἰ
569 2827 613 2914 μὴ
637 2824 655 2893 6
678 2827 758 2909 υἱός,
781 2831 836 2894 καὶ
859 2818 907 2916 ληῖ
929 2823 969 2896 ἂν
992 2825 1097 2907 όυῐός
1112 2824 1362 2916 διποκαλύιίηηῦ·
1387 2829 1444 2896 διὰ

212 2933 311 2998 τοῦτο
341 2931 375 2998 ολ
402 2927 506 3017 ἅγιοι,
540 2925 592 3009 οἷς
620 2924 834 3016 ἀπεκάλυψεν
864 2927 882 2996 6
911 2931 997 3011 υἱός,
1034 2931 1143 2998 είκόνα
1165 2929 1240 2997 τινὰ
1261 2929 1443 2997 δεδώκασιν

212 3027 291 3117 ἡμῖν
314 3031 349 3099 έν
370 3036 438 3100 τῶν
461 3029 636 3119 δρωμένων
658 3032 822 3118 λέγοντες·
847 3030 884 3112 ὃς
906 3028 953 3099 ὢν
975 3027 1179 3118 ἀπαύγασμα
1204 3035 1262 3117 τῆς
1277 3031 1374 3120 δόξης
1387 3035 1441 3098 καὶ

211 3133 375 3220 χαρακτήρ
397 3138 455 3220 τῆς
475 3130 694 3212 ὑποστάσεως
716 3129 864 3214 αύτσύ”)·
887 3135 941 3198 καλ
964 3131 1083 3198 πάλιν)
1108 3129 1161 3197 ὅτι
1174 3131 1269 3216 παρὰ
1284 3137 1338 3199 σσὶ
1354 3134 1442 3221 πηγή

213 3233 313 3316 ζωῆς,
344 3233 378 3299 έν
399 3239 446 3318 τῷ
471 3242 560 3320 φωτί
582 3259 642 3302 σου
666 3229 827 3321 ὀψόμεθα
850 3235 968 3320 φῶςέ)Ι
998 3228 1053 3297 ὅτε
1074 3229 1130 3297 καὶ
1149 3229 1362 3316 μεμφόμενος
1383 3233 1442 3298 τὸν

209 3326 335 3417 ’ίοραὴλ
359 3327 376 3394 6
399 3331 497 3416 λόγος
519 3341 637 3420 φησίν·
660 3335 886 3418 ‘brumum
906 3329 965 3414 τήν
980 3329 1087 3417 πηγὴν
1101 3334 1160 3417 τῆς
1174 3334 1342 3418 σοφίας”)·
1359 3328 1441 3420 αύτη

213 3433 250 3500 δέ
272 3431 361 3500 έστιν
383 3425 403 3517 6
426 3429 515 3515 πηγή
537 3429 557 3517 ή
580 3432 735 3516 λέγουσα·
764 3433 820 3515 ἐμὲ
849 3430 1062 3514 έγιατέλιπον
1090 3429 1197 3518 πηγήν
1219 3428 1339 3512 ύδατσς
1362 3433 1444 3514 ζῶν-

212 3535 306 3612 τοςἽ.
351 3527 408 3595 καὶ
428 3530 545 3614 μικρὸν
566 3536 626 3614 μέν
649 3533 720 3600 ἐστι
740 3531 779 3598 τδ
801 3531 1013 3619 παράδειγμα
1034 3531 1090 3600 καὶ
1104 3535 1178 3600 λίαν
1195 3527 1341 3620 σίμοδρὸν
1356 3536 1442 3621 πρὸς

212 3633 252 3700 τὸ
274 3619 505 3715 ποθούμενον
537 3631 675 3698 δυνατὸν
698 3635 734 3700 δέ
758 3629 848 3716 ὅμως
871 3633 907 3713 ἐξ
926 3629 1028 3701 αὐτοῦ
1051 3637 1154 3702 πλέον
1176 3637 1234 3723 τῆς
1257 3631 1442 3723 ἀνθρώπου

141 3783 146 3790 -
213 3733 346 3822 φύσεως
372 3741 560 3811 κατανοεῖν,
589 3729 645 3798 καὶ
673 3733 718 3822 μή
741 3733 885 3817 νομίζειν
907 3735 982 3821 ῖσην
1005 3734 1063 3822 τήν
1084 3731 1177 3823 ἡμῶν
1201 3731 1286 3803 εἶναι
1307 3738 1363 3804 καὶ
1384 3737 1442 3823 τήν

213 3839 272 3902 τοῦ
294 3837 368 3902 οἱοῦ
390 3842 547 3924 γέννησιν.
582 3840 632 3912 τίς
654 3832 715 3921 γὰρ
739 3833 876 3902 δύναται
888 3831 949 3923 κᾷν
960 3837 1174 3921 λογίσασθαι,
1197 3838 1242 3926 μή
1258 3833 1344 3906 εἷναί
1358 3863 1442 3905 ποτε

212 3936 253 4002 τὸ
275 3932 493 4023 ἀπαύγασμα,
518 3937 574 4004 ἵνα
594 3933 650 4003 καὶ
671 3935 838 4024 τολμήσας
862 3938 956 4026 εῖπη,
979 3937 1024 4026 μή
1049 3933 1133 4005 εἶναι
1156 3933 1208 4008 ἀεὶ
1230 3939 1287 4006 τὸν
1310 3941 1397 4020 υἱόν,
1421 3933 1442 4027 6

215 4035 269 4105 ὅτι
297 4034 354 4104 σύκ
382 4027 422 4126 ἡν
451 4035 469 4102 6
497 4037 569 4116 υἱός
597 4037 677 4126 πρὶν
705 4043 866 4128 γεννηθής
898 4035 992 4129 ήτίς
1016 4041 1125 4118 ἱκανός
1148 4041 1268 4107 διελεῖν
1291 4036 1442 4107 ἀπὸτοῦ

212 4136 308 4226 ἡλίου
329 4138 369 4205 τό
391 4134 603 4223 ἀπαύγασμα,
627 4136 648 4226 6
669 4141 727 4228 τήν
750 4141 855 4228 πηγήν
878 4141 1055 4227 ἐπινοήσαί
1077 4165 1160 4205 ποτε
1181 4145 1238 4226 τῆς
1262 4139 1345 4224 ζωῆς
1368 4142 1441 4228 ἕρη-

212 4264 285 4326 μον,
309 4241 366 4306 ἵνα
387 4240 441 4304 καὶ
462 4239 578 4322 μανεὶς
600 4241 688 4324 εῖπη,
714 4241 749 4317 έξ
770 4235 828 4304 οὐκ
851 4239 954 4304 ὄντων
979 4239 1067 4305 ἐστὶν
1083 4235 1101 4302 6
1116 4239 1188 4315 υίὸς
1204 4235 1222 4302 6
1237 4241 1355 4322 λέγων·
1377 4241 1440 4324 έγώ

182 4355 189 4364 “
214 4343 283 4426 είμι
304 4337 323 4428 6
347 4338 412 4426 ζωή
421 4343 452 4420 ⁷),
477 4333 498 4424 ή
521 4333 694 4423 ἀλλότριος
717 4341 774 4421 τῆς
795 4343 854 4403 τοῦ
878 4326 1005 4421 πατρὸς
1027 4333 1142 4414 οὐσίας
1165 4333 1182 4403 6
1205 4340 1325 4423 λέγων·
1350 4335 1442 4422 όέμέ

283 4603 307 4658 1)
325 4601 406 4651 unuh.
428 4597 451 4658 θ,
473 4597 510 4647 17.
599 4594 844 4652 2)Μιῑίλ.11,ῖῖ.
923 4592 948 4654 3)
968 4593 1038 4642 Ηείιι.
1060 4595 1081 4654 1,
1101 4593 1128 4654 3.¹
1209 4596 1234 4654 4)
1253 4596 1316 4646 Ρειί.
1335 4595 1367 4646 36
1387 4591 1441 4661 [35.

212 4665 300 4735 Lxx.]‚
322 4669 360 4718 10.
430 4663 630 4733 5)ssar.3,12.
703 4661 936 4722 6)1erem.2‚13.
1007 4662 1115 4720 'Illum
1138 4662 1218 4722 14,6.
