3226 5280
239 371 281 434 50
536 409 542 414 -
641 380 668 424 ε.
682 379 837 424 numu
851 379 1074 424 ιιιοιιιινιεεοιι

153 543 231 588 m
239 535 298 598 τοῦ
320 531 429 617 λόγου,
453 525 558 606 οῦτως
580 525 705 605 εἰκόνος
726 520 827 592 αῦτοῦ
850 549 1001 605 ουτος
967 524 1001 594 έ
1024 519 1112 612 αῦτῷ
1136 523 1324 612 ἐκτίσθη
1287 553 1331 595 τοι
1345 527 1466 596 πάντα.

239 629 402 710 οῦτωςόέ
423 655 475 708 τις
496 632 654 715 περὶτοῦ
676 634 790 714 κυρίου
813 625 1056 711 διανοούμενος,
1078 622 1116 694 οῦ
1139 627 1337 751 προςκόψει
1346 634 1394 717 τῷ
1417 630 1469 698 λί-

238 740 293 820 θην
315 736 374 799 τοῦ
397 730 696 816 προςκόμματος“),
720 724 805 794 ἀλλὰ
826 729 951 813 μᾶλλον
974 727 1175 814 πορεύσεται
1196 728 1283 815 πρὸς
1302 731 1362 817 τὴν
1384 731 1469 816 λάμ

238 848 301 920 ψιν
323 840 494 900 κατέναντι
514 834 573 898 τοῦ
596 829 709 919 φωτὸς
729 833 789 950 της
810 825 987 916 ἀληθείας·
1009 833 1108 897 τοῦτο
1129 829 1191 916 γὰρ
1206 827 1311 911 όντως
1325 831 1449 899 έστί
1409 857 1469 922 της

238 932 418 1055 ’ἀληθείας
450 932 489 999 τὸ
526 931 694 1019 φρόνημα,
731 925 790 1018 κᾷν
819 930 1042 1016 όιαρῤαγῶσιν
1071 921 1166 997 οὗτοι
1193 934 1466 1019 φιλονεικοῦντες,

237 1035 320 1124 μήτε
340 1033 398 1101 τὸν
420 1032 503 1100 θεὸν
526 1030 714 1118 σεβόμενοι,
744 1030 827 1119 μήτε
847 1030 926 1110 τοὺς
948 1031 982 1098 ἐκ
1003 1036 1069 1098 τῶν
1092 1027 1297 1113 ἀποδείξεων
1319 1032 1468 1120 ἐλέγχους

238 1135 481 1224 ἐντρεπόμενοι.

325 1244 373 1306 18.
423 1238 465 1304 Οί
491 1238 552 1321 μέν
576 1225 633 1302 οῦν
656 1236 733 1319 περί
755 1229 916 1318 Εῦσέβιον
939 1231 1045 1312 οῦτως
1067 1234 1292 1320 ἐξεταζόμενοι
1312 1234 1388 1302 τότε
1409 1236 1468 1302 διὰ

198 1363 201 1370 ’
237 1341 373 1406 πολλῶν
394 1342 448 1406 καί
471 1335 684 1423 καταγνόντες
706 1335 842 1414 ἑαυτῶν,
865 1335 958 1402 καθὰ
979 1347 1156 1422 προεῖπον,
1180 1333 1387 1422 ὑπέγραψαν,
1410 1339 1465 1404 καί

238 1439 452 1528 μεταγνόντες
473 1435 640 1528 ἠρέμησαν
661 1440 716 1504 καί
739 1432 955 1523 ἀνεχώρησαν.
1002 1437 1117 1524 ἐπειδὴ
1141 1439 1177 1504 δὲ
1192 1427 1287 1505 οὗτοι
1300 1437 1465 1504 νεανιευό-
1497 1440 1500 1450 “

154 1573 157 1582 ⁴
237 1567 332 1628 μενοι
352 1546 427 1620 ταῖς
449 1535 617 1624 ἀσεβείαις
638 1540 691 1604 καλ
715 1538 983 1616 σκοτοδινιῶντες
1005 1542 1081 1623 περὶ
1104 1536 1162 1622 τὴν
1184 1533 1346 1627 ἀλήθειαν
1362 1534 1465 1633 ,οῦδὲν

140 1716 148 1732 ,
239 1645 349 1730 ἕτερον
370 1639 391 1731 6
411 1644 603 1729 κατηγορεῖν
624 1638 682 1726 τὴν
705 1638 843 1706 σύνοδον
866 1638 1098 1725 ἐπιχειροῦσιν,
1123 1639 1313 1706 εἰπάτωσαν
1334 1635 1414 1728 ἡμῖν
1430 1639 1466 1706 έκ

237 1751 346 1812 ποίων
377 1740 470 1810 αὐτοὶ
501 1744 637 1828 γραφῶν
663 1739 846 1825 μαθόντες,
876 1735 898 1827 6
924 1740 1017 1826 παρὰ
1044 1748 1134 1820 τίνος
1154 1744 1220 1807 τῶν
1243 1737 1344 1826 ἁγίων
1367 1737 1465 1808 άκοό-

238 1871 368 1926 σαντες,
398 1842 693 1929 συμπεφορήκασιν
722 1841 853 1920 ἑαυτοῖς
875 1840 1034 1928 ῥημάτια,
1063 1842 1102 1908 τό
1125 1841 1160 1922 ἐξ
1181 1835 1239 1909 οῦκ
1261 1839 1381 1923 όντων,
1408 1845 1465 1910 καί

238 1945 296 2014 οὐκ
316 1937 355 2032 ἦν
377 1948 457 2032 πρὶν
479 1946 639 2031 γεννηθῇ,
665 1945 720 2008 καί
753 1941 792 2007 τὸ
820 1932 859 2028 ἦν
882 1965 967 2010 ποτε
995 1939 1051 2010 ὅτε
1073 1938 1131 2009 οῦκ
1152 1932 1208 2030 ἦν,
1236 1945 1289 2008 καὶ
1312 1942 1351 2009 τό
1373 1948 1466 2031 1’τρε-

237 2047 332 2127 πτόν,
355 2050 409 2112 καί
431 2045 470 2111 τὸ
492 2043 729 2130 προϋπάρχειν,
752 2046 807 2110 καὶ
829 2043 868 2109 τὸ
890 2042 1071 2130 θελήματι,
1096 2043 1129 2135 έν
1153 2039 1203 2123 οἷς
1224 2043 1308 2111 κατὰ
1329 2047 1387 2110 τοῦ
1409 2069 1466 2110 κυ-

237 2155 310 2234 ρίου
332 2147 506 2227 παίζοντες
526 2146 783 2231 μυθολογοῦσιν.
830 2139 847 2210 6
869 2146 929 2229 μέν
951 2144 1012 2231 γάρ
1034 2144 1195 2231 μακάριος
1209 2147 1347 2224 Παῦλος
1369 2146 1402 2213 έν
1424 2149 1465 2233 τῇ

237 2248 323 2335 πρὸς
348 2243 515 2334 Ἑβραίους
542 2254 642 2334 φησί·
674 2252 788 2312 πίστει
821 2249 959 2329 νοοῦμεν
987 2251 1209 2332 κατηρτίσθαι
1236 2246 1313 2325 τοῦς
1341 2247 1466 2325 αἰῶνας

238 2348 359 2436 ῥήματι
379 2353 473 2429 θεοῦ,
498 2347 549 2426 εἰς
566 2346 605 2412 τὸ
627 2355 637 2381 ⁰
643 2344 687 2434 μὴ
711 2345 746 2413 έκ
761 2350 970 2432 φαινομένων
984 2345 1023 2411 τό
1037 2346 1243 2430 βλεπόμενον
1258 2350 1463 2433 γεγονέναι’).

238 2447 306 2518 ἀλλ’
332 2446 427 2517 οῦόίν
447 2447 558 2516 κοινὸν
580 2452 627 2535 τῷ
651 2448 736 2534 λόγῳ
759 2445 845 2533 πρὸς
865 2446 943 2524 τοὺς
965 2445 1104 2525 αἰῶνας·
1128 2442 1227 2525 αότός
1248 2447 1308 2535 γάρ
1332 2447 1421 2514 ἔστιν
1444 2444 1463 2514 6

237 2551 462 2639 προῦπάρχων
490 2549 578 2637 ίπρὸ
605 2552 671 2616 τῶν
694 2547 838 2627 αἰώνων,
870 2543 918 2612 δι’
944 2537 982 2613 οὗ
1004 2550 1058 2614 καί
1082 2548 1114 2613 οἱ
1137 2548 1254 2626 αἰῶνες
1274 2547 1463 2634 γεγόνασιν·

237 2654 272 2721 έν
294 2655 330 2721 δὲ
352 2657 398 2740 τῷ
421 2658 564 2737 Ποιμένι
586 2657 786 2738 γέγραπται“
817 2647 933 2737 ἐπειδὴ
955 2652 1130 2716 καὶτοῦτο
1152 2657 1208 2716 καί
1228 2673 1282 2716 τοι
1302 2647 1346 2736 μὴ
1370 2643 1407 2714 όν
1430 2648 1465 2716 έκ

151 2768 228 2814 nm.
237 2759 296 2823 τοῦ
318 2753 455 2832 κανόνος
476 2759 703 2840 προφέρουσι·
726 2754 879 2836 ’πρῶτον
890 2750 1025 2817 πάντων
1037 2758 1227 2832 πίστευσον,
1252 2747 1465 2830 ότιείςέστιν

238 2857 256 2924 6
276 2857 374 2937 θεός,
408 2851 426 2920 6
454 2855 496 2920 τὰ
517 2853 628 2920 πάντα
650 2860 765 2931 κτίσας
785 2854 840 2918 καλ
862 2857 1077 2939 καταρτίσας,
1105 2855 1159 2917 καὶ
1182 2852 1329 2939 ποιήσας
1350 2852 1385 2919 ἐκ
1405 2855 1465 2918 τοῦ

234 2959 280 3046 μὴ
313 2956 407 3036 όντος
441 2956 488 3034 είς
514 2954 552 3020 τὸ
582 2949 667 3021 εἰναι
694 2953 736 3020 τὰ
764 2953 884 3020 πάντα.
930 2949 1015 3020 άλλὰ
1041 2956 1095 3019 καὶ
1124 2957 1222 3020 τοῦτο
1244 2954 1347 3020 πάλιν
1370 2949 1465 3021 οὐδὲν

234 3059 321 3145 πρὸς
348 3056 406 3125 τόν
433 3056 505 3124 υίόν
533 3055 620 3122 ἐστι·
654 3057 732 3141 περί
759 3054 821 3140 γὰρ
849 3059 915 3120 τῶν
937 3054 1073 3121 πάντων
1095 3055 1182 3140 λέγει
1203 3059 1268 3122 τῶν
1291 3050 1338 3121 δι’
1364 3050 1465 3122 αὐτοῦ

235 3165 426 3245 γενομένων,
451 3148 496 3225 ὧν
518 3161 571 3224 καί
596 3154 696 3234 άλλος
719 3154 807 3222 ἐστίν
830 3151 944 3233 αότός·
968 3151 1005 3220 οῦ
1021 3154 1083 3242 γὰρ
1099 3151 1170 3223 οἷόν
1184 3181 1221 3222 τε
1234 3155 1291 3222 τὸν
1308 3157 1466 3242 δημιουρ·

235 3263 357 3346 γοῦντα
377 3270 449 3336 τοῖς
470 3254 525 3324 ὑπ’
552 3253 652 3324 αῦτοῦ
675 3263 864 3342 γενομένοις
887 3265 1183 3342 συγκαταριθμεῖν,
1213 3256 1307 3344 εἰμὴ
1329 3260 1382 3322 καί
1406 3257 1465 3324 τὸν

237 3356 447 3443 ἀρχιτέκτονα
470 3369 542 3435 τοῖς
564 3353 619 3422 ὑπ’
645 3353 746 3423 αὐτοῦ
768 3363 956 3442 γενομένοις
978 3357 1221 3446 οἰκοδομήμασι
1234 3357 1291 3424 τὸν
1308 3353 1407 3424 αὐτόν
1423 3355 1464 3426 άν

235 3485 287 3538 τις
307 3461 535 3545 παραφρονῶν
558 3459 656 3541 λέγοι.
702 3458 792 3523 όιατί
813 3464 923 3524 τοίνυν
946 3452 1116 3546 άγράφους
1137 3456 1231 3526 αὐτοὶ
1254 3461 1357 3539 λέξεις
1379 3457 1466 3544 πρὸς

236 3557 390 3644 ἀσέβειαν
414 3556 623 3646 ἐφευρόντες,
647 3559 823 3625 αἰτιῶνται
843 3558 920 3638 τοῦς
941 3555 1122 3648 ’άγράφοις
1145 3562 1269 3641 λέξεσιν
1293 3559 1466 3647 εὐσεβοῦν-

233 3671 312 3742 τας,
344 3659 383 3725 τὸ
404 3661 465 3744 μὲν
486 3657 547 3744 γάρ
571 3653 703 3742 άσιβείν
725 3661 897 3738 παντελῶς
918 3661 1113 3741 κεκώλυται,
1136 3657 1196 3748 κᾶν
1217 3664 1385 3740 ποικίλοις
1407 3661 1466 3748 ῥή-

234 3783 318 3845 μασι
339 3763 392 3826 καὶ
416 3765 581 3838 πιθανοῖς
604 3766 792 3846 σοφίσμασι
814 3760 1027 3845 περιβάλλειν
1050 3757 1131 3828 αότό
1153 3787 1204 3840 τις
1227 3761 1392 3849 ἐπιχειρῇ·
1424 3761 1463 3828 τὸ
1517 3771 1521 3778 ’

235 3863 272 3928 δὲ
295 3857 451 3946 εῦσεβείν-
470 3857 563 3928 ὅσιον
591 3858 685 3945 παρὰ
717 3864 822 3926 πᾶσιν
852 3858 1076 3950 ὡμολόγηται,
1106 3859 1166 3950 κᾷν
1188 3862 1390 3944 ξενιζσόσαις
1412 3863 1466 3928 λέ-

235 3965 306 4042 ξεσί
326 3987 378 4039 τις
397 3963 572 4050 χρήσηται,
603 3963 665 4042 ἕως
685 3961 787 4047 μόνον
810 3958 829 4028 6
852 3965 954 4049 λέγων
977 3959 1107 4050 εὐσεβὲς
1129 3966 1219 4048 Ιἰέχοι
1237 3964 1277 4030 ’τὸ
1301 3964 1463 4052 φρόνημα,

233 4062 289 4129 καί
318 4057 366 4128 δι’
390 4059 516 4142 αὐτῶν,
549 4062 567 4129 6
589 4064 749 4150 νενόηκεν,
774 4058 917 4150 εῦσεβῶς
938 4065 1094 4152 βούλεται
1115 4071 1295 4153 σημαίνειν.
1340 4063 1464 4146 τὰμὲν

305 4249 518 4310 1)nom.'9‚32.
589 4251 615 4310 2)
634 4251 706 4303 Hebr.
726 4253 766 4312 ¹1,
786 4253 810 4304 3.

268 4398 290 4431 ι.
310 4383 366 4444 Ηις.
385 4375 528 4446 εὐσεβείας
876 4388 944 4451 prius
963 4401 992 4434 ιο
1011 4385 1122 4442 existere,
1141 4399 1170 4433 ια
1187 4383 1292 4448 deniquo
1310 4385 1463 4433 ιΡκίιειιοιι

267 4450 291 4497 b.
306 4449 399 4512 Nempe
411 4451 490 4498 Αιιιιιι
509 4451 635 4510 docebant,
653 4453 755 4503 Verbum
769 4469 823 4504 esse
877 4462 961 4502 αιισιιι
979 4451 1021 4499 sed
1039 4421 1160 4499 ιοΙιιιίειε
1179 4465 1234 4500 esse
1254 4452 1407 4513 productum,
1426 4451 1466 4500 id-

233 4517 357 4566 mutabilis
377 4525 486 4574 naturae
506 4519 537 4565 ita
555 4527 581 4567 ιι
599 4535 626 4568 ει
644 4521 673 4570 τό
686 4521 821 4570 bonumve!
876 4533 922 4584 que
941 4518 989 4567 inis
1008 4518 1106 4566 vocibus
1125 4519 1177 4578 εἰςιν
1165 4517 1283 4568 ιιίίίιεῑιιι.

233 4583 322 4632 malum
350 4592 433 4647 posset
460 4593 614 4648 convertam
641 4588 735 4638 Patrem
763 4590 820 4638 item
908 4585 1226 4646 ι.81οίίιχ.ιιιιίθιιί
1247 4575 1463 4636 όιίυιιταιιίοὶιι
