3258 5276
538 417 647 462 omrro
662 419 694 464 ιι.
711 419 827 464 eornm
840 420 978 464 munos.
1311 405 1374 469 stt

142 571 238 635 Deum
260 573 476 648 promotorem,
510 565 555 629 sie
582 575 613 630 et
639 562 707 648 ipse'
733 567 872 632 dominus
898 579 1006 632 noster
1026 579 1074 633 est
1094 572 1197 634 indus.
1241 569 1303 634 Neo
1324 571 1461 634 ilienses.

145 681 215 734 mne
236 686 306 731 esse
334 667 457 748 eoepit‚-
476 668 529 732 sed
560 686 618 730 nos
647 687 715 731 eum
743 669 896 732 dominum
924 669 1035 732 hebere
1057 671 1254 751 incoepimus.
1298 674 1372 736 Nem

145 769 319 848 Dens,.qui
340 768 438 830 bonrrs
459 777 508 830 est
528 777 559 830 et
579 767 668 831 Pater
689 769 823 843 Domini,
855 769 1061 831 misericordia
1089 781 1188 832 motus
1210 773 1374 854 volensque

145 881 236 934 uotus
259 869 397 932 omnibus
418 869 500 944 fieri,
528 868 614 942 iecit,
641 877 675 931 ut
703 889 777 932 suus
799 869 893 932 Filius
917 887 1027 950 eorpus
1056 869 1216 932 humanum
1239 873 1377 936 indueret

146 973 297 1050 homoque
317 970 403 1032 fieret
425 979 455 1032 et
475 977 632 1032 roeeretur
652 970 754 1058 Iesus,
783 979 816 1033 ut
837 971 868 1032 in
892 989 928 1032 eo
951 989 1078 1052 corpore
1101 989 1157 1052 pro
1181 965 1320 1034 om‘nibus
1343 991 1376 1034 se

148 1073 278 1135 offerens
300 1089 406 1133 omnes
433 1069 571 1133 idolatria
599 1079 630 1132 et
650 1071 842 1150 corruptione
863 1071 1004 1134 liberaret
1026 1090 1061 1134 ao
1082 1071 1216 1134 omnium
1239 1072 1377 1135 dominus

146 1180 176 1236 et
196 1191 250 1233 rex
272 1171 366 1234 tieret.
410 1169 486 1232 Eum
508 1189 578 1250 ergo
600 1171 657 1233 hee
677 1171 792 1235 muone
817 1155 970 1234 dominum
992 1179 1020 1234 et
1042 1191 1143 1252 regern
1166 1174 1275 1235 iactum
1298 1191 1378 1248 esse,

144 1273 298 1353 idipsum
320 1271 468 1351 estquod
489 1273 595 1334 Petrus
617 1272 672 1334 eit:
694 1272 775 1336 Fecit
796 1293 862 1336 eum
884 1275 1037 1336 dominum
1059 1284 1088 1336 et
1111 1275 1267 1338 Christum
1285 1279 1377 1356 misit,
1468 1259 1473 1264 ⁵

145 1374 227 1454 quod
253 1373 334 1436 idem
362 1380 410 1435 est
438 1393 473 1436 ao
498 1373 526 1436 si
555 1372 681 1448 diceret,
709 1373 828 1436 Patrem
858 1393 925 1436 eum
955 1374 1065 1436 ieeisse
1091 1373 1253 1438 bominem.
1297 1375 1378 1438 Fieri

146 1474 226 1544 enim
248 1474 404 1555 proprium
432 1483 480 1538 est
500 1475 665 1538 hominum.
708 1475 770 1538 Nee
790 1493 863 1537 vero
886 1493 953 1538 eum
975 1474 1163 1537 solummodo
1185 1476 1255 1538 iecit
1273 1475 1375 1556 bomi-

144 1593 226 1652 nem,
250 1576 304 1638 sed
326 1577 410 1638 utin
433 1595 539 1638 omnes
562 1577 766 1656 dominaretur
788 1595 902 1656 eosque
923 1576 1066 1639 unedone
1087 1585 1205 1639 senetos
1227 1578 1375 1640 redderet.

144 1677 221 1738 Ναιιι
244 1677 300 1738 etsi
320 1677 450 1738 Verbum
472 1676 503 1737 in
525 1679 620 1738 torma
641 1677 694 1739 Dei
717 1677 848 1739 existens
871 1676 949 1740 servi
971 1678 1097 1739 formem
1119 1679 1248 1758 aceepit,
1276 1679 1373 1740 earnis

145 1787 249 1838 temen
270 1777 415 1838 assumtio
437 1775 579 1851 Verbum,
601 1776 652 1855 qui
673 1777 813 1840 dominus
835 1781 940 1840 nature
961 1787 1035 1851 erat,
1058 1797 1177 1842 servum
1193 1797 1254 1840 non
1269 1778 1377 1852 etieoit,
1486 1851 1488 1858 Ι

148 1875 205 1938 sed
226 1875 394 1938 universam
417 1875 520 1955 potius
542 1876 696 1939 bominum
716 1884 852 1940 naturam
873 1879 972 1958 ipsum
987 1879 1117 1941 Verbum
1131 1878 1277 1952 liberavit,
1298 1878 1379 1958 quod

147 1975 296 2048 Verbum,
325 1977 374 2056 qui
396 1984 501 2038 nature
522 1975 667 2040 Dominus
690 1987 775 2052 eret,
798 1979 885 2041 etism
907 1982 1001 2044 foetus
1023 1981 1114 2042 homo
1136 1998 1191 2060 per
1212 1979 1292 2040 servi
1313 1980 1378 2040 ior-

145 2095 237 2140 mnm.
251 2076 383 2138 omnium
404 2077 500 2140 iaetus
521 2086 569 2140 est
590 2077 728 2140 dontinus
751 2087 782 2140 et
803 2079 957 2154 Christus,
985 2079 1016 2142 id
1038 2091 1098 2153 est,
1130 2087 1164 2141 ut
1192 2097 1297 2142 omnes
1325 2096 1380 2158 per

146 2178 293 2259 Spiritum
315 2173 519 2241 sanctificaret.
563 2178 658 2258 Atque
681 2188 713 2241 ut
734 2179 827 2253 Deus,
848 2180 944 2242 iaetus
967 2179 997 2242 in
1013 2180 1105 2242 Deum
1128 2188 1327 2260 protectorem
1349 2187 1380 2242 et

146 2278 268 2340 dieens:
290 2277 353 2342 liro
374 2280 438 2343 iliis
459 2277 553 2352 Deos,
576 2297 638 2341 non
662 2287 732 2342 tune
753 2280 848 2359 magis
871 2281 904 2344 iit
925 2280 1006 2343 Deus
1028 2279 1074 2342 rei
1095 2281 1158 2344 tieri
1181 2281 1299 2362 incipit,
1323 2281 1377 2344 sed

146 2380 228 2460 quod
251 2397 370 2459 semper
391 2387 454 2454 est,
487 2380 516 2442 id
547 2379 635 2444 etiem
657 2381 691 2442 tit
717 2380 935 2460 indigentibus,
965 2400 1031 2444 oum
1059 2381 1116 2462 ipsi
1146 2381 1306 2461 pteeuerit3
1338 2380 1379 2440 its

145 2501 265 2562 qnoque
287 2482 439 2557 Christus,
473 2482 525 2562 qui
552 2489 658 2542 neturn
686 2480 825 2546 dominus
854 2491 884 2544 et
911 2500 963 2544 rex
991 2481 1192 2561 sempiternus
1221 2489 1379 2572 est‚·non

144 2585 240 2664 magis
262 2585 295 2646 dt
316 2584 457 2646 domiuus
480 2589 544 2642 tum
566 2599 633 2644 erim
655 2582 789 2658 mittitur,
812 2601 908 2664 neque
930 2583 1071 2646 dominus
1093 2590 1124 2644 et
1144 2600 1197 2644 rex
1217 2599 1288 2642 esse
1309 2587 1381 2640 tune

148 2683 262 2761 incipit,
286 2683 338 2744 sed
360 2682 443 2760 quod
463 2699 582 2759 sempor
605 2688 661 2752 eet,
683 2681 741 2744 hoo
760 2684 858 2762 ipsum
875 2694 945 2746 turre
966 2684 1054 2746 etiam
1072 2683 1237 2744 seeundum
1259 2695 1380 2742 earnem

149 2781 248 2842 iaetus
270 2789 332 2852 est,
361 2778 559 2857 omnibusque
587 2779 749 2862 redemptis
777 2784 811 2844 fit
838 2801 956 2862 quoque
976 2783 1036 2844 hoe
1057 2783 1146 2842 modo
1170 2780 1329 2842 viventium
1351 2785 1383 2839 et

149 2889 340 2943 mortuorum
362 2880 513 2941 dominus.
555 2881 617 2942 tem
639 2881 717 2944 enim
740 2883 809 2944 inde
823 2883 922 2944 omnis
938 2882 996 2961 ipsi
1011 2882 1155 2952 serviunt,
1178 2881 1268 2959 idque
1282 2880 1382 2958 ipsum

149 2989 214 3057 est,
243 2980 324 3059 quod
346 2980 425 3041 oanit
445 2978 551 3040 David:
581 2980 669 3044 urso
689 2983 837 3046 Dominus
860 2982 989 3046 Domino
1010 2999 1093 3052 meo,
1121 2981 1189 3042 sede
1217 2981 1379 3042 odeorru

148 3087 225 3146 meis
248 3083 343 3144 dooee
366 3098 484 3162 porram
509 3083 647 3142 im'orieos
677 3093 745 3145 tuoe
773 3082 936 3144 scabeilum
961 3081 1072 3161 pedem
1100 3089 1234 3142 reorum.
1277 3077 1381 3158 Neque

147 3184 231 3247 enim
254 3181 377 3244 decebat
397 3200 453 3262 per
475 3180 563 3243 alium
586 3181 802 3244 redemtionem
825 3182 900 3254 tisri,
922 3198 1010 3260 quam
1029 3199 1084 3260 per
1105 3199 1182 3252 eum,
1204 3180 1254 3260 qui
1276 3187 1380 3242 notum

146 3283 290 3347 dominus
312 3293 391 3357 eret,
420 3301 458 3344 ne
479 3300 535 3362 per
556 3281 650 3345 tilium
673 3284 764 3345 creati
786 3282 874 3345 alium
897 3281 1111 3362 appelleremus
1132 3281 1307 3355 Dominum,
1330 3287 1376 3342 et·

147 3600 341 3662 tuterunt..
359 3601 383 3650 io
402 3615 450 3666 qno
469 3610 494 3652 ot
513 3603 569 3652 etin
582 3602 653 3652 editis
667 3600 736 3652 deest
789 3602 887 3654 (tobim.
906 3611 931 3652 et
943 3599 1047 3666 Feieirm.
1058 3601 1080 3650 t.
1100 3593 1162 3649 τότε
1178 3595 1287 3666 γίνεται
1303 3594 1378 3656 erte,

149 3660 243 3722 οὕτως.
282 3669 334 3718 iton
352 3669 451 3730 Seguer.
471 3665 617 3720 τουτέστιν.
645 3671 736 3720 ibidem
789 3661 844 3720 ttt’
863 3661 930 3738 ὅπερ
949 3680 994 3720 eto
1018 3671 1116 3718 omissis
1141 3669 1300 3718 intermediis.
1336 3665 1380 3716 stit

147 3737 275 3798 segitem
295 3729 327 3783 τὸ
352 3729 446 3800 ἔλεγεν.
483 3737 542 3786 item
560 3739 661 3797 segner.
680 3737 735 3786 ibid.
788 3747 812 3786 st
839 3739 895 3786 editi
924 3747 979 3800 poet
1003 3735 1133 3801 γίνεσθαι
1165 3739 1279 3784 omittunt
1309 3725 1380 3786 θεός.

149 3803 248 3854 Gobter.
267 3811 290 3854 et
307 3803 412 3854 ueterem.
422 3803 444 3854 l.
454 3804 508 3854 eid.
527 3795 616 3870 ἔλεγεν
626 3799 735 3869 Πέτρος.
790 3805 850 3854 ibid.
866 3807 968 3855 Frictm.
979 3805 1001 3853 t.
1020 3799 1066 3852 eoi
1084 3801 1142 3854 tote
1160 3792 1325 3867 ἀνθρώποις
1338 3793 1380 3865 yi-

182 3905 201 3953 s·
219 3905 358 3966 Sessorium
383 3905 440 3965 neg.
466 3911 490 3954 et
513 3904 649 3955 detrimen.
667 3905 691 3954 4.
709 3899 742 3952 δέ
788 3884 865 3920 mm
883 3867 1032 3934 “w‘'m·

151 3973 272 4021 omittnnt
825 3972 847 4018 Ιι.
866 3972 966 4030 Segner.
985 3969 1040 4030 Res.
1060 3967 1165 4016 Frieim.
1183 3968 1207 4018 4,
1225 3976 1249 4018 ei
1266 3969 1289 4018 5,
1306 3959 1381 4016 χρη

184 4071 371 4134 ςκῖεΙοΙιιιιιιιι.
390 4071 414 4124 4.
438 4061 542 4130 ἐδήλου.
585 4067 661 4118 Penio
685 4077 743 4131 post
786 4027 910 4101 χρωτός·
945 4035 991 4084 ΑΜ
1009 4043 1032 4084 ‘¹
1051 4035 1108 4083 ‘⁶⁵¹5
1124 4027 1306 4104 “310²‘'st-

150 4136 252 4200 Seguer.
271 4153 307 4198 ην
319 4131 458 4205 γινομένη.
490 4137 581 4188 ibidem
601 4135 699 4186 Gobler.
718 4142 742 4186 st
825 4135 843 4184 1.
862 4136 961 4196 signer.
981 4135 1257 4187 untimsrretetmm.
1272 4129 1319 4184 καὶ
1336 4113 1383 4186 ὅτὲ

151 4205 260 4256 Feletm.
281 4207 302 4256 l.
320 4199 383 4271 περὶ
399 4203 449 4254 τοῦ
465 4199 558 4270 λόγου.
790 4197 861 4253 κατὰ
880 4195 969 4271 σάρκα
985 4198 1144 4264 πεποίηται,
1163 4197 1381 4268 λυτρωσάμενος.

186 4306 209 4354 b.
229 4306 329 4368 Seguer.
350 4307 594 4358 Gabienetfeietm.
609 4307 630 4355 1.
648 4295 741 4373 κύριος
827 4321 859 4356 ιιι.
878 4306 977 4368 Segorr.
996 4314 1019 4355 et
1032 4305 1170 4356 deiciemt.
1189 4298 1286 4367 ψάλλει
1302 4299 1347 4353 καὶ
1366 4298 1382 4354 d

150 4367 246 4438 λόγος,
272 4381 297 4423 ut
322 4382 345 4424 et
368 4375 474 4423 Neruius
499 4373 564 4438 tegit.
600 4373 626 4424 ln
646 4374 700 4422 otiis
718 4379 742 4423 et
792 4367 886 4438 Δαβίδ.
923 4373 967 4423 titi
987 4381 1011 4424 et
1028 4376 1084 4423 editi
1104 4365 1201 4436 ψάλλει
1218 4367 1312 4437 Assio.

151 4441 222 4490 editis
248 4441 317 4491 deest
333 4433 419 4505 λόγος.
456 4441 546 4494 ibidem
564 4441 613 4490 καί
628 4443 741 4492 omittunt
825 4491 849 4525 n·
868 4476 966 4535 senum
985 4475 1084 4526 Gom&
1102 4473 1275 4523 ‘gethem
1293 4463 1383 4530 m?

152 4507 250 4560 om*
268 4516 293 4559 ἰ
309 4509 414 4559 mm
434 4509 459 4564 ι’
791 4536 839 4590 διὰ
862 4541 912 4590 τοῦ
936 4535 1020 4610 meimet
1036 4535 1150 4610 κυρίου,
1184 4531 1230 4587 ἵνα
1252 4533 1300 4588 διὰ
1323 4531 1384 4586 otet'r

183 4607 201 4660 i.
218 4610 261 4661 Sio
284 4611 383 4673 Serner.
408 4609 464 4673 use.
486 4618 511 4661 et
527 4609 634 4662 t'etrtm.
651 4607 676 4658 d.
713 4607 741 4658 tr
790 4606 843 4674 ptr
861 4620 906 4660 ete.
