3236 5286
217 391 276 456 198
613 407 639 450 s.
654 405 808 450 ετιιιωειι
823 405 1045 450 nemmem

125 552 309 644 ο.ινο.ἥλιον
331 550 418 641 δρῦν
439 552 650 622 πυνθάνοιτο
672 557 749 640 περὶ
771 555 831 620 τοῦ
854 546 1116 639 άπαυγάσματος
1138 553 1193 620 καί
1214 551 1322 638 λέγοι·
1351 547 1370 618 ό
1393 546 1442 618 ών

213 656 252 724 τὸ
279 656 325 742 μὴ
348 649 386 722 όν
408 661 590 744 πεποίηκεν
611 648 633 742 ἢ
654 648 693 720 όν
715 647 796 721 αῦτὸ
819 660 1021 741 πεποίηκενς
1053 649 1093 722 οῦ
1115 654 1293 744 ·σώφρονα
1314 652 1398 735 ἔχειν
1420 649 1442 718 ό

212 759 365 835 τοιοῦτος
396 756 555 842 λογισμὸν
582 753 840 844 νομισθήσεται,
876 749 946 820 ἀλλ’
970 753 1189 842 έμβρόντητος
1217 748 1257 821 άν
1286 754 1352 840 εἴη,
1386 750 1443 821 ότι

213 854 302 936 όλως
325 851 345 924 ό
367 856 457 924 ἐστιν
480 855 514 924 ίκ
535 859 594 922 τοῦ
610 856 732 944 φωτός,
755 861 769 896 ¹*
776 858 875 922 τοῦτο
891 855 1017 935 ἔξωθεν
1033 857 1164 925 ἐπινοεῖ
1177 855 1233 924 καὶ
1247 854 1328 942 περὶ
1341 857 1442 921 τοῦτο

215 957 332 1046 ἰρωτᾷ,
355 958 441 1026 πότε
460 955 518 1025 καί
538 960 607 1024 ποῦ
628 959 683 1023 καί
705 951 762 1024 ότι
783 955 840 1023 καὶ
861 956 890 1024 εἰ
911 967 1114 1046 πεποίηται·
1137 954 1243 1036 οῦτως
1257 955 1314 1023 καί
1328 952 1347 1022 ό
1363 953 1445 1040 περὶ

213 1063 274 1127 τοῦ
296 1059 369 1126 υίοῦ
390 1062 445 1126 καί
467 1061 526 1125 τοῦ
548 1057 677 1143 πατρὸς
697 1060 838 1124 τοιαῦτα
858 1057 1068 1144 λογιζόμενος
1088 1061 1141 1126 κἀἰ
1165 1055 1253 1125 οῦτω
1268 1056 1443 1126 πυνθανό-

214 1183 314 1246 μενος
335 1161 450 1245 πολλῷ
471 1160 599 1244 μᾶλλον
620 1157 696 1245 οτὴν
716 1165 839 1243 μανίαν
860 1159 996 1244 μείζονα
1018 1155 1058 1228 άν
1081 1161 1158 1244 ἔχοι,
1182 1155 1237 1228 ότι
1259 1159 1318 1227 τὸν
1334 1159 1368 1226 ἰν
1381 1161 1440 1225 τοῦ

215 1260 344 1347 πατρὸς
365 1259 461 1346 λόγον
485 1260 610 1339 έξωθεν
632 1255 722 1346 αὐτῷ
746 1259 925 1346 έπειςάγει,
954 1264 1009 1328 καὶ
1041 1260 1080 1327 τὸ
1110 1260 1212 1350 φύσει
1231 1267 1374 1349 γέννημα
1395 1255 1444 1339 ώς

215 1369 346 1450 ποίημα
367 1362 570 1447 ’σκιαλογών
598 1362 700 1447 λέγει·
730 1358 788 1428 οῦκ
809 1351 848 1448 ἦν
871 1361 952 1448 πρὶν
972 1365 1125 1450 γεννηθῇ.
1171 1356 1379 1429 άκουέτωοαν
1402 1362 1440 1427 δὲ

215 1461 307 1548 ὅμως
337 1461 393 1528 καί
420 1461 506 1547 πρὸς
533 1461 592 1548 τὴν
621 1461 780 1550 ἐρώτησιν
802 1456 928 1542 αὐτῶν,
961 1459 1016 1530 ότι
1037 1459 1056 1530 ό
1079 1457 1124 1529 ών
1147 1461 1257 1548 πατὴρ
1279 1460 1337 1527 τὸν
1358 1457 1440 1528 ὄντα

214 1561 288 1631 υίόν
310 1561 483 1649 ἐποίησεν·
513 1558 615 1650 όγὰρ
638 1562 736 1648 λόγος
758 1562 842 1648 σάρξ
863 1562 987 1650 ἐγένετο
997 1568 1032 1644 ¹),
1066 1562 1123 1630 καὶ
1143 1559 1224 1629 ὄντα
1244 1557 1344 1628 αὐτόν
1365 1559 1440 1628 υίόν

213 1665 299 1731 θεοῦ
322 1663 478 1746 ἐποίησεν
500 1663 558 1731 ἰπὶ
580 1665 749 1751 συντελείᾳ
770 1666 836 1730 τών
859 1663 988 1730 αἰώνων
1008 1663 1065 1730 καὶ
1078 1662 1167 1730 ὐίὸν
1189 1660 1383 1748 ἀνθρώπου,
1408 1661 1438 1729 εἰ

212 1763 260 1852 μὴ
294 1763 359 1852 άρα
389 1763 474 1832 κατά
500 1763 558 1832 τὸν
579 1771 777 1849 Σαμοσατία
804 1765 889 1853 μηδὲ
917 1759 1002 1832 εἰναι
1030 1759 1130 1832 αὐτόν
1151 1766 1231 1850 πρίν
1254 1761 1439 1848 άνθρωπον

214 1871 373 1952 γενέσθαι
405 1867 541 1934 εἴποιεν.
586 1865 643 1932 καί
672 1865 758 1952 πρὸς
789 1867 850 1951 μὲν
881 1865 940 1953 τὴν
968 1865 1103 1954 πρώτην
1140 1860 1247 1934 αῦτών
1280 1863 1441 1951 ἐρώτησιν

215 1967 311 2034 ίκανὰ
331 1970 436 2034 ταῦτα
456 1961 535 2053 παρ’
558 1962 660 2055 ἡμῶν.

300 2075 350 2136 26.
392 2063 500 2152 Ὑμεῖς
522 2069 566 2148 δέ,
591 2059 814 2154 ώἈρειανοί,
837 2071 903 2134 τών
919 2067 1014 2135 ἰδίων
1029 2068 1155 2135 ἑαυτῶν
1176 2067 1345 2156 Ξῥημάτων
1359 2092 1442 2156 μνη-

210 2168 407 2254 μονεύοντες
429 2167 565 2236 εἴπατεί
595 2165 614 2236 ό
637 2163 682 2236 ών
704 2171 762 2235 τοῦ
783 2167 829 2253 μὴ
849 2164 945 2245 όντος
968 2167 1096 2254 λ’γρηζεν
1118 2166 1166 2246 εἰς
1188 2166 1333 2256 τὴντῶν
1355 2168 1442 2234 πάν-

212 2293 281 2336 των
303 2269 532 2356 δημιουργίαν,
556 2264 578 2358 ἢ
599 2267 695 2348 ὄντος
717 2263 817 2335 αὐτοῦ
840 2267 986 2353 ίχρηζενς
1021 2267 1171 2353 εἰρήκατε
1191 2268 1269 2354 γάρ·
1301 2265 1439 2356 ὄργανον

213 2369 321 2456 ἑαυτῷ
342 2369 400 2437 τὸν
421 2369 494 2439 υίίιν
516 2371 550 2438 ἰν
571 2373 630 2438 τοῦ
652 2369 696 2458 μὴ
720 2367 816 2449 όντος
835 2368 1077 2448 κατεσκεύασεν,
1101 2370 1158 2435 ίνα
1180 2363 1227 2435 δι’
1244 2364 1346 2436 αὐτοῦ
1362 2393 1441 2436 ποι-

212 2469 276 2558 ήσῃ
299 2469 342 2538 τά
362 2471 482 2539 πάντα.
527 2487 540 2524 ¹
547 2478 581 2539 τί
603 2461 660 2539 οῦν
683 2471 755 2538 ἰστι
775 2472 915 2556 βέλτιον,
938 2468 977 2536 τὸ
997 2469 1122 2554 χρῇζον,
1146 2464 1168 2556 ἢ
1188 2469 1227 2535 τὸ
1249 2470 1307 2556 τὴν
1327 2479 1443 2556 χρείαν

215 2566 444 2662 άναπληροῦνς
478 2567 499 2659 ἢ
522 2567 695 2661 άμφότερα
709 2571 751 2638 τά
766 2571 920 2639 ἰνδέοντα
935 2565 1083 2660 άλλήλων
1099 2564 1346 2657 άναττληροῦσι,Ι
1368 2595 1443 2637 τοι-

214 2675 302 2741 αῦτα
328 2673 389 2760 γάρ
419 2675 568 2759 λέγοντες
594 2677 653 2740 τοῦ
674 2671 1000 2752 ὶκατασκευάσαντος
1020 2671 1147 2756 μᾶλλον
1169 2665 1348 2738 άσθένειαν
1370 2673 1442 2740 δει-

212 2773 333 2855 κνόετε,
358 2774 387 2842 εἰ
407 2774 452 2859 μὴ
474 2777 529 2841 καί
549 2773 653 2859 μόνος
675 2774 788 2856 ἰόχυσε
811 2773 1052 2862 δημιουργῆοαι
1072 2771 1115 2838 τά
1129 2772 1248 2852 πάντα,
1272 2767 1341 2840 ἄλλ’
1360 2773 1444 2852 ἔξω·

211 2877 277 2942 θεν
307 2873 413 2963 έαυτηῦ
444 2873 583 2962 όργανον
605 2875 749 2955 ἐπινοεῖ,
783 2870 892 2960 ώςπερ
915 2880 1036 2940 τέκτων
1058 2868 1079 2961 ἢ
1100 2873 1268 2961 ναυπηγός
1295 2899 1362 2954 τις,
1395 2873 1441 2959 μὴ

214 2976 394 3062 δυνάμενος
421 2971 533 3044 ὁτιοῦν
561 2976 784 3062 ῑέργάσασθαι
809 2977 910 3060 χωρίς
932 2975 1118 3060 σκεπάρνου
1139 2977 1193 3042 καί
1216 2981 1363 3060 πρίονος.
1407 2980 1442 3041 τί

214 3066 273 3144 οῦν
295 3077 413 3145 τοότου
436 3073 670 3166 άσεβέστερονς
703 3072 725 3165 ἢ
746 3083 779 3144 τί
801 3077 854 3144 δεῖ
876 3072 1056 3162 διατρίβειν
1079 3072 1165 3154 όλως
1187 3075 1221 3142 έν
1242 3075 1374 3154 τούτοις
1396 3071 1443 3154 ὡς

214 3175 353 3258 δεινοῖς,
388 3173 558 3266 αῦταρκεῦν
591 3178 695 3248 άντων
728 3181 794 3246 τών
822 3182 1070 3263 προειρημένων
1099 3177 1220 3255 δεῖξαι,
1251 3183 1442 3264 φαντασίαν

211 3271 316 3359 μόνον
345 3271 431 3343 εἰναι
459 3279 503 3344 τά
527 3276 606 3364 παρ’
637 3275 762 3361 αῦτώνς
796 3277 882 3362 πρὸς
910 3277 946 3342 δί
974 3276 1032 3364 τὴν
1061 3277 1174 3362 ίτέραν
1203 3272 1312 3344 αῦτών
1335 3273 1439 3364 εόήθη

213 3372 303 3442 πάνυ
324 3374 381 3441 καὶ
399 3375 515 3460 μωρὰν
537 3379 694 3458 ἐξέτασιν,
716 3376 756 3464 ἣν
775 3376 862 3462 πρὸς
871 3375 917 3441 ’τά
931 3376 1126 3461 γυναικάρια
1140 3383 1327 3459 ποιοῦνται,
1345 3373 1440 3444 οῦδὲν
1514 3393 1520 3404 “

212 3473 275 3559 μέν
297 3473 401 3541 πάλιν
424 3469 501 3541 οῦδὲ
522 3480 600 3562 περὶ
621 3475 743 3561 ταότης
765 3475 859 3561 ἐχρῆν
881 3468 1141 3562 ἀποκρίνασθαι,
1164 3473 1186 3564 ἢ
1207 3481 1304 3545 τοῦτο
1325 3477 1438 3563 μόνον,
1465 3495 1468 3500 ·

214 3573 310 3643 ῦκαί
332 3574 366 3642 ἰν
388 3583 460 3652 τοῖς
482 3573 676 3659 ἔμπροσθεν
699 3572 881 3660 εἰρήκαμεν,
905 3571 959 3642 ότι
979 3577 1024 3664 μὴ
1046 3578 1143 3643 ιδέον
1158 3578 1216 3665 τὴν
1231 3579 1340 3646 έκτοῦ
1355 3582 1440 3646 θεοῦ

212 3681 362 3764 γέννησιν
388 3683 585 3761 συμμετρείν
612 3677 652 3761 τῇ
681 3677 748 3740 τών
769 3669 962 3760 ἀνθρώπιον
984 3677 1092 3763 φάσει.
1137 3677 1193 3744 ἵνα
1214 3680 1251 3746 δέ
1274 3677 1364 3765 ὅμως
1384 3679 1440 3746 καί

214 3775 250 3846 ἰν
271 3775 378 3864 τούτῳ
399 3779 603 3864 καταγνῶσιν
626 3775 766 3856 ἑαυτῶν,
795 3775 895 3841 καλὸν
918 3776 952 3842 έκ
974 3778 1040 3842 τών
1062 3772 1186 3844 1αὐτῶν
1208 3780 1311 3848 πάλιν
1334 3778 1442 3860 οῦτως

214 3871 330 3958 αῦτοτς
352 3873 550 3967 άπανιῆσαι.
583 3874 668 3960 όλως
691 3877 720 3946 εί
742 3875 822 3966 περὶ
842 3876 915 3945 υίοῦ
937 3875 1170 3947 πυνθάνονται
1183 3887 1315 3967 γονέων,
1340 3882 1441 3950 ίνθυ·

283 4033 307 4096 1)
325 4029 391 4084 ἰοιο.
412 4035 435 4094 1,
455 4035 494 4084 14.

245 4149 268 4185 τ.
286 4133 386 4196 δεηυιτ.
410 4125 443 4181 οῦ
466 4125 620 4200 σώφρονος.
656 4136 707 4186 Mox
726 4137 799 4198 idem,
885 4151 905 4184 α
924 4136 965 4186 Sic
983 4137 1082 4198 Seguer.
1106 4137 1133 4186 λι
1145 4137 1243 4188 Gohler.
1261 4146 1285 4188 ει
1299 4139 1403 4190 θιΙσλια.
1417 4141 1441 4190 l.

212 4201 352 4252 ῦολίιτίιυ.
376 4209 399 4249 ει
422 4199 526 4249 Felchtn.
543 4202 564 4252 ί.
590 4196 798 4266 νομισθήσεται
850 4195 901 4260 τὴν
922 4198 1028 4268 μανίαν
1049 4197 1160 4260 μείζονα
1189 4195 1224 4252 ἂν
1246 4198 1309 4271 ἔχει.
1350 4209 1439 4269 λειρίου

208 4267 273 4318 uni
292 4276 315 4318 ιι
333 4267 373 4318 ulii
391 4260 595 4332 λογισθήσεται.
850 4264 939 4332 πολλῷ
955 4265 1069 4335 μείζονα
1094 4263 1130 4318 ἂν
1152 4261 1266 4337 άτιμίαν
1281 4265 1336 4339 ἔχη.
1375 4273 1440 4323 Edit}

245 4335 268 4384 b.
287 4336 328 4385 Sic
344 4335 484 4397 Sessuerian.
506 4341 531 4385 εί
547 4335 604 4396 θος.
639 4333 701 4383 editi
719 4343 798 4385 ιοιετιι
850 4331 940 4398 πολλῷ
962 4333 1067 4402 μᾶλλον
1088 4332 1139 4399 τὴν
1159 4332 1299 4406 ἐπιτιμίαν
1324 4335 1438 4404 μείζονα

209 4399 261 4450 τοῦ
277 4394 387 4458 ίξσιθεν.
424 4401 497 4451 Ptolo
521 4408 578 4464 ρσει
595 4401 694 4462 διρσοτ.
713 4393 799 4455 οῦτως
851 4393 886 4450 ἃν
902 4395 968 4480 ίγοι.
1004 4404 1077 4455 Paulo
1103 4415 1161 4472 ροιι
1177 4407 1316 4469 δεηαεώιιι.
1334 4398 1441 4460 ἔξωθεν

208 4461 307 4538 δπερί
324 4468 373 4518 τοῦ
390 4461 459 4517 υἰοῦ.
487 4458 719 4530 λες.οότωσιιαίό
736 4463 799 4534 περί
850 4460 942 4517 αότσυ.

209 4534 260 4586 τσῦ
288 4529 356 4587 νίοῦ.
393 4537 455 4587 editi
487 4525 574 4589 οῦτως
595 4529 641 4584 καί
663 4529 726 4602 περί
749 4534 799 4586 τοῦ
883 4537 907 4584 d.
925 4537 1065 4598 Seguerinn.
1085 4537 1245 4606 σκισλογῶν.
1272 4540 1334 4592 editi
1353 4547 1378 4591 et
1395 4540 1439 4602 ιΙίὶ

207 4595 278 4654 σίτό.
850 4597 1007 4669 σιτολογεῖν.
