3226 5280
226 368 267 432 58
626 385 652 426 s.
668 383 821 426 ετεεσιειι
836 383 1060 428 εκοοιεειεοοει

138 549 215 596 αυτ.
224 555 292 619 ρον.
338 541 476 598 σκοπεῖν
510 531 546 597 δὲ
577 529 676 596 τοῦτό
699 553 736 598 σε
763 531 823 614 μὲν
847 529 988 610 ἐ’ξεστιν,
1024 527 1167 609 ἐκείνους
1197 531 1233 597 δέ
1260 531 1455 600 κατακούειν
1504 579 1513 592 .

224 634 302 711 τοὺς
323 627 555 710 ἀπαιδεύτους.
602 632 767 698 δέδεικται
789 631 822 698 έν
844 641 917 709 τοῖς
940 631 1151 716 ἔμπροσθεν,
1174 634 1229 697 καὶ
1251 628 1338 697 τοῦτ’
1363 631 1454 700 ἔστιν

224 729 349 821 άληθὲς
370 731 550 810 πιστεύειν,
571 729 629 798 τὸν
651 731 749 817 λόγον
772 732 806 798 ἐκ
827 734 886 798 τοῦ
909 732 1037 818 πατρὸς
1059 727 1219 800 εἶναικαὶ
1241 732 1343 816 μόνον
1365 734 1455 800 ’ίδιον

224 829 325 901 αύτοῦ
358 836 411 898 καί
446 833 556 920 φύσεα
577 837 728 918 γέννημα.
773 831 885 900 πόθεν
912 833 975 919 γάρ
1004 831 1149 901 ύίλλοθεν
1172 833 1301 920 νοήσειέ
1322 859 1374 913 τις
1395 833 1454 901 τὸν

223 934 304 1014 υίόν,
330 931 367 1012 ῦς
389 933 478 1000 ἔστιν
501 928 520 1020 ἡ
544 939 649 1020 σοφία
670 935 723 998 καὶ
748 928 894 1020 ό“λόγος,
919 933 953 1000 ίν
975 923 1003 1018 ᾧ
1024 932 1067 1000 τά
1087 933 1199 1000 πάντα
1220 941 1359 1020 γέγονεν,
1382 929 1466 1023 ἢέξ,

224 1030 324 1102 αύτοῦ
347 1037 405 1100 τοῦ
428 1037 531 1115 θεοῦ,
565 1029 655 1119 ὅμως
684 1033 720 1101 δὲ
740 1038 839 1100 τοῦτο
861 1036 914 1100 καί
938 1033 1032 1121 παρὰ
1053 1038 1120 1102 τῶν
1141 1039 1277 1122 γραφῶν
1298 1036 1455 1123 μεμαθή-

222 1161 334 1219 καμεν,
357 1138 415 1202 τοῦ
437 1137 497 1220 μὲν
520 1133 649 1221 πατρὸς
665 1135 722 1200 διὰ
736 1138 796 1200 τοῦ
810 1135 923 1221 Δαβίδ
937 1137 1106 1221 λέγοντος·
1130 1136 1322 1223 έξηρεύξατο
1337 1132 1358 1224 ἦ
1373 1161 1455 1223 καρ-

224 1236 280 1304 δία
300 1260 365 1321 μου
388 1234 485 1323 λόγον
508 1233 675 1322 ἀγαθόν’),
700 1242 770 1302 καί·
793 1235 827 1302 ἐκ
848 1236 991 1322 γαστρὸς
1013 1235 1084 1322 πρὸ
1108 1236 1278 1324 ἑωςφόρου
1294 1236 1450 1324 ἐγέννησα

224 1340 300 1418 0⁶²),
323 1340 382 1404 τοῦ
406 1338 442 1406 δὲ
463 1338 536 1404 υίοῦ
558 1334 639 1424 περὶ
660 1336 777 1403 ἑαυτοῦ
794 1336 977 1416 δεικνύντος
991 1348 1063 1416 τοῖς
1081 1333 1268 1418 Ἰουδαίοις·
1292 1338 1321 1405 εἰ
1337 1333 1355 1404 5
1370 1338 1453 1416 θεὸς

223 1437 335 1525 πατὴρ
349 1434 441 1524 ὑμῶν
455 1429 504 1524 ἦν,
527 1433 678 1528 ἠγαπᾶτε
694 1432 733 1506 άν
750 1437 822 1522 ἐμέ·
845 1439 908 1525 ἐγὼ
922 1438 984 1525 γάρ
1001 1441 1035 1506 ἐκ
1048 1442 1108 1506 τοῦ
1123 1439 1253 1527 πατρὸς
1268 1439 1410 1528 ἐξῆλθον
1417 1442 1451 1519 ³),

223 1543 276 1606 καί
305 1539 425 1607 πάλιν·
456 1535 514 1624 ούχ
542 1535 595 1606 ὅτι
622 1538 697 1607 Ιτὸν
718 1545 849 1626 πατέρα
870 1566 922 1620 τις
944 1540 1100 1628 ἑώρακεν,
1130 1541 1160 1610 εί
1180 1539 1225 1628 μὴ
1249 1537 1267 1606 ό
1290 1535 1336 1608 ιῦν
1358 1539 1453 1626 παρὰ

222 1643 281 1707 τοῦ
303 1645 397 1722 θεοῦ,
422 1632 518 1722 οὗτος
540 1641 663 1726 ἑώρακε
683 1639 743 1708 τὸν
765 1646 933 1729 πατέρα’),
957 1645 1011 1709 καί
1032 1641 1097 1730 μὴν
1119 1642 1175 1710 καὶ
1195 1642 1250 1708 τό·
1274 1642 1337 1729 έγιό
1359 1637 1450 1709 καλό

223 1742 333 1830 πατὴρ
357 1743 390 1810 ἕν
414 1741 555 1827 ἒσγιεν“),
577 1749 649 1809 καί·
674 1741 736 1828 ἐγὼ
760 1741 794 1809 έν
816 1747 863 1830 τῷ
885 1751 1005 1829 πατρί,
1027 1747 1082 1811 καί
1106 1740 1124 1810 5
1145 1744 1255 1833 πατὴρ
1279 1743 1313 1810 έν
1335 1743 1451 1836 έμοί“)ν

224 1837 298 1910 ἶσόν
320 1843 392 1910 ἐστι
413 1846 460 1930 τῷ
484 1845 604 1930 λέγειν·
628 1843 690 1930 ἐγὼ
713 1844 749 1911 ἐκ
763 1847 821 1910 τοῦ
838 1840 965 1931 πατρός
981 1845 1050 1930 εἰμι
1064 1850 1117 1912 καὶ
1135 1842 1323 1932 ἀδιαίρετος
1338 1839 1451 1912 αύτοῦ.

221 1947 276 2010 καί
300 1939 317 2010 5
337 1939 486 2032 Ἰωάννης
509 1946 545 2011 δέ
567 1946 684 2031 λέγων·
714 1940 733 2011 5
755 1945 933 2034 μονογενὴς
955 1946 1041 2026 υἱός,
1067 1943 1085 2012 5
1108 1941 1154 2014 ύίν
1177 1947 1225 2026 είς
1246 1946 1304 2014 τὸν
1326 1946 1452 2013 κόλπον

221 2048 280 2112 τοῦ
303 2044 440 2133 πατρός,
465 2046 587 2125 ἐκεῖνος
609 2045 789 2134 ἐξηγήσατο
797 2049 830 2126 ⁷),
853 2045 976 2130 μαθὼν
998 2051 1104 2114 ταῦτα
1126 2048 1220 2133 παρὰ
1241 2051 1299 2114 τοῦ
1324 2050 1454 2132 ι’σαπῆ-

222 2171 280 2233 ρος
302 2148 418 2235 είρηκε.
462 2155 496 2214 τί
522 2147 583 2233 γάρ
614 2145 695 2212 άλλο
718 2147 756 2212 τὸ
780 2147 814 2214 ἐν
836 2147 977 2225 κόλποις
1000 2154 1169 2234 σημαίνει,
1193 2143 1215 2236 ἢ
1235 2148 1295 2236 τὴν
1316 2155 1453 2236 γνησίαν

223 2247 258 2315 ἐκ
278 2252 336 2316 τοῦ
358 2247 487 2333 πατρὸς
507 2251 566 2314 τοῦ
590 2247 663 2314 υἱοῦ
684 2255 833 2334 γέννησιν
840 2276 851 2328 ,·
1184 2245 1192 2258 “

307 2355 358 2416 22.
402 2349 445 2416 Εί
466 2337 606 2434 μὲν-οῦν
628 2345 686 2416 τὸν
707 2348 791 2416 θεὸν
812 2344 941 2434 ἡγεῖταί
962 2372 1014 2425 τις
1036 2341 1123 2414 εἶναι
1145 2347 1324 2429 σύνθετον,
1350 2345 1395 2428 ὠς
1418 2349 1452 2416 ἐν

220 2453 268 2538 τῇ
284 2445 382 2539 ούσίη
408 2450 447 2515 τὸ
467 2449 684 2535 συμβεβηκός,
716 2444 736 2534 ἢ
759 2449 884 2528 ἔξωθέν
906 2473 982 2514 τινα
1004 2448 1186 2536 περιβολὴν
1210 2449 1295 2531 ἔχειν
1315 2452 1369 2516 καί
1394 2475 1449 2516 κα·

221 2551 421 2630 λύπτεσθαι,
444 2544 466 2635 ἢ
488 2545 573 2616 εἶναί
593 2574 669 2616 τινα
691 2552 769 2634 περὶ
793 2546 893 2616 αύτὸν
917 2549 959 2616 τά
981 2553 1238 2638 συμπληροῦντα
1259 2549 1318 2634 τὴν
1335 2545 1452 2616 ούσίαν

222 2648 323 2720 αὐτοῦ
329 2705 338 2733 ,
363 2649 444 2730 ύίςτε
466 2651 621 2736 λέγοντας
642 2646 728 2739 ἡμᾶς
749 2649 833 2718 θεὸν
855 2645 876 2737 ἢ
900 2645 1121 2736 ὀνομάζοντας
1143 2658 1273 2739 πατέρα
1288 2650 1333 2739 μὴ
1350 2644 1452 2737 αύτὴν

220 2753 279 2842 την
295 2749 436 2837 ἀόρατον
460 2746 560 2818 αύτοῦ
582 2756 636 2820 καί
653 2749 886 2839 ἀκατάληπτον
903 2749 1020 2821 ούσίαν
1037 2762 1217 2842 σημαίνειν,
1242 2748 1326 2819 άλλά
1338 2779 1372 2819 τι
1385 2756 1452 2819 τῶν

221 2858 297 2939 περὶ
321 2848 453 2936 ”αύτήν·
475 2860 727 2941 μεμφίσθωσαν
749 2856 809 2940 μέν
831 2854 889 2942 τὴν
913 2855 1053 2922 σύνοδον
1073 2854 1253 2942 γράψασαν
1273 2855 1308 2922 ἐκ
1322 2857 1380 2940 τῆς
1396 2849 1454 2920 ού-

222 2962 296 3030 σίας
319 2948 405 3019 εἶναι
425 2957 485 3021 τοῦ
507 2959 591 3022 θεοῦ
613 2955 671 3024 τὸν
693 2956 781 3037 υἱόν,
810 2964 1075 3024 κατανοείτιοσαν
1106 2957 1158 3038 δέ,
1189 2952 1244 3023 ότι
1266 2956 1325 3023 δύο
1347 2959 1452 3022 ταῦτα

219 3057 471 3141 βλαςφημσῦσιν
506 3054 592 3126 οῦτω
622 3057 860 3141 διανοούμενοι.
912 3058 970 3124 τόν
998 3084 1034 3125 τε
1061 3057 1123 3144 γάρ
1151 3057 1235 3124 θεὸν
1265 3055 1454 3142 σωματικόν

220 3181 295 3222 τινα
317 3155 498 3250 είςάγουσι,
527 3159 661 3228 καὶτὸν
683 3158 795 3246 κύριον
818 3153 875 3224 σῦκ
898 3153 998 3224 αύτοῦ
1021 3161 1080 3224 τοῦ
1102 3159 1247 3246 πατρός,
1278 3155 1363 3226 άλλὰ
1385 3161 1452 3224 τῶν

219 3259 297 3344 περὶ
328 3253 427 3325 αῦτὸν
457 3255 542 3327 είναι
571 3260 643 3328 υίόν
671 3260 948 3346 καταψεύδονται,
996 3259 1025 3325 εἰ
1054 3260 1089 3326 δὲ
1113 3257 1241 3328 ἁπλοῦν
1262 3268 1297 3326 τί
1319 3255 1450 3327 ἐστινὸ

219 3357 318 3440 θεός,
343 3355 453 3446 ὥςπερ
476 3351 609 3427 οὖνκαὶ
633 3363 720 3441 ἔστι,
745 3362 844 3446 δῆλον
868 3357 921 3427 ότι
942 3362 1092 3445 λέγοντες
1113 3361 1171 3428 τὸν
1193 3360 1276 3430 θεὸν
1298 3363 1352 3428 καί
1377 3355 1452 3426 ὀνο-

220 3460 379 3547 μάζοντες
400 3461 458 3527 τὸν
480 3467 610 3547 πατέρα
633 3459 727 3530 ούδέν
742 3487 776 3527 τι
799 3457 844 3540 ὡς
858 3463 936 3546 περὶ
953 3456 1053 3529 αύτὸν
1070 3457 1281 3549 ὀνομάζομεν,
1305 3457 1374 3528 ἄλλ’
1392 3455 1453 3526 αύ-

220 3561 358 3651 τὴντὴν
381 3557 498 3632 ούσίαν
521 3557 621 3629 αὐτοῦ
645 3567 855 3650 σημαίνομεν.
900 3557 960 3651 κᾷν
982 3563 1043 3649 γάρ
1065 3565 1273 3648 καταλαβεῖν,
1298 3557 1355 3647 ὅτι,
1367 3568 1452 3630 ποτέ

221 3663 311 3732 ἐστιν
333 3660 352 3751 ἡ
375 3667 434 3730 τοῦ
456 3667 540 3732 θεοῦ
563 3657 670 3743 ούσέα,
693 3663 738 3751 μὴ
759 3653 780 3752 ᾖ
804 3663 952 3744 δυνατόν,
977 3660 1061 3732 ἀλλὰ
1081 3665 1183 3751 μόνον
1198 3666 1349 3742 νοοῦντες
1366 3658 1453 3730 εἶναι

219 3765 277 3832 τὸν
299 3764 392 3848 θεόν,
415 3769 469 3833 καί
491 3769 549 3856 τῆς
569 3768 700 3852 γραφῆς
722 3765 755 3832 ἐν
777 3763 909 3844 τούτοις
931 3760 1031 3833 αὐτὸν
1055 3766 1286 3855 σημαινούσης,
1312 3760 1369 3834 ούκ
1391 3760 1453 3832 άλ-

220 3869 278 3934 λον
300 3863 456 3936 τινὰκαὶ
479 3864 574 3954 ἡμεῖς
594 3861 616 3956 ἢ
638 3861 737 3934 αύτὸν
761 3869 906 3955 σημᾶναι
927 3868 1102 3948 θέλοντες,
1132 3871 1268 3955 λέγομεν
1289 3866 1374 3936 θεὸν
1395 3868 1451 3933 καί

220 3975 351 4057 πατέρα
371 3972 425 4036 καί
447 3969 568 4057 κύριον.
615 3965 694 4036 ὅταν
715 3972 793 4055 γοῦν
816 3971 909 4057 λέγῃ·
933 3968 996 4055 ε’γιύ
1019 3969 1089 4054 εἰμι
1111 3965 1129 4036 5
1151 3968 1213 4052 δίν,
1248 3973 1303 4037 καί
1325 3967 1365 4036 τὸ
1388 3966 1451 4054 έγιύ

134 4071 291 4155 malm
311 4071 423 4156 καίριος
445 4066 463 4136 5
485 4068 584 4150 θεός,
607 4072 661 4136 καί
684 4066 772 4136 ὅπου
794 4072 879 4138 ποτὲ
901 4073 988 4157 λέγει
1009 4067 1029 4158 ἡ
1050 4070 1160 4157 γραφὴ
1184 4066 1203 4136 5
1224 4069 1322 4148 θεός,
1356 4066 1452 4155 ἡμεῖς

221 4167 498 4258 ἀναγινώσκοντες
520 4166 615 4237 οὐδὲν
637 4171 747 4256 ἕτερον
768 4166 790 4257 ἢ
812 4168 912 4256 αὐτὴν
933 4170 992 4256 τὴν
1015 4167 1246 4256 ἀκατάληπτον
1268 4164 1370 4236 αῦτοῦ
1394 4166 1453 4237 ού-

221 4281 297 4341 σίαν
320 4279 560 4360 σημαινομένην
582 4274 729 4355 νοοῦμεν,
752 4275 807 4338 καί
830 4267 884 4337 ὅτι
905 4271 994 4337 ἐστὶν
1017 4266 1119 4354 όνπερ
1134 4270 1294 4353 λέγουσιν.
1333 4264 1452 4336 οῦκοῦν

220 4375 265 4464 μὴ
294 4375 474 4456 ξενιζέσθοι
496 4397 548 4451 τις
577 4368 705 4440 άκούων
728 4371 763 4438 ἐκ
783 4374 842 4458 τῆς
864 4365 981 4447 ούσίας
1001 4373 1060 4436 τοῦ
1082 4372 1167 4436 θεοῦ
1191 4363 1356 4437 εἶναινῦν
1377 4367 1451 4434 υἱόν

293 4533 316 4592 l)
334 4532 397 4582 ΡεκΙ.
417 4531 449 4582 45
469 4526 522 4596 [44.
540 4526 619 4590 Lm,
639 4527 662 4576 2.
742 4526 767 4586 2)
787 4527 849 4576 Ρευί.
870 4521 1008 4590 1101109.
1027 4521 1116 4592 Lxx.],
1135 4523 1159 4574 3.
1234 4523 1260 4584 3)
1279 4525 1346 4574 1ουσ.
1365 4523 1390 4586 8,
1408 4523 1451 4574 42.

220 4601 248 4660 4)
267 4602 332 4650 lofin.
352 4599 377 4662 6,
395 4599 436 4650 46.
507 4597 532 4658 5)
551 4597 617 4646 loan.
640 4595 679 4656 10,
697 4593 738 4646 30.
808 4592 1040 4656 6)102n.14,10.
1111 4591 1326 4656 7J1oan.1‚18.
