3236 5286
530 399 654 464 *enarro
670 400 691 442 r.
707 355 822 446 conada
836 402 973 450 mimos.
1220 431 1224 437 ·
1312 395 1375 460 229

147 547 214 626 ipsa
235 563 316 607 esse.
359 543 491 626 Namque
514 546 698 610 substantiae
717 549 813 613 Patris
835 553 913 615 letus
936 555 1003 634 ipse
1025 563 1083 628 est,
1105 557 1145 620 ita
1166 567 1199 621 ot
1217 559 1317 624 nullus
1336 561 1464 624 alteru.

147 645 301 709 dubitandi
323 645 423 719 loono,
453 647 524 726 quin
552 649 588 710 ad
610 648 706 712 Patris
728 649 919 715 immutabilis
943 655 1167 720 similitudinem
1194 659 1235 722 sit
1254 679 1375 742 quoqrm

147 747 276 810 Verbum
299 747 490 810 immutabile.
1078 811 1083 816 .

232 852 284 914 to.
327 848 477 912 Hactenus
507 849 628 930 quidem
655 850 722 912 Filii
749 851 926 916 notionibus
953 853 1146 944 inhaerentes
1173 855 1218 918 oie
1243 859 1377 924 absurdis

7 1015 9 1040 Ι
39 949 46 955 “
149 949 266 1012 illorum
289 952 480 1024 commentis,
502 959 594 1032 prout
615 951 681 1032 ipse
703 943 785 1013 dedit
805 952 960 1027 Dominus,
985 955 1181 1017 oeearrrimus.
1225 955 1288 1020 lam
1307 979 1377 1024 reru

7 1049 9 1058 ’
147 1051 331 1131 praestiterit
355 1051 456 1114 divina
483 1069 633 1132 exponere
663 1052 796 1128 oraorda,
831 1063 865 1116 ut
891 1062 921 1116 et
941 1053 1008 1118 Filii
1034 1055 1258 1122 immutabilitas
1285 1059 1378 1140 magis

149 1152 349 1227 confirmetur,
371 1153 470 1232 sitque
492 1152 685 1234 exploratius,
706 1161 860 1234 paternam
882 1156 947 1218 eius
968 1165 1105 1246 naturarp
1118 1159 1295 1222 mutationis
1309 1179 1381 1226 esse

149 1261 308 1340 expertem,
332 1262 363 1315 et
383 1253 491 1316 danus
513 1254 634 1316 illorum
654 1263 797 1334 appareat
816 1255 1002 1336 improbitas.
1044 1259 1147 1340 ltaque
1160 1259 1209 1322 bie
1224 1260 1326 1324 verbis
1341 1261 1379 1326 ad

148 1355 355 1436 Philippenses
376 1356 482 1418 scribit
502 1347 682 1437 Apostolum:
708 1356 773 1419 lloo
794 1376 849 1420 eor
873 1361 990 1430 sentite,
1012 1361 1093 1441 pond
1113 1371 1142 1424 et
1165 1361 1306 1426 Christos
1328 1361 1381 1426 le-

149 1475 210 1527 ena,
233 1461 287 1538 poi
309 1471 375 1518 eum
390 1443 428 1520 ‘in
448 1459 552 1538 [ormo
574 1457 634 1520 Dei
652 1467 739 1534 earet,
762 1476 827 1520 non
847 1463 991 1540 ropiuom
1012 1461 1183 1526 arbitratae
1200 1475 1245 1528 eat
1265 1481 1331 1527 aare
1346 1483 1390 1528 oa·

148 1559 303 1638 aequalem
317 1557 391 1635 Deo,
414 1560 466 1622 sed
481 1563 675 1640 semetipsum
689 1562 869 1632 ear'nonioit,
891 1561 996 1640 [ormo
1012 1565 1097 1624 aeret
1116 1577 1245 1646 ooeepto,
1267 1567 1377 1632 amobe

148 1658 303 1721 bominum
324 1661 438 1739 saetae,
461 1671 490 1722 et
511 1661 614 1740 fipnro
628 1651 770 1722 inuentos
787 1671 823 1721 ot
838 1661 932 1724 bomo.
968 1661 1153 1728 Homiliooit
1166 1675 1256 1728 semet
1268 1671 1377 1746 ipsum,

145 1760 251 1838 saeros
275 1758 414 1820 obediens
435 1778 530 1838 napae
552 1761 592 1822 nd
612 1771 755 1832 moriem,
783 1771 911 1824 mortem
933 1774 1033 1828 dotem
1055 1767 1167 1828 oraria.
1210 1763 1328 1829 ideireo
1349 1779 1380 1832 et

148 1859 233 1920 Deos
257 1857 407 1919 eeoirnm't
427 1857 517 1918 illum
535 1870 567 1930 ,er
590 1851 712 1922 donorio
733 1859 783 1922 itte·
801 1879 919 1936 nomen,
941 1866 1021 1944 qood
1042 1875 1090 1926 ert
1110 1883 1205 1945 anper
1222 1881 1381 1938 omneso-

148 1975 229 2028 mem
252 1965 289 2016 ot
309 1961 344 2017 in
364 1961 483 2020 nomine
504 1957 576 2020 Iesu
599 1977 684 2022 omne
703 1980 782 2040 peno
803 1963 1162 2040 flectatur-coelestium,
1185 1968 1382 2030 terrestriam

150 2067 181 2119 et
203 2058 410 2136 infernorum,
433 2071 463 2123 et
485 2066 579 2122 omne'o
595 2061 699 2143 leirpuo
712 2063 907 2144 confiteatur,
930 2066 1010 2144 pund
1023 2063 1171 2130 Donum
1185 2065 1273 2129 lesos
1290 2065 1382 2132 Obri-

125 2157 218 2220 ‘atos
240 2162 275 2222 r‘n
295 2159 396 2239 plore'o
416 2173 461 2224 est
482 2161 543 2224 ue·
560 2161 674 2226 Patria.
704 2163 784 2236 Quid
807 2162 856 2224 bis
878 2163 1064 2229 luculentius·
1080 2175 1111 2229 et
1124 2165 1288 2230 evidentius
1303 2185 1379 2248 pro-

144 2261 219 2324 lerri
240 2259 367 2340 potasti
406 2262 468 2325 Neo
491 2262 570 2325 enim
593 2283 628 2326 ax
650 2264 802 2328 deteriore
817 2264 925 2326 melior
938 2266 1032 2342 laetos
1049 2274 1105 2340 est,
1128 2267 1183 2328 sed
1195 2268 1297 2348 pedus
1311 2286 1381 2332 eum

13 2407 21 2416 .
141 2363 227 2425 Dens
250 2370 348 2437 esset,
375 2365 501 2426 lormam
522 2360 603 2427 servi
626 2366 757 2444 aceepit,
786 2365 817 2426 in
844 2383 902 2444 qua
930 2366 1099 2446 accipienda
1121 2385 1183 2428 non
1203 2368 1310 2432 melior
1332 2375 1382 2431 est
1464 2383 1472 2400 ·

142 2467 279 2536 elleotns,
303 2466 356 2527 sed
368 2475 466 2528 semet
483 2466 585 2545 ipsum
600 2464 776 2526 humiliavit.
811 2465 873 2544 ,obi
889 2466 978 2546 igitur
990 2467 1041 2530 bio
1053 2485 1169 2530 meroes
1192 2469 1308 2532 uirtutis
1324 2476 1381 2542 est,

140 2566 184 2630 rel
207 2567 306 2646 qualis
329 2585 508 2646 progressus
531 2565 656 2644 qualeve
678 2565 708 2626 in
729 2565 833 2630 melios
856 2567 1074 2631 incrementum
1088 2569 1122 2630 in
1135 2569 1308 2632 huiusmodi
1322 2568 1382 2630 bu-

140 2665 331 2728 miliationel
374 2667 451 2727 Nam
475 2665 502 2726 si
524 2673 669 2743 quatenus
691 2681 756 2728 oum
777 2665 855 2730 Deus
878 2677 970 2742 esset,
993 2669 1084 2732 bomo
1108 2670 1203 2730 laetus
1225 2675 1275 2730 est
1295 2675 1327 2728 et
1348 2683 1385 2728 ex

142 2765 304 2828 altitudine
326 2763 492 2836 deseendit,
515 2763 635 2826 exaltari
657 2765 777 2840 dieitur,
806 2787 866 2847 qno
894 2788 1008 2847 quaeso
1038 2768 1140 2830 extolli
1168 2767 1231 2828 sire
1264 2763 1387 2828 exaltari

142 2863 312 2946 potestis,
335 2863 384 2942 qui
405 2863 486 2924 lleus
509 2862 580 2924 est?
608 2863 651 2926 Ex
672 2865 708 2927 ed
730 2867 820 2940 enim,
843 2868 923 2946 qnod
936 2868 1018 2930 Deus
1033 2867 1073 2946 sjt
1087 2865 1262 2938 altissimus,
1284 2863 1386 2943 liquet,

146 2965 216 3026 eius
240 2981 361 3042 qnoque
382 2961 513 3024 Verbum
535 2966 705 3026 neeessario
729 2985 797 3028 ease
818 2966 1008 3028 altissimum.
1053 2967 1209 3054 Quo-ergo
1227 2963 1318 3036 ¹altius
1333 2983 1386 3026 ex-

151 3063 218 3125 tolli
239 3063 339 3142 potuit
359 3063 403 3137 is,
432 3065 483 3142 qui
504 3065 534 3125 in
556 3063 645 3126 Patre
667 3075 714 3127 est
737 3073 767 3127 et
785 3065 883 3128 Patris
907 3076 956 3126 est
977 3066 1008 3128 in
1031 3063 1172 3128 omuibus
1194 3063 1385 3130 simillimus?

150 3165 255 3250 ltaque
278 3163 359 3226 nullo
381 3164 566 3226 incremento
590 3183 666 3244 opos
688 3165 780 3228 babet
800 3167 904 3228 neeis
934 3174 996 3239 est,
1023 3183 1112 3244 quern
1132 3165 1206 3226 lalso
1227 3164 1382 3244 suspican-

148 3273 199 3328 tur
220 3265 333 3326 Ariani.
374 3265 449 3327 Nam
471 3267 497 3328 si
519 3275 553 3329 nt
575 3265 772 3340 exaltaretur,
802 3265 929 3328 Verbum
959 3265 1126 3340 deseendit,
1152 3261 1241 3346 idque
1269 3265 1381 3330 indicat

147 3365 320 3445 Scriptura,
342 3365 420 3445 quid
436 3376 500 3428 erat
519 3385 645 3430 neeesse
669 3367 802 3448 seipsum
823 3366 997 3442 bumiliare,
1021 3376 1054 3430 ut
1074 3365 1120 3440 id,
1143 3349 1302 3446 quodiam
1322 3368 1470 3436 haene

148 3465 253 3540 bebat,
282 3467 417 3545 accipere
438 3466 607 3530 niteretur?
651 3467 747 3542 Quam
774 3485 866 3548 porro
894 3466 1019 3548 matiam
1049 3467 1161 3548 aooepit
1181 3468 1249 3547 ipse
1270 3469 1381 3548 gratiae

148 3565 258 3628 dator?
300 3569 359 3629 but
380 3568 531 3647 quomodo
552 3587 673 3641 nomen,
696 3587 756 3648 quo
778 3568 964 3642 adoraretur,
986 3569 1100 3650 aooapit
1120 3569 1165 3643 is,
1188 3568 1240 3648 qui
1262 3548 1387 3648 sempe?

148 3685 203 3728 suo
227 3667 349 3730 nomine
363 3669 419 3730 luit
433 3670 583 3744 adoratus,
608 3677 751 3750 atquem,
772 3677 929 3750 antequ'am
946 3671 1042 3732 laotos
1058 3676 1144 3732 esset
1155 3669 1260 3742 bomo,
1282 3667 1383 3732 Sancti

149 3765 231 3829 bisce
252 3767 375 3831 vocibus
396 3769 587 3834 invocabant:
617 3770 716 3845 Deos,
747 3775 782 3834 in
806 3777 929 3836 numine
951 3782 1004 3834 tuo
1026 3770 1150 3832 aoloum
1169 3785 1216 3828 me
1236 3763 1307 3846 soal
1334 3775 1381 3830 et:

150 3867 183 3928 bi
202 3873 236 3932 in
259 3869 401 3932 eorre'bos
424 3884 453 3935 et
475 3871 508 3933 ln·
526 3876 560 3934 in
582 3876 682 3952 epod,
704 3889 761 3935 noa
783 3883 884 3935 notem
905 3877 940 3934 in
960 3872 1082 3932 nomine
1101 3867 1227 3930 Dornini
1245 3866 1304 3931 Det
1323 3883 1383 3930 nu·

150 4113 259 4166 aaaron
281 4133 310 4168 τε
336 4113 352 4180 ἦ
380 4111 587 4187 κακοφροσύνη.
622 4112 746 4186 γράφων
831 4134 856 4182 g,
873 4118 914 4170 sle
932 4117 1071 4181 Seguerian.
1089 4128 1114 4171 et
1130 4119 1188 4183 lieg.
1210 4119 1268 4170 ¹lili
1285 4127 1308 4168 et
1326 4119 1385 4170 editi

152 4181 246 4234 τοίνυν
264 4183 427 4242 Φιλιππίοις.
797 4175 840 4235 ὅτι
856 4181 975 4236 nei‘rari
997 4185 1075 4238 θεοῦ.
1112 4189 1186 4238 Paulo
1210 4187 1385 4264 post5803uer.

186 4256 209 4301 d.
228 4257 328 4317 Segner.
339 4256 437 4306 Gobler.
456 4265 480 4308 et
491 4255 597 4306 Felelrm.
610 4255 632 4306 l.
649 4246 745 4321 ἕξομο-
795 4253 850 4304 ποῦ
867 4239 917 4304 οὖν
933 4249 1021 4307 πλέον.
1053 4257 1141 4320 Regius
1164 4251 1223 4306 noir
1247 4265 1297 4301 ουν
1313 4239 1387 4317 εἶχεν

151 4313 305 4384 λογῆσεται.
404 4335 410 4340 ·
499 4351 512 4376 ι
796 4323 888 4376 aruino
905 4318 1006 4376 ubter.
1153 4339 1158 4348 ·
1220 4378 1228 4398 ,
1338 4383 1351 4396 Ι

187 4404 208 4438 e.
226 4391 268 4440 ste
284 4391 386 4453 Sernes.
421 4391 467 4443 dlii
493 4399 574 4442 antem
592 4398 617 4444 et
634 4389 692 4442 aditi
710 4379 747 4440 ἂν
830 4391 853 4441 b
872 4391 971 4442 Gobler.
983 4391 1120 4442 strotella.
1131 4389 1154 4440 l.
1172 4381 1289 4451 tteym
1300 4394 1388 4436 ταυτα

153 4450 271 4518 γένοιτο.
795 4451 959 4522 γέγραπται.
994 4457 1070 4508 l’aulo
1093 4462 1150 4518 port
1173 4454 1314 4530 Segperiau.
1340 4441 1389 4498 ἵνα

187 4525 203 4571 l.
222 4525 322 4588 sepner.
342 4517 393 4585 τὴν
408 4517 515 4576 tettae.
547 4527 611 4578 liditi
628 4519 679 4585 riv
696 4522 747 4574 τοῦ
796 4523 879 4572 τοῦτο
908 4515 1007 4590 ζητήσῃ
1033 4519 1128 4583 tapete
1156 4512 1172 4567 d
1197 4531 1246 4578 ror
1270 4525 1390 4584 χαριῐθθ

153 4581 260 4640 dorileu.
647 4639 650 4645 ,
706 4583 731 4639 ‘i
797 4583 894 4656 δοτὴρ,
913 4590 1012 4642 ombria
1029 4586 1190 4639 intermediis·
1367 4599 1371 4612 ·
