3176 5304
458 329 604 372 urrerem
619 331 656 374 oe
672 331 814 376 mensem
828 335 972 380 nicaense
989 337 1107 381 sruoor.
1363 328 1401 388 te

163 478 314 552 iudaicae,
337 479 380 542 uti
402 479 461 542 iam
484 479 555 556 dixi,
577 483 724 562 nequitiae
744 484 879 548 imitatio.
923 485 1077 564 Siquidem
1092 487 1203 563 iudaei,
1226 508 1326 552 cuma
1346 500 1487 552 volsus

162 581 254 641 ritate
290 580 417 643 convicti
451 581 556 644 oculos
588 593 688 645 contra
717 603 781 646 eam
809 585 943 646 attollere
965 605 1025 648 non
1048 588 1193 661 vaierent,
1224 589 1397 654 buiusmodi

40 684 45 757 ζ
159 679 461 759 interrogatiunculis
490 701 524 744 se
552 683 743 764 obtegebant:
779 687 869 758 Quod
891 699 924 749 tu
946 688 1024 766 socia
1047 691 1165 768 signum
1189 700 1221 751 ut
1242 691 1397 756 videamus

158 795 190 844 et
218 783 379 844 credontes
401 781 479 845 tibi?
526 785 606 856 Quid
628 784 794 866 operarie?
839 787 1024 864 Quamquam
1052 795 1095 848 tot
1120 787 1204 866 signa
1226 789 1342 864 tierent,
1365 801 1480 854 stema.

157 883 256 943 etiam
279 883 338 962 ipsi
361 896 538 963 cogerentur
551 885 665 946 dicere:
692 887 774 959 Quen
788 887 928 963 sociatus,
952 891 1021 966 quio
1037 887 1083 949 bic
1099 887 1187 952 bomo
1203 889 1298 954 multe
1314 895 1397 970 sr'qno

158 982 270 1062 fecit?
314 984 387 1045 Nam
415 986 524 1046 mortui
547 986 766 1057 excitabantur,
795 986 888 1046 claudi
911 987 1116 1062 ambulabant,
1147 989 1287 1050 ridebant
1309 993 1397 1064 caeci,

158 1085 279 1163 leprosi
308 1085 523 1164 purgabantur,
559 1105 634 1166 aqua
661 1087 828 1148 mutabatur
857 1089 886 1148 in
915 1088 1032 1161 riuum,
1067 1097 1097 1150 et
1118 1089 1249 1168 quinque
1272 1090 1398 1169 panibus

159 1186 298 1263 quinque
321 1187 413 1247 millia
436 1187 590 1248 bominum
613 1195 684 1248 sunt
706 1189 838 1248 saturati.
884 1187 958 1248 llinc
980 1207 1085 1250 omnies
1103 1190 1222 1268 quidem
1238 1190 1398 1252 Dominum

159 1285 390 1369 admirabantur
425 1297 454 1350 et
482 1287 644 1350 adorabant
671 1287 896 1367 latabanturque
924 1289 955 1350 in
985 1289 1051 1367 ipso
1081 1289 1195 1369 impleri
1221 1291 1398 1370 prophetias

160 1405 295 1466 eumque
317 1389 409 1450 llerrm
433 1396 464 1449 et
484 1389 589 1450 Filium
612 1389 664 1450 llei
687 1407 766 1450 esse.
810 1389 873 1450 Soli
896 1399 993 1451 eutem
1016 1389 1174 1466 Pharisaei,
1197 1392 1315 1454 tametsi
1331 1391 1397 1456 sols

162 1487 291 1557 elariom
320 1497 405 1550 erant
432 1491 534 1569 signa,
565 1489 760 1552 nibilominus
789 1501 927 1570 tanquam
956 1491 1083 1569 imperiti
1112 1491 1335 1556 murmurabant
1364 1503 1394 1556 et

162 1588 299 1650 aiebant:
323 1591 421 1662 Quare
444 1604 478 1654 tn
501 1593 587 1654 donee
611 1611 676 1653 cum
700 1597 741 1654 sis
764 1592 842 1670 socie
866 1597 992 1673 teipsum
1002 1589 1125 1662 Deum?
1154 1593 1240 1654 Stulti
1257 1595 1391 1676 prolecto

165 1707 295 1768 vereque
324 1700 423 1753 mente
452 1694 545 1766 caeci,
573 1711 649 1771 quos
679 1692 791 1754 scilicet
813 1693 909 1770 potins
932 1692 971 1752 ita
993 1693 1076 1771 loqui
1099 1693 1264 1754 decuisset:
1293 1693 1391 1766 Quare

166 1799 199 1850 tn
220 1790 300 1852 [teus
323 1811 389 1853 cum
413 1794 456 1853 sis
481 1793 570 1854 bomo
594 1794 689 1854 lactus
713 1791 770 1856 es?
814 1792 966 1871 Siquidem
988 1793 1081 1855 ileum
1105 1793 1187 1853 illum
1211 1811 1280 1852 esse
1303 1811 1391 1872 opera

165 1891 231 1970 ipsa
253 1893 459 1954 ostendebant.
504 1893 547 1954 lta
569 1893 649 1954 enim
671 1892 713 1954 illi
736 1892 870 1954 etl‘atris
892 1891 1103 1970 benignitatem
1118 1894 1248 1954 luissent
1264 1893 1393 1954 venerati

166 1999 195 2052 et
222 1991 300 2054 illius
328 1995 433 2055 lamam
466 1993 561 2055 nostri
589 2011 677 2056 causa
706 1993 960 2072 dispensationem
983 2010 1045 2054 non
1066 1993 1234 2071 potuissent
1254 2010 1317 2054 non
1338 1993 1393 2054 ad·

165 2095 278 2154 mirari.
324 2093 428 2157 lerum
452 2105 564 2158 tantum
587 2095 699 2168 aberat,
722 2102 755 2155 ut
777 2078 806 2154 id
830 2093 973 2164 dicerent,
998 2101 1031 2154 ut
1053 2093 1140 2154 etiam
1163 2111 1218 2154 nec
1238 2111 1312 2172 qnae
1335 2093 1391 2154 bc-

162 2193 236 2255 bant
257 2195 362 2258 vedent
383 2197 496 2270 ridere,
519 2197 564 2258 rel
589 2196 615 2258 si
637 2195 776 2258 ridebant
790 2197 858 2268 (nec
874 2194 952 2256 enim
968 2194 1024 2255 ista
1040 2201 1178 2272 poterant
1192 2213 1252 2256 non
1268 2193 1390 2270 ridere),

161 2313 270 2358 mrsus
293 2297 328 2358 ad
350 2298 435 2360 aliam
457 2297 665 2378 confugiebant
686 2296 848 2376 querelam.
895 2295 954 2356 Cur
969 2293 1109 2366 Sabbata,
1132 2293 1312 2374 inquiebant,
1333 2313 1388 2375 pa-

160 2395 314 2474 ralyticum
336 2418 421 2461 sanas
443 2410 472 2460 et
493 2402 591 2461 visum
613 2418 700 2460 caeco
723 2406 793 2458 nato
817 2395 977 2458 restituis?
1021 2396 1101 2456 llaec
1122 2403 1219 2456 autem
1235 2395 1390 2475 speciosae

161 2497 314 2558 dumtaxat
334 2518 441 2560 causae
461 2510 555 2570 erant,
577 2498 706 2577 nibilque
728 2499 816 2570 aliud,
839 2497 897 2558 nisi
918 2515 1034 2560 merum
1057 2515 1199 2560 murmur.
1242 2495 1288 2556 lili
1310 2495 1390 2556 enim

165 2595 273 2666 etiam,
295 2615 361 2656 cum
382 2597 448 2657 aliis
470 2597 576 2658 diebus
597 2597 738 2660 Dominus
761 2617 879 2658 omnem
901 2598 1039 2660 morbum
1063 2605 1093 2657 et
1115 2597 1315 2658 infirmitatem
1338 2612 1389 2653 sa-

173 2700 275 2765 naret,
302 2712 385 2754 more
406 2695 494 2754 solito
517 2697 770 2772 conquerebantur
791 2699 997 2776 malebantque
1019 2696 1173 2758 beelzebul
1196 2713 1266 2756 eum
1289 2691 1392 2770 appel-

170 2790 271 2852 lantes
302 2791 331 2852 in
353 2793 512 2871 impietatis
536 2795 734 2872 suspicionem
756 2797 872 2866 venire,
902 2816 988 2875 qnam
1010 2797 1162 2876 propriam
1185 2793 1316 2856 abiicere
1337 2809 1391 2850 ne-

165 2891 302 2971 quitiam.
346 2893 425 2954 Hine
445 2894 513 2956 licet
528 2893 664 2955 Salvator
683 2895 773 2955 variis
795 2895 952 2974 multisque
974 2897 1072 2956 modis
1094 2913 1178 2956 suam
1200 2895 1265 2972 ipse
1287 2889 1393 2952 dirici-

163 3000 257 3054 tatem
279 2995 472 3073 patefaceret,
495 2993 651 3073 Patrisque
674 2993 873 3072 cognitionem
895 3015 1000 3056 omnes
1023 2994 1179 3066 edoceret,
1202 2991 1244 3054 iili
1264 2989 1392 3054 velutin

162 3093 302 3156 stimulos
325 3096 531 3169 calcitrantes,
556 3096 646 3156 stulte
668 3093 850 3155 blaterantes
872 3091 1128 3164 contradicebant,
1154 3093 1241 3172 idque
1261 3099 1388 3154 tantum·

159 3195 251 3256 modo
273 3205 306 3256 ut
328 3197 409 3258 iuxta
432 3197 564 3258 divinum
587 3194 781 3280 proverbium
805 3193 975 3273 excogitatis
998 3191 1200 3254 occasionibus
1222 3211 1255 3254 se
1270 3192 1387 3274 ipsese

159 3297 281 3358 ueritate
303 3307 486 3377 separarent.

243 3503 273 3562 2.
319 3501 420 3580 ltaque
443 3500 551 3572 ludaei,
575 3499 625 3578 qui
646 3507 708 3561 tam
729 3497 863 3578 improbe
877 3496 1035 3563 Dominum
1056 3497 1211 3576 negabant,
1233 3497 1297 3558 iure
1318 3515 1383 3560 me·

159 3601 217 3661 rito
240 3609 270 3662 et
290 3601 387 3680 legum
409 3610 439 3663 et
461 3601 604 3674 omnium,
626 3619 703 3680 quae
724 3598 861 3662 Patribus
883 3597 1033 3679 promissa
1049 3599 1141 3670 luere,
1165 3605 1301 3676 expertes
1316 3599 1386 3662 laeti

161 3711 240 3764 suut.
274 3701 383 3766 ,triani
403 3721 485 3776 vero,
508 3703 559 3781 qui
579 3700 706 3762 ludaeos
727 3701 818 3763 hodie
840 3700 1002 3772 imitantur,
1024 3697 1153 3776 Caiphae
1175 3705 1206 3758 et
1226 3698 1386 3762 Pharisae-

163 3821 246 3862 orum
274 3803 348 3863 mibi
369 3801 504 3863 ridentur
526 3819 594 3862 esse
616 3802 693 3863 baud
717 3801 885 3863 dissimiles.
931 3799 1007 3860 Cum
1029 3797 1108 3858 enim
1131 3815 1214 3858 suam
1237 3797 1385 3861 baeresim

164 3902 251 3978 nibil,
287 3903 367 3981 quod
396 3902 503 3962 rationi
525 3902 564 3961 sit
585 3910 836 3972 consentaneum,
865 3899 1020 3960 continere
1048 3896 1179 3972 videant,
1212 3899 1385 3962 occasiones

164 4004 272 4082 pariter
293 4003 481 4082 confingunt,
512 4019 578 4062 cum
601 4001 659 4060 boc
679 4007 765 4079 pecto
787 4000 985 4079 interrogant:
1016 3997 1075 4060 Cur
1096 3999 1154 4061 boc
1174 4000 1275 4078 potius
1297 4017 1386 4078 quam

164 4103 231 4165 illud
253 4104 397 4182 scriptum
418 4100 493 4165 eet?
536 4100 644 4162 Verum
666 4117 704 4163 ne
725 4099 857 4174 mireris,
881 4087 907 4162 si
929 4117 1006 4162 nunc
1026 4099 1065 4161 ita
1086 4119 1120 4162 se
1142 4108 1260 4178 gerant:
1288 4099 1384 4182 siqui-

168 4321 203 4381 18,
224 4321 247 4370 l.
264 4314 424 4435 ’'rvfflss,
441 4320 515 4382 ζητεῖ
530 4312 600 4390 ἀνὴρ
616 4313 747 4388 ῥουλόμε-
798 4323 836 4372 nis
859 4321 919 4398 ruis.
935 4318 1042 4384 querelis
1065 4319 1208 4370 nemetense
1226 4319 1383 4386 quaerebant,

164 4403 208 4441 res
219 4386 392 4454 χωρζεσθιι
407 4383 463 4438 απὸ
481 4383 580 4455 φίλων.
619 4391 644 4440 td
662 4396 746 4448 escol
798 4397 824 4440 at
840 4404 853 4440 a
871 4395 969 4438 veritate
983 4387 1138 4466 ⁸recederent.
1167 4453 1190 4466 ..
1368 4451 1382 4462 ..

164 4455 233 4504 babet
250 4459 618 4523 vulgatefaeceet’omquoerit,
638 4459 745 4522 quieuit
829 4472 851 4506 c.
869 4457 910 4506 Sic
933 4455 1020 4516 Regem
1043 4467 1089 4504 me.
1130 4453 1193 4504 Edrtr
1214 4467 1271 4504 rere
1295 4460 1320 4504 el
1342 4451 1385 4502 elit

164 4525 265 4574 recedere
282 4527 310 4576 ol
328 4529 410 4578 onice.
444 4527 486 4576 Sic
502 4539 590 4589 nempe
605 4524 687 4576 Ariani
703 4539 744 4575 m·
795 4517 848 4588 pile
864 4517 928 4592 γάρ.
1144 4583 1182 4636 υ
