3054 5236
430 391 548 438 cosm
560 393 883 438 momrrsmnrrmom
898 395 931 438 u.
1226 381 1288 446 909

25 545 158 608 medio
180 530 292 608 tol'loot
311 544 342 606 in
364 541 526 624 perniciem
549 551 636 616 eunt,
669 561 737 605 cum
760 551 791 606 et
810 561 881 606 vera
901 527 1066 608 incarnatio
1088 545 1164 608 lacta
1185 556 1217 608 et
1235 563 1376 612 re-osn.

24 649 127 710 ritas
153 647 230 720 visa,
252 646 345 727 grstia
367 663 486 726 quoquo
508 643 683 708 testimonio
707 644 899 724 comprobata
921 645 1021 707 luent.

141 856 174 914 4.
220 847 280 910 Cur
311 847 411 927 itaque
446 847 569 926 argutiis
605 844 898 924 sophismatibusque
926 846 1128 910 contenditis?
1166 848 1231 920 Qua
1252 849 1290 912 de
1410 897 1412 902 .

4 971 145 1014 ‘causa
169 947 358 1012 simulatione
379 945 514 1020 utimini,
544 954 576 1008 et
596 963 689 1024 qnsre
711 946 807 1025 palam
830 965 892 1008 non
913 947 1029 1022 dicitis,
1064 967 1131 1012 eum
1154 933 1215 1010 non
1238 969 1288 1012 ss-

29 1059 154 1116 sumta
178 1051 257 1114 servi
280 1049 375 1112 lorma
397 1049 550 1110 hominem
572 1049 681 1109 laetum
703 1047 815 1124 luisse,
838 1048 892 1110 sad
913 1049 998 1128 quasi
1021 1049 1172 1112 hominem
1194 1067 1288 1130 oppa·

27 1151 183 1217 ruisset
226 1151 268 1213 En
290 1149 400 1232 quippe
422 1157 470 1213 est
486 1148 729 1229 interrogationis
757 1156 874 1212 vestrae
896 1150 1089 1229 significatio,
1122 1171 1179 1231 qua
1205 1153 1288 1214 lrau-

30 1257 196 1318 dedenter
222 1253 287 1332 ipse
315 1263 346 1314 et
372 1252 439 1332 ipse
467 1251 573 1314 iterato
595 1244 703 1314 dicitis.
746 1251 891 1332 ldeoqno-
906 1270 994 1314 verae
1016 1251 1210 1316 incarnationi
1233 1256 1271 1314 ad
1382 1321 1387 1332 ,

2 1394 3 1397 =
28 1356 171 1420 versari
191 1353 318 1418 studetis
345 1371 461 1433 numne
483 1352 638 1416 calumniis
662 1351 857 1433 oppugnatis,
880 1352 1052 1434 dicitisque:
1080 1351 1373 1416 Homines-illinere.

32 1460 161 1520 dicunt
181 1455 331 1520 Christum
352 1473 422 1517 esse
444 1455 606 1528 homiuem,
629 1455 679 1534 qui
699 1455 779 1517 Deus
801 1455 896 1518 lacem
920 1454 969 1518 sit.
1012 1455 1124 1536 Ecquid
1147 1455 1206 1516 sibi
1227 1454 1286 1518 rrrlt

31 1559 141 1622 illud:
166 1557 205 1620 lo
223 1560 378 1638 principio
395 1569 465 1619 eret
490 1555 624 1627 Verteris,
647 1563 677 1616 et
698 1555 840 1618 Formosa
861 1560 946 1620 servi
964 1561 1115 1639 oooipicu
1131 1559 1226 1620 lactes
1241 1565 1288 1618 ast

2 1705 6 1711 -
34 1663 165 1732 homo,
189 1675 276 1737 quam
298 1665 350 1720 aut
377 1657 544 1730 hominem,
566 1656 657 1730 oium,
680 1675 746 1720 curu
769 1657 832 1720 lieo
855 1657 1041 1733 existentem,
1064 1667 1115 1724 aut
1135 1656 1286 1720 hominem
1355 1687 1363 1702 ·

35 1763 113 1824 Deo
133 1758 352 1838 complicatum,
375 1766 427 1819 aut
439 1757 591 1820 hominem
607 1775 663 1838 pro
684 1758 796 1820 mundo
818 1767 967 1822 mortuum
984 1769 1014 1822 et
1028 1761 1079 1840 qui
1093 1778 1163 1840 pars
1184 1759 1287 1822 mundi

1 1893 13 1925 ·,
37 1864 105 1935 sit,
141 1868 194 1924 out
214 1858 369 1920 hominem
391 1857 504 1938 peccati
522 1876 587 1922 nou
609 1867 776 1939 expertem,
799 1867 849 1921 aut
870 1861 1023 1922 hominem
1041 1861 1162 1940 Angelis
1188 1860 1285 1940 impe·

1 2020 3 2032 ,
26 1969 181 2034 'rentem
204 1960 440 2034 auhhomimm,
461 1959 512 2040 qui
535 1979 552 2022 a
574 1960 719 2022 mentoris
734 1959 886 2035 adoretur,
906 1969 959 2024 aut
972 1960 1135 2034 hominem,
1157 1961 1207 2040 qui
1221 1961 1285 2024 llo-

1 2049 2 2052 *
38 2066 156 2127 minus
179 2062 229 2135 eit,
251 2061 369 2124 diceme
389 2061 552 2142 Apostolc;
573 2061 689 2126 Persius
705 2081 815 2126 servus
830 2061 900 2125 leae
918 2062 1042 2134 Cloa'sti,
1063 2071 1114 2124 aut
1134 2061 1287 2126 hominem

1 2150 2 2233 J
38 2164 242 2236 crucifixum,
274 2163 325 2244 qui
346 2161 490 2226 Dominus
514 2164 555 2226 sit
575 2162 702 2242 gloriae,
731 2172 783 2226 aut
804 2163 971 2237 hominem,
1001 2163 1051 2244 qui
1074 2165 1148 2227 haec
1168 2163 1285 2228 audiat:

1 2250 6 2338 f
40 2269 129 2331 Sede
153 2285 173 2328 o
195 2267 313 2328 doctrin
334 2269 423 2338 meis,
446 2274 498 2327 aut
518 2265 682 2337 hominem,
704 2264 756 2344 qui
777 2271 919 2328 venturus
941 2267 991 2339 sit,
1014 2265 1210 2328 otmundum
1233 2265 1285 2328 io-

1 2359 2 2380 ³
40 2365 156 2432 dicet?
186 2365 267 2430 llaec
288 2375 335 2430 cst
356 2367 459 2430 lutoso
480 2375 577 2430 restra
599 2367 769 2438 subversio,
795 2385 852 2447 qua
875 2367 1011 2430 homines
1033 2367 1143 2447 potatis
1165 2374 1195 2428 et
1216 2366 1284 2427 ine-

1 2543 2 2546 ,
39 2469 168 2532 hriatis.
211 2468 394 2548 interrogate
416 2487 488 2549 ergo
510 2468 655 2541 ludaeos,
690 2475 724 2530 ut
755 2487 822 2530 cum
854 2469 929 2532 lroec
961 2469 1027 2548 ipsa
1059 2465 1149 2528 rerba
1180 2474 1283 2529 contro

1 2564 2 2571 '
41 2570 206 2632 Christum
227 2578 258 2630 et
278 2579 380 2631 conus
403 2569 513 2632 Consti
536 2567 638 2630 lideles
661 2568 697 2630 ab
719 2569 778 2632 illis
800 2571 914 2650 prolatu
934 2567 1098 2642 audieritis,
1121 2567 1282 2630 erubesca-

43 2671 99 2732 tis,
147 2667 260 2730 Discite
281 2687 400 2748 quoque
421 2669 458 2731 ab
481 2669 545 2731 aliis
567 2669 733 2745 haereticis,
758 2671 808 2751 qui
831 2671 933 2734 eadem
955 2687 1030 2748 quse
1045 2687 1099 2730 vos
1118 2669 1283 2749 loquuntur

43 2781 78 2832 et
100 2769 250 2833 sentiunt
293 2770 327 2832 ln
349 2769 479 2832 medinm
494 2770 676 2834 adducantur
697 2771 797 2852 itaque
819 2771 1038 2834 haereticorum
1058 2771 1205 2849 dogmata,
1229 2763 1282 2830 're-

1 2870 7 2965 Ἰ
44 2882 112 2936 stra
128 2872 287 2944 sententia,
309 2871 379 2934 lidei
393 2879 515 2934 nostrae
530 2872 617 2945 ratio,
639 2873 790 2953 Evangelii
805 2871 949 2946 delinitio,
963 2871 1177 2951 Apostolorum
1189 2887 1281 2950 prae-

44 2974 172 3048 dicatio,
192 2973 410 3052 Prophetarum
432 2974 637 3038 testimonium
659 2983 691 3036 et
711 2981 847 3054 peractae
861 2972 1055 3038 oeconomiae
1068 2991 1158 3034 verus
1173 2970 1281 3034 modus

44 3073 288 3154 remuneratio.

2 3355 6 3367 ι
136 3279 167 3338 5.
210 3273 401 3354 Respondete
422 3274 522 3354 igitur,
545 3293 602 3354 qua
623 3275 739 3338 radone
761 3273 859 3338 dicitis
872 3275 967 3338 licum
983 3293 1019 3338 ex
1032 3275 1156 3337 Namnet
1170 3275 1281 3336 lactum

45 3377 154 3449 luisse,
175 3373 339 3455 licitatigue
360 3376 478 3438 initium
501 3376 647 3438 existendi
668 3377 749 3439 iuxta
763 3375 887 3440 Paulum
901 3375 1143 3439 Samosatansem
1162 3374 1277 3438 adscri-

44 3478 135 3550 bitis,
165 3483 217 3540 aut
243 3475 342 3538 earnis
368 3475 591 3555 generationem
612 3477 727 3556 negatis
749 3477 829 3539 iuxta
849 3475 1031 3540 llarcionom
1054 3481 1085 3538 et
1105 3475 1180 3538 alios
1203 3474 1277 3537 lme-
1369 3459 1376 3478 ⁸

1 3581 2 3589 ’
45 3579 168 3651 reticos,
191 3595 247 3640 neo
267 3575 299 3638 in
321 3577 441 3640 statutis
462 3576 645 3656 Evangelieis
667 3577 814 3652 inceditis,
837 3578 891 3640 ead
913 3577 1000 3640 vultis
1023 3595 1060 3638 ex
1081 3575 1202 3656 propria
1227 3575 1276 3636 lo·

1 3664 2 3670 ¹
46 3679 96 3759 qui
117 3675 289 3742 sententis?
331 3678 403 3742 ldeo
425 3679 506 3740 enim
527 3678 627 3742 dicitis
649 3679 743 3743 Deum
765 3678 935 3758 exvirgtne
955 3685 1059 3742 mtum
1080 3695 1150 3740 esse
1164 3695 1199 3739 ac
1213 3691 1274 3738 non

45 3769 141 3842 ileum
161 3787 193 3839 ot
212 3777 366 3840 homiuem
385 3779 468 3840 iuxta
489 3779 692 3857 llmngelicom
713 3779 927 3852 definitionem,
949 3797 987 3840 ne
1009 3779 1036 3840 si
1059 3778 1155 3842 cernis
1179 3793 1273 3856 geno·

46 3879 194 3942 rationem
214 3875 430 3950 confiteamini,
458 3877 555 3956 ipsum
575 3877 739 3940 cumdem
761 3878 916 3940 adnu‘ttare
937 3877 1100 3956 cogemini,
1123 3895 1181 3956 quo
1202 3895 1275 3940 sane

82 4127 105 4176 d.
125 4125 224 4186 segnor-
241 4118 287 4173 καὶ
303 4115 386 4172 πάλιν
403 4117 434 4173 sd
451 4117 482 4176 ἐν
499 4116 578 4192 ἀρχῇ.
724 4127 747 4176 Ιι.
766 4127 800 4176 Ιιι
817 4119 908 4185 duglic
928 4127 1028 4189 Segoer.
1048 4125 1146 4178 Gobler.
1160 4127 1277 4176 etlelelr·
1294 4091 1299 4100 ι

83 4209 104 4244 e.
122 4185 138 4253 ἢ
156 4187 308 4258 ἄνθρωπον
324 4190 391 4257 degi,
410 4194 517 4255 Seguer.;
688 4194 769 4244 manni
781 4194 803 4244 l.
837 4194 900 4244 Editi
918 4209 973 4245 raro
990 4189 1106 4260 γένεσιν.
1141 4193 1276 4244 lloaliasil.

83 4263 99 4312 l.
118 4261 213 4312 Gobler.
237 4269 261 4311 st
278 4260 383 4312 Fslclm.
395 4260 418 4310 l.
428 4253 505 4327 παρὰ
521 4257 578 4309 τόν
590 4251 636 4310 ‹iti-
687 4255 752 4315 soie
768 4251 863 4316 ἄλλους
880 4259 936 4312 reia
953 4254 1106 4327 adprensis.

49 4319 482 4461 fflajssnssggssf‘wm
518 4327 570 4379 ΗΜ
588 4329 635 4380 ⁸⁸⁸
720 4361 736 4412 i.
760 4355 808 4410 atui
829 4363 898 4412 deest
920 4363 944 4412 in
968 4361 1066 4414 Goblsr.
1084 4369 1108 4413 et
1125 4361 1230 4414 Felclrm.
1251 4363 1273 4412 l.

83 4429 219 4527 gsgggwo
237 4463 327 4524 Νῆα
347 4463 443 4514 mor·
456 4463 596 4514 amm
611 4463 633 4514 ¹·
684 4427 738 4479 llos
756 4429 855 4494 Seguer.
875 4430 972 4482 Gubler.
991 4429 1129 4481 etl'slelm.
1141 4431 1164 4480 l.
1180 4425 1274 4496 γέννη-

50 4521 222 4608 ῙῑΝμζαρέτ.
249 4531 311 4582 liditl
328 4521 442 4588 osec.
466 4523 634 4586 lioxclssote
685 4505 732 4617 {z
749 4490 858 4564 σαρκός·
895 4497 958 4549 3⁶5¹*
977 4505 1000 4550 ²¹
1017 4498 1058 4550 ’ΠΙ
1082 4492 1190 4564 stV‘W
1208 4507 1274 4564 ⁶⁰²9·

53 4603 134 4660 fltttv
150 4600 219 4651 deest
234 4599 259 4652 ie
276 4599 377 4663 Segosr.
733 4597 739 4611 ·
