3176 5304
614 370 770 414 surosrrra
786 369 875 415 rmer.
1338 355 1360 417 ll

100 538 127 579 ex
149 517 250 582 Patre
275 537 351 600 par
372 520 467 600 gloria
491 527 521 582 et
541 519 631 582 virtus
652 520 742 584 simul
761 520 890 600 ingenita
911 525 974 582 est:
995 537 1065 582 nam
1080 523 1133 600 pai
1144 521 1225 583 m’det
1239 519 1445 592 illebonam.

100 620 171 682 sidet
196 631 233 684 et
260 621 418 684 Patrem.
462 621 575 702 Nempe
603 621 701 684 omnia
721 640 776 701 per
797 621 902 684 Filiam
926 628 1024 683 ereata
1046 629 1131 682 sunt:
1158 629 1188 682 at
1209 639 1269 684 nou
1292 621 1360 702 ipse

95 739 139 780 res
163 729 222 782 est
249 731 383 796 ereata,
406 723 450 785 nti
472 723 519 784 bis
541 721 637 784 verbis
660 723 887 786 dooetPaulus:
913 723 994 796 Qnia
1016 725 1137 798 inipso
1161 733 1262 784 ereata
1283 735 1359 787 snat

95 825 213 894 amnia,
242 833 283 884 et
312 827 384 904 ipse
405 836 450 887 eet
472 834 542 886 ante
564 827 673 888 omnio.
704 823 769 884 Non
793 831 892 885 autern
907 822 978 884 tlioit
993 839 1061 882 eum
1076 828 1145 881 ante
1161 823 1259 884 omnia
1273 843 1356 886 area-

91 934 154 983 tnm
192 941 311 997 esan,
346 923 400 986 sed
428 941 497 986 ease
527 931 595 986 ante
624 923 735 985 omnia.
778 923 843 985 lloa
874 923 965 1001 igitur
988 921 1110 983 verbum
1143 933 1277 984 ereatnm
1299 945 1362 988 esse

91 1023 128 1082 tle
159 1024 342 1086 omnibus
375 1024 494 1104 quidem
525 1025 645 1088 dieitur:
677 1023 731 1087 sed
762 1043 827 1088 aare
858 1031 926 1088 ante
953 1023 1052 1085 omnia
1076 1021 1133 1084 soli
1162 1022 1263 1102 utique
1288 1023 1360 1087 lilio
1370 1043 1443 1092 ran.

90 1125 265 1204 congruit.

191 1428 234 1490 3.
294 1425 348 1487 llle
368 1426 467 1506 itaque
488 1427 567 1488 letus
590 1435 637 1488 est
658 1436 761 1488 natura
783 1428 934 1505 perlectus
956 1441 992 1484 ex
1006 1425 1146 1502 perlecto,
1169 1431 1236 1486 ante
1253 1405 1360 1486 amnes

8 1517 9 1570 ἶ
93 1527 200 1590 eolles
234 1528 383 1607 genitus,
416 1529 475 1590 boo
508 1536 556 1590 eat
589 1534 656 1590 ante
679 1545 798 1589 omnem
821 1533 955 1588 naturam
976 1525 1091 1587 ratione
1114 1534 1144 1588 et
1165 1524 1359 1606 intelligentia

95 1629 308 1706 praeditam,
331 1629 579 1708 quemadmodum
602 1628 671 1690 alibi
689 1627 796 1689 Paulus
819 1645 886 1689 eum
909 1635 991 1688 vacat
1008 1630 1246 1708 primogenitum
1261 1629 1359 1690 omnia

100 1740 309 1792 ereatmm.
353 1731 461 1792 Verum
484 1749 549 1792 oum
571 1729 802 1809 primogenitum
825 1727 912 1802 dixit,
940 1727 1021 1790 illum
1044 1745 1106 1788 non
1127 1735 1258 1788 ereetum
1281 1746 1359 1802 esse,

98 1829 162 1892 sed
190 1833 302 1892 letum
324 1849 393 1892 esse
407 1829 505 1892 Patris
527 1829 711 1910 significavit.
755 1827 904 1907 Siquidem
926 1829 1053 1890 alienum
1076 1836 1124 1888 est
1146 1826 1183 1888 ab
1206 1827 1269 1887 eins
1285 1827 1361 1890 diri·

100 1932 239 2005 nitate,
273 1949 338 1993 rem
372 1937 500 1992 creatam
534 1931 633 2010 ipsum
666 1928 733 1990 diei.
777 1926 884 1990 On'rnla
913 1927 991 1988 enim
1019 1947 1035 1988 a
1063 1927 1150 1990 Patra
1177 1945 1234 2006 per
1255 1925 1363 1987 Filium

103 2041 234 2093 ereata
258 2041 344 2094 sunt:
374 2031 458 2092 solus
486 2039 584 2092 autem
605 2029 699 2090 Filius
729 2029 765 2090 ab
794 2028 969 2090 aeternitate
997 2045 1033 2088 ex
1054 2027 1140 2088 Patre
1162 2027 1279 2105 genitus
1303 2032 1361 2098 est,

107 2133 211 2192 unde
235 2132 315 2204 Dens
336 2133 463 2196 Verbum
484 2130 700 2212 primogenitus
723 2139 769 2191 est
792 2128 891 2190 omnis
916 2135 1083 2200 creaturae,
1112 2127 1300 2190 immutabilis
1323 2145 1360 2190 ex

108 2233 318 2296 immutabili.
361 2235 462 2313 ltaque
491 2251 609 2313 corpus,
640 2231 720 2312 quod
747 2231 867 2310 quidem
896 2237 1019 2310 propter
1040 2247 1097 2290 nos
1120 2229 1276 2301 assumsit,
1310 2249 1359 2291 res

111 2343 233 2396 ereata
255 2343 311 2406 est,
334 2335 372 2412 da
392 2355 449 2415 qno
473 2335 543 2396 tliait
564 2333 705 2395 leremiaa
728 2331 807 2394 iuxta
823 2331 1015 2410 Septuaginta
1030 2329 1229 2408 interpretum
1251 2329 1359 2391 editio-

113 2451 221 2494 nem:
244 2434 389 2498 lloma'rmo
412 2441 526 2498 ereaait
547 2436 635 2496 nabis
657 2438 689 2494 in
708 2432 933 2514 plantationem
954 2431 1085 2496 salntem
1107 2447 1225 2500 nonam,
1248 2435 1280 2492 in
1301 2449 1386 2512 qno.

117 2533 236 2596 sainte
258 2535 388 2598 bominis
412 2536 619 2598 aironmibnnt.
663 2535 828 2611 Interprete
850 2539 949 2594 antem
971 2531 1088 2610 Aquila:
1113 2531 1234 2594 Creonit
1254 2531 1362 2594 Donn-

121 2652 199 2692 mn
220 2651 334 2694 nouum
354 2637 387 2693 in
408 2633 531 2710 [noina.
575 2633 676 2694 Creata
697 2652 788 2712 porro
801 2631 901 2693 *nobis
917 2632 947 2692 in
963 2631 1174 2712 plantationem
1191 2630 1272 2691 salus
1287 2647 1364 2690 nova

136 2731 406 2807 etnubentium,
437 2732 526 2790 nobis
549 2739 578 2790 et
598 2750 658 2790 unu
679 2741 746 2792 ante
767 2751 843 2804 nos,
865 2732 950 2792 lesus
973 2739 1029 2802 est,
1053 2730 1103 2807 qui
1126 2739 1274 2808 quatenns
1298 2728 1365 2788 Sal·-

142 2835 232 2887 vator
252 2829 347 2890 laetus
370 2834 416 2888 est
434 2829 545 2901 bomo,
580 2847 653 2905 quae
674 2830 793 2906 quidem
813 2847 871 2888 vox
893 2829 979 2891 leons
1002 2829 1159 2907 aliquando
1183 2828 1277 2898 salus,
1312 2825 1367 2886 ali-

139 2928 263 3004 quando
281 2926 421 2998 ¹salvator
448 2926 590 2988 redditur.
633 2927 686 2986 Est
712 2937 810 2986 autem
839 2945 875 2986 ex
897 2927 1048 2987 Salvatore
1078 2927 1178 2994 salus,
1207 2931 1241 2986 ut
1263 2943 1299 2984 ex
1320 2923 1367 2986 lu-

139 3027 219 3089 mine
250 3025 436 3088 illumr‘uatio.
481 3027 583 3106 ltaque
612 3043 687 3086 nova
716 3043 750 3084 ex
773 3025 922 3086 Salvatore
945 3035 1041 3088 ereata
1064 3025 1164 3112 salus,
1187 3029 1219 3082 ut
1240 3023 1368 3102 loquitur

137 3127 289 3198 ieremias,
314 3127 401 3188 nobis
424 3128 551 3190 salutem
573 3143 680 3186 noram
703 3126 822 3187 creavit.
865 3125 920 3184 Vel
941 3133 974 3184 ut
994 3123 1083 3182 vertit
1107 3121 1224 3200 Aquila:
1249 3123 1366 3186 Creauit

135 3229 287 3290 Dominus
317 3219 429 3290 nonnos
463 3231 495 3289 in
521 3229 655 3306 semina,
685 3226 716 3287 id
738 3232 785 3286 est
807 3225 838 3284 in
861 3223 962 3284 Maria.
1007 3221 1084 3283 Nibil
1106 3223 1182 3284 enim
1205 3241 1309 3285 novum
1331 3225 1362 3286 in

135 3329 244 3388 temina
267 3337 397 3389 creatum
420 3334 474 3400 est,
497 3326 555 3388 nisi
579 3325 762 3386 dominicum
786 3343 911 3403 corpus,
935 3322 1014 3402 quod
1035 3322 1124 3384 llaria
1146 3323 1226 3402 virgo
1249 3325 1361 3404 absque

135 3427 297 3491 concubitu
319 3429 445 3508 peperit,
467 3435 557 3489 ulter
579 3445 709 3504 persona
730 3425 800 3488 lesu
822 3425 852 3486 in
874 3423 1044 3486 Proverbiis
1066 3424 1189 3502 legitur:
1212 3425 1361 3488 Dominus

167 3663 192 3711 t.
210 3659 721 3722 stenegtaesegaer.sollenatletata.
806 3673 828 3720 g.
848 3645 951 3730 Hylai}
970 3658 1035 3708 nntla
1059 3671 1148 3706 noman
1168 3657 1236 3706 lesus
1257 3671 1270 3705 a
1289 3655 1362 3708 rerba

135 3731 153 3778 l,
171 3743 244 3777 anan.
280 3732 308 3777 tt
325 3727 364 3776 alii
383 3741 436 3777 eura
455 3727 525 3777 editis
544 3721 578 3774 τό
595 3728 719 3776 omittant:
771 3727 833 3788 ,pis
857 3744 955 3806 mm,
974 3741 1071 3805 quidem
1091 3739 1219 3790 mmm:
1239 3747 1263 3788 ,ι
1275 3753 1364 3790 „omn

136 3795 241 3858 edili¹l¹¹⁰
259 3785 431 3857 bilem&
451 3785 720 3859 f'l'fffiffl‘i‘di’m
773 3811 900 3872 proprium
930 3808 987 3858 inde
1015 3807 1145 3855 tenuatam
1169 3814 1233 3854 rente
1258 3807 1365 3856 Salvator

137 3861 235 3910 ΝΜ·
774 3881 881 3925 vertitur.
919 3875 981 3922 ilina
1005 3873 1163 3934 Hieronymus
1189 3872 1229 3920 tib.
1249 3871 1266 3922 Ι.
1296 3886 1363 3921 cotn-

172 3975 192 4008 ε’
204 3952 725 4024 gwwfflydeesljnGohpmppepepm,
778 3949 880 3989 menter.
900 3939 1039 4016 intentu:
1059 3939 1121 3986 letos
1139 3938 1241 3988 llebrneo
1261 3952 1365 3988 sermone

139 4027 156 4074 l.
175 4039 247 4104 anon.
283 4027 419 4090 lliaparra
439 4025 508 4074 loeus
526 4025 563 4071 sta
581 4023 727 4071 tallebraeo
780 4005 895 4119 {nomnen
912 4006 1004 4118 ‘¹¹²⁶m‘f·
1039 4003 1107 4053 ΗΜ
1134 4005 1213 4119 ¹5⁰⁰¹¹⁰¹
1236 4003 1365 4133 ἷῗωὲάῗ*
1427 4063 1430 4068 Α

142 4092 244 4152 ¹²⁸¹¹⁰¹²
451 4158 457 4170 .
520 4157 603 4217 .,.,
650 4169 669 4212 ,
781 4084 1066 4186 attentati:
1082 4066 1135 4187 lt,
1152 4085 1233 4196 titi
1248 4084 1307 4200 ,tt
1323 4083 1367 4184 ii

176 4171 261 4248 ⁵39³:
284 4171 381 4246 Vibi
402 4170 501 4248 ”W
521 4197 527 4218 '
547 4168 602 4244 ΞΗε
625 4169 692 4240 ῃ
780 4205 816 4253 bia
840 4205 934 4254 eondita
957 4211 990 4254 eat
1013 4207 1043 4254 ao
1066 4205 1234 4268 plantationem
1254 4209 1365 4260 nostram,

140 4325 145 4334 .
327 4329 331 4337 Ι
492 4253 567 4328 *Ἷὲξ
589 4251 696 4334 ῧὲἾῧζἾ,
778 4287 838 4322 noea
856 4277 889 4322 ert
909 4279 930 4321 et
947 4287 993 4320 non
1009 4276 1082 4328 aetna,
1102 4271 1170 4319 nobis
1188 4275 1209 4317 et
1226 4267 1370 4332 nortmanni

140 4324 163 4401 ti
181 4330 233 4372 est:
254 4323 500 4404 maritumum
515 4340 540 4372 ¹¹¹
552 4332 621 4385 lm,
641 4327 728 4387 imma
779 4345 832 4388 ante
848 4354 899 4398 aas,
920 4337 983 4387 leant
1001 4339 1042 4400 qni
1059 4339 1127 4385 iaxta
1141 4335 1281 4384 salvatorem
1291 4339 1368 4398 [notua

139 4389 385 4440 mandatarium
778 4411 812 4454 eat
829 4405 912 4464 borao,
940 4405 980 4466 qni
997 4405 1162 4464 interpretatur
1176 4408 1270 4464 pastor,
1291 4400 1366 4457 talne

172 4475 188 4522 l.
207 4473 250 4522 Sia
267 4472 365 4532 Seguer.
401 4474 480 4523 Ceteri
498 4487 553 4522 nera
572 4473 726 4522 etentttoa-
776 4472 893 4520 innatam
910 4472 979 4518 etiam
997 4469 1111 4518 Salvator.
1147 4465 1211 4516 llaec
1228 4467 1260 4517 ibi
1279 4479 1370 4530 perpe-

140 4540 234 4603 aapiac
251 4533 344 4596 καινή,
363 4539 485 4590 mendose.
776 4549 829 4585 rent
848 4551 862 4584 e
878 4537 970 4585 Graeco
993 4530 1096 4584 reddite.
