3234 5282
558 435 666 482 omero
682 437 714 482 rr.
730 437 845 484 oonrm
859 439 1006 484 itatenus.¹
1324 424 1388 487 425

49 665 62 684 .
156 608 276 662 sumus,
309 587 337 649 is
366 605 434 650 esse
461 603 523 648 non
551 591 678 667 poteret.
722 587 855 668 Namque
881 589 913 650 in
941 588 1037 669 prima
1065 589 1216 654 creatione
1249 591 1475 674 inlidelesruae.

155 690 226 755 laeti
246 697 318 751 sunt
337 687 493 759 homines,
522 705 556 749 ao
576 705 632 766 per
654 705 707 749 eos
729 687 825 768 prima
847 687 895 750 illa
917 688 1007 769 periit
1028 699 1176 768 ereetum,
1208 701 1239 756 et
1259 693 1389 774 proinde

158 811 235 874 opus
258 791 317 854 alio
340 798 412 864 erat,
436 790 486 870 qui
509 797 540 851 et
560 790 687 869 primam
708 797 869 851 renovaret
890 798 921 850 et
941 807 1048 852 novem
1068 791 1172 858 laetum
1188 801 1386 858 conservaret.

156 894 258 974 ltaque
287 909 349 954 non
376 889 489 971 aliquis'
514 889 607 965 alius,
640 887 694 952 ned
721 889 869 953 Dominus
900 889 975 952 mira
1003 890 1185 973 benignitate
1212 893 1388 975 prinoiplum

156 1013 253 1057 norae
275 1001 426 1056 ornaturae
448 999 567 1054 eruatur
588 990 649 1067 ria,
679 992 758 1054 unde
787 991 853 1054 iure
873 991 983 1055 merito
1009 993 1066 1056 ait:
1103 993 1252 1058 Dominus
1275 1001 1390 1061 oreuoit

156 1115 203 1159 me
221 1099 407 1178 principium
429 1097 551 1156 uiarum
572 1112 701 1157 sunnam
721 1097 756 1156 ιἰι
777 1111 872 1175 opere
892 1113 964 1167 ruo,
993 1103 1026 1157 ut
1054 1113 1116 1156 non
1145 1095 1204 1157 iam
1226 1097 1391 1162 secumdum

159 1197 293 1278 priorem
313 1195 393 1258 illam
413 1195 492 1258 vivat
512 1196 614 1269 humo,
637 1195 691 1258 sed
714 1202 748 1257 ut
769 1195 915 1260 existente
937 1196 994 1258 ianr
1016 1197 1164 1277 principio
1187 1215 1281 1260 novae
1303 1217 1388 1262 erea-

159 1309 261 1373 turoe,
278 1297 499 1378 ¹Christumque
520 1297 586 1360 eius
608 1299 721 1360 viarum
742 1297 921 1378 principium
942 1297 1102 1372 habentes,
1125 1298 1225 1378 ipsum
1248 1300 1390 1382 deinceps

160 1418 320 1481 sequamur
339 1401 502 1462 dicentem:
531 1399 594 1480 Epo
617 1417 684 1462 rum
704 1403 764 1462 oio.
808 1397 843 1461 ld
864 1399 930 1480 ipso
951 1398 1057 1462 beatus
1078 1399 1240 1479 Apostolus
1263 1403 1390 1484 epistola

160 1499 197 1563 ad
219 1501 417 1565 colossenses
439 1501 487 1563 his
514 1499 615 1563 uerbis
644 1501 745 1564 dooet:
779 1499 850 1581 lpse
878 1512 924 1564 ert
949 1511 1040 1583 eaput
1062 1508 1203 1585 rumoris
1225 1503 1387 1579 Ecclesiae,
1494 1558 1499 1565 .

161 1607 214 1684 qui
233 1613 280 1666 est
298 1607 500 1684 prrieeipium,
520 1607 741 1684 primopem'tuo
764 1621 804 1666 eu
824 1605 965 1674 mortuis,
987 1613 1024 1666 ιιι
1044 1605 1088 1667 sit
1107 1608 1142 1666 ιἰι
1163 1607 1299 1671 omuiiuo
1322 1610 1396 1698 ipre*

155 1708 326 1786 primatum
348 1714 464 1766 teneus.
1023 1727 1031 1738 ·

248 1907 299 1971 66.
343 1904 474 1983 Namque
502 1903 545 1979 si,
576 1905 618 1966 uti
646 1903 841 1978 dictumest,
870 1901 909 1966 ob
931 1905 1180 1968 resurrectionem
1203 1925 1239 1968 ex
1260 1907 1388 1970 mortuis

161 2009 228 2090 ipse
249 2004 429 2088 principium
444 2005 616 2086 appellatur,
639 2016 709 2068 tune
722 2013 822 2068 autem
837 2007 910 2068 laeta
927 2014 975 2068 est
987 2007 1179 2082 resurreetio,
1203 2027 1268 2072 oum
1285 2020 1389 2073 nostra

123 2131 133 2168 ι
159 2111 283 2174 indutus
306 2127 394 2171 oarne
416 2127 449 2170 se
470 2108 536 2190 ipse
556 2127 613 2189 pro
636 2108 722 2170 nubis
745 2107 835 2172 morli
856 2107 994 2180 tradidit3
1021 2109 1140 2188 planum
1163 2109 1265 2191 ntique
1288 2111 1387 2188 luerit,

144 2213 208 2276 .his
231 2212 295 2274 eius
316 2210 431 2274 verbis:
461 2211 609 2274 Dominus
632 2213 748 2273 errauit
769 2229 815 2272 me
837 2213 957 2272 mitium
978 2213 1108 2288 niumm,
1131 2229 1192 2273 non
1214 2213 1314 2298 ipsius·
1331 2233 1387 2276 na-

158 2323 255 2376 turam
278 2315 332 2376 sed
356 2331 534 2393 corporeum
556 2312 713 2374 adrentum
735 2310 904 2390 significari.
946 2311 1027 2374 llors
1050 2311 1128 2374 enim
1151 2313 1215 2376 eius
1238 2315 1293 2377 init
1313 2335 1389 2396 pro-

158 2415 224 2498 prie
251 2417 405 2498 eorporis,
433 2434 468 2478 ao
494 2413 622 2495 proinde
650 2411 898 2492 quemadmodum
925 2431 1007 2476 mors
1030 2421 1076 2476 est
1097 2415 1233 2495 eorporis
1254 2415 1388 2495 propria,

159 2516 200 2579 itu
221 2537 384 2598 corporeae
405 2513 595 2596 praesentiae
616 2512 737 2593 propria
759 2520 830 2574 suut
850 2512 898 2576 illa
913 2513 1016 2576 verba:
1040 2515 1188 2578 Dominus
1212 2519 1327 2578 errauit
1340 2535 1388 2580 uu

160 2621 282 2678 initium
312 2623 433 2678 uiumm
460 2631 600 2690 suerum.
645 2613 717 2675 Cum
746 2614 823 2676 enim
852 2615 987 2678 Salvator
1007 2616 1063 2677 hau
1083 2616 1200 2678 ratione
1223 2615 1473 2682 secundumnur.

164 2733 283 2778 earnem
299 2722 416 2776 oreatus
432 2716 481 2790 sit,
506 2733 677 2795 eorumque,
701 2717 750 2796 qui
772 2725 955 2792 recreantur,
978 2718 1073 2779 laetus
1089 2717 1177 2780 luerit
1198 2716 1388 2798 principium,

148 2825 198 2879 'ao
218 2818 355 2877 nostrum
370 2815 477 2878 habeat
490 2815 647 2896 primitias,
672 2817 829 2880 humanam
846 2817 959 2880 seilicet
972 2835 1103 2890 earnem,
1126 2835 1214 2896 qnam
1230 2807 1389 2894 assu'meit3

162 2905 375 2980 conuenienter
395 2925 466 2996 post
487 2918 586 2998 ipsum
608 2921 723 2981 iuturus
746 2927 864 2982 eruatur
890 2918 1037 2998 populus,
1070 2917 1109 2978 de
1137 2936 1196 2998 quo
1220 2919 1262 2979 ait
1282 2919 1390 2981 David:

160 3019 328 3084 Seriiutur
350 3019 422 3081 iuer
442 3023 475 3081 in
495 3024 718 3098 perorationem
740 3019 885 3089 niteram,
913 3029 942 3079 et
967 3016 1116 3098 populus,
1151 3023 1203 3100 qui
1224 3019 1389 3092 errabitur,

160 3119 299 3184 laudubit
320 3120 492 3194 Dominum,
516 3127 547 3181 et
567 3138 672 3180 rursus
694 3119 814 3180 Psalmo
835 3117 980 3196 vigesimo
1002 3117 1115 3198 primo:
1149 3098 1392 3183 Auuuutiubdur
1458 3173 1464 3180 .

160 3219 292 3284 Dumium
312 3224 468 3300 ueneratio
490 3231 631 3293 uenturo,
653 3229 683 3283 et
704 3218 931 3282 annuntiabunt
945 3222 1092 3282 iustitium
1107 3224 1170 3283 ιιίιι
1189 3220 1315 3302 populu,
1339 3223 1392 3302 pui

161 3333 321 3398 nuscetur,
355 3339 440 3402 quem
468 3322 543 3401 seut
571 3312 731 3383 Dominus.
775 3317 836 3380 Neo
863 3319 941 3380 enim
969 3319 1096 3400 amplius
1118 3305 1244 3383 audituri
1268 3339 1388 3384 snmus:

162 3422 357 3504 Quocumque
380 3422 436 3484 die'
448 3423 635 3485 comederitis
657 3440 696 3484 eu
716 3438 761 3493 eo,
783 3431 881 3483 morte
901 3425 1081 3510 moriemimi,
1104 3422 1157 3485 sed
1178 3424 1232 3487 ubi
1244 3443 1310 3486 rum
1324 3441 1388 3504 epo,

160 3533 189 3587 et
209 3542 264 3585 oos
285 3526 390 3596 eritis,
421 3523 495 3585 odeo
524 3531 558 3584 ut
577 3521 637 3584 inm
659 3523 758 3584 diuers
781 3521 888 3584 liuenti
911 3521 1013 3604 lpuiu
1035 3527 1114 3586 euim
1134 3525 1260 3604 suetum
1282 3541 1388 3588 sumus

161 3629 259 3687 urenti
277 3627 311 3685 iu
333 3625 474 3704 operibus
498 3625 593 3688 lanu.
637 3623 793 3686 Praeterea
821 3631 978 3703 postquam
1001 3643 1077 3704 opus
1099 3625 1154 3686 liei
1174 3625 1204 3685 id
1228 3633 1274 3686 est
1295 3625 1387 3686 homo

161 3726 311 3804 perlectus
340 3731 456 3787 oreatus
484 3723 736 3806 praevaricatione
764 3725 852 3805 inops
880 3724 1003 3787 ellectus
1032 3733 1080 3786 est
1102 3733 1133 3786 et
1153 3733 1275 3802 peeoatu
1297 3741 1382 3788 rnor-

160 3899 204 3957 ὅτι
218 3903 273 3959 uui.
309 3908 387 3958 Editio
399 3907 493 3958 Comm.
504 3901 628 3974 φανερὸν
635 3903 681 3956 uui
694 3901 745 3960 ὅτι.
831 3909 854 3957 Ιι.
873 3909 974 3970 Saguer.
993 3898 1070 3966 αιίτιὶ.

194 3977 211 4026 l.
229 3976 270 4028 Sio
283 3976 383 4037 Seguer.
403 3975 541 4036 liepllosil.
554 3975 651 4025 Gubler.
663 3975 748 4024 ruct-
833 3990 850 4038 ι,
875 3989 1013 4040 nomem,
1032 3997 1056 4040 ,ι
1073 3989 1178 4042 pelckm·
1198 3993 1220 4043 1¹
1235 3989 1281 4043 ,αἱ
1297 3988 1388 4052 πάλιν,

160 4045 242 4094 menni
262 4043 284 4092 l.
303 4043 326 4092 4.
346 4050 370 4092 et
388 4042 410 4091 5.
457 4041 501 4092 Alii
533 4049 612 4090 entem
643 4049 667 4090 et
690 4042 749 4091 editi
801 4047 1021 4122 &majam

161 4101 335 4159 ὁδῶναῦτιῧ.
358 4097 749 4167 Μοιαῦτοῦιιὺιιιιιῖιιιιιιι.5.
905 4149 910 4160 ,
1159 4152 1163 4162 ,

192 4193 216 4241 3.
233 4179 334 4240 Sepuer.
352 4167 430 4230 ἴδιος.
468 4177 529 4228 Edpp
549 4167 627 4225 ἴδιον,
664 4175 749 4226 Ιώ,
835 4163 867 4199 m·
885 4149 926 4200 Sue
949 4147 1092 4214 Soporem
1109 4151 1183 4204 Brsrl.
1202 4161 1229 4204 ut
1246 4162 1270 4204 et
1287 4153 1390 4205 hebetur

160 4245 199 4295 eil.
219 4246 278 4294 hoec
295 4245 466 4295 desldernntur
483 4243 569 4294 rerba:
595 4235 665 4297 ἴδιος
682 4229 748 4304 vird
802 4218 881 4298 ⁰⁰,m
900 4215 976 4276 ²¹¹⁷·
1006 4219 1063 4282 ³⁰8·
1081 4211 1390 4302 ΨᾶἵιθθΞ-Ηῖθὶξὶωώ

160 4305 291 4368 θάνως’
310 4305 356 4360 καὶ
373 4303 460 4380 «3th
478 4310 527 4360 τοῦ
544 4303 679 4378 ω’μωωςΙ
801 4299 927 4352 (popurus
944 4285 1067 4338 mendose.
1095 4287 1242 4339 Eduretelu
1255 4289 1391 4354 perinde.

194 4381 217 4429 ln.
236 4383 335 4440 sepner.
347 4375 508 4447 παρουσίας.
544 4380 605 4430 Edlti
620 4390 643 4431 et
654 4381 694 4430 alii
706 4371 749 4429 οὗ·
836 4394 858 4428 n.
879 4379 919 4428 Sie
937 4379 1035 4442 Segner.
1071 4381 1097 4429 lu
1116 4380 1156 4429 olii
1166 4388 1190 4430 et
1201 4379 1257 4430 editi
1266 4377 1392 4432 ntuetr·

161 4440 229 4500 σίας.
258 4447 309 4497 tior
326 4443 419 4515 κύριοι·
435 4449 504 4499 deest
520 4449 545 4499 in
563 4447 749 4512 Seguerianoet
800 4459 844 4500 ree
859 4437 903 4495 ὑπ’
924 4437 1009 4498 αὐτοῦ.
1025 4441 1071 4496 tut
1087 4439 1186 4512 ἔργοις.
1221 4447 1272 4496 ldor
1291 4449 1391 4508 sepner.

158 4513 265 4564 Felelm.
285 4517 308 4564 1.
801 4514 939 4566 Gobleriun.
958 4523 983 4564 et
1000 4515 1106 4564 iolcum.
1128 4515 1149 4562 l.
1169 4523 1193 4562 et
1210 4513 1234 4562 d.
1253 4507 1335 4562 mdiu
1352 4525 1390 4564 τε.

193 4581 210 4630 i.
234 4582 334 4641 Seguer.
358 4587 382 4632 et
404 4583 462 4647 lieg.
485 4577 641 4648 peropima.
685 4582 748 4634 Editi
800 4581 880 4634 ceroti
898 4589 922 4631 et
939 4583 995 4631 editi
1012 4575 1095 4630 reditu
1113 4575 1150 4628 ti.
1181 4579 1392 4654 ,uinloposruo-

157 4643 313 4714 γινομένου.
799 4649 862 4699 bier.
880 4656 905 4698 et
921 4649 1026 4698 lelelm.
1038 4649 1060 4696 l.
1077 4643 1267 4712 nequimus,
1286 4643 1392 4711 rirm
