3226 5280
221 469 285 532 134
531 485 538 508 ι
621 483 647 525 ε.
663 479 817 526 numu
832 481 1056 526 εοσειεειεαουι

132 649 210 694 ενι.
220 633 351 716 τρέπει,
384 631 439 696 καί
473 623 676 718 ἀμφοτέρας·
695 627 755 707 τὰς
781 627 926 712 αίρέσεις
953 629 1030 707 ’ίσας
1053 627 1087 694 ίν
1109 623 1246 716 ἀσεβείᾳ
1269 629 1433 698 δείκνυσιν
1443 651 1463 668 ··

220 729 297 799 οὐτε
318 729 380 816 γὰρ
401 729 498 816 λόγος
520 729 610 797 ἐστὶν
633 725 651 794 5
672 733 732 794 τοῦ
755 728 854 814 λόγου
876 728 996 816 πατήρ,
1021 725 1098 796 οὐτε
1119 729 1249 817 ποίημά
1271 730 1397 798 ἔστιτὸ
1413 731 1468 816 ἐκ,
1583 725 1594 740 ’

141 903 144 908 ,
217 833 278 898 τού
300 830 443 915 πατρός,
468 826 553 897 ἀλλὰ
574 829 665 896 ἰ’όιον
684 833 743 916 τῆς
764 823 881 908 οὐσίας
902 825 1006 896 αὐτοῦ
1026 836 1182 916 γέννημα,
1206 831 1310 899 πάλιν
1330 855 1367 899 τε
1389 827 1451 899 οὐκ

219 931 292 1001 {aia
306 931 429 1019 ,πατὴρ
458 927 476 996 5
505 928 685 1017 προελθών
708 929 821 1015 λόγος,
851 926 928 998 οὐδὲ
949 931 1052 998 πόλιν
1074 929 1109 997 έκ
1130 932 1266 998 πολλῶν
1288 928 1336 1011 εἷς
1358 931 1452 1000 ἐστιν

219 1021 320 1111 αὐτος
341 1032 447 1118 λόγος,
472 1027 558 1098 ἀλλὰ
578 1029 680 1114 μόνος
701 1029 771 1097 ἐστὶ
793 1033 853 1096 τοῦ
876 1031 1004 1118 πατρὸς
1025 1031 1105 1110 υίός,
1129 1025 1292 1120 ἀληθινὸς
1312 1039 1366 1100 καί
1382 1033 1454 1122 φό-

219 1155 272 1201 σει
292 1131 434 1219 γνήσιος,
458 1127 477 1198 5
499 1135 553 1198 καί
576 1133 633 1198 νῦν
655 1125 720 1198 Ιῶν
741 1130 776 1198 έν
798 1125 887 1218 αὐτῷ
909 1135 963 1198 καί
987 1127 1104 1211 ἀίόίως
1117 1134 1172 1199 καί
1189 1128 1386 1220 ἀόιαιρέτιυς
1400 1129 1451 1202 ῶν

219 1228 387 1314 έξαύτοῦ.
432 1229 520 1300 αὐτα
549 1234 603 1298 καί
627 1238 732 1320 σοφία
753 1235 808 1298 καί
832 1227 977 1321 ἀλήθειά
998 1233 1088 1300 ἐστιν
1112 1229 1130 1299 ό
1152 1233 1279 1320 κύριος,
1311 1238 1365 1302 καί
1388 1231 1451 1303 οὐκ

219 1335 315 1404 ἔστιν
339 1333 440 1422 ἀλλης
467 1339 591 1421 σοφίας
612 1331 776 1419 δεύτερος,
808 1327 893 1400 ἀλλά
913 1334 1015 1418 μόνος
1037 1323 1134 1412 αὐτός
1155 1333 1242 1415 έστι,
1272 1331 1319 1401 δι’
1344 1327 1383 1402 οὐ
1404 1336 1451 1404 τὰ

217 1434 330 1504 πάντα
351 1442 534 1523 πεποίηκεν
556 1429 574 1500 5
597 1434 717 1522 πατήρ,
740 1437 794 1500 καί
818 1433 853 1500 ίν
874 1429 962 1521 αὐτῷ
986 1435 1208 1520 συνεστήσατο
1223 1440 1289 1502 τῶν
1303 1441 1455 1524 γενητῶν

217 1536 278 1616 τὰς
299 1537 455 1615 ποικίλας
476 1531 600 1615 οὐσίας,
625 1530 673 1602 δι’
698 1531 800 1601 αὐτοῦ
821 1560 859 1602 τε
879 1535 1071 1621 γνωρίζεται
1092 1529 1144 1613 οἷς
1165 1529 1206 1601 ἀν
1228 1535 1372 1615 ιἐθέλοι,
1389 1537 1447 1604 καί

218 1636 255 1705 ὐν
275 1631 363 1723 αὐτῷ
384 1636 444 1725 τὴν
465 1639 532 1702 τῶν
555 1634 690 1704 πάντων
712 1635 875 1722 πρόνοιαν
897 1648 1047 1703 ποιεῖται
1060 1638 1116 1700 καί
1131 1634 1307 1720 ἐργάζεται.
1339 1636 1449 1719 μόνον

216 1737 278 1825 γὰρ
299 1740 418 1805 τοῦτον
441 1732 512 1805 οἶδε
532 1740 592 1803 τοῦ
613 1741 698 1804 θεοῦ
721 1734 818 1822 λόγον
840 1738 895 1804 καί
916 1735 1103 1814 Διονύσιος.
1134 1731 1216 1822 αὐτη
1238 1739 1297 1801 τοῦ
1319 1741 1445 1803 Διονυ·

218 1845 293 1907 σίου
325 1835 346 1927 ἡ
379 1843 511 1917 πίστις·
546 1833 641 1923 ὀλίγα
672 1837 733 1924 γὰρ
762 1837 797 1904 ἐκ
824 1839 892 1904 τῶν
920 1836 1107 1903 ἐπιστολῶν
1129 1831 1230 1902 αὐτοῦ
1253 1837 1444 1924 συναγαγὼν

217 1939 358 2026 έγραψα,
383 1938 546 2022 δυνάμενα
568 1949 752 2024 παρασχεῖν
774 1940 830 2003 σοί
845 1939 906 2021 μέν
918 1932 1071 2025 ἀφορμὴν
1084 1937 1130 2015 είς
1140 1935 1180 2002 τό
1190 1939 1330 2004 πλείονα
1340 1961 1447 2026 προς-

134 2059 142 2071 ·
216 2045 366 2120 τιθέναι,
395 2043 468 2118 τοῖς
489 2039 525 2106 δὲ
544 2033 731 2124 Ἀρειανσῒς
750 2034 906 2124 μεγίστην
929 2037 1084 2126 αίσχόνην
1107 2037 1164 2105 διὰ
1184 2037 1242 2127 τὴν
1264 2038 1364 2106 ικατόν
1383 2041 1445 2106 τοῦ

217 2140 405 2208 ὐπισκόπου
438 2144 669 2227 συκοφαντίαν.
715 2139 749 2208 έν
780 2142 868 2206 πᾶσι
894 2138 955 2224 γὰρ
984 2139 1043 2204 καὶ
1066 2133 1143 2205 καθ’
1168 2140 1304 2207 ἕκαστον
1327 2137 1373 2207 δι’
1398 2131 1447 2208 ῶν

217 2241 376 2326 όγραψεν,
399 2238 530 2328 ἤλεγξεν
552 2237 660 2308 αὐτῶν
681 2239 740 2328 τὴν
760 2237 1008 2326 κακοφροσύνην
1029 2242 1084 2306 καί
1105 2239 1165 2325 τὴν
1187 2241 1315 2326 αἵρεσιν
1337 2237 1446 2309 αὐτῶν

217 2339 451 2428 ὐστηλίτευσεν.

301 2447 352 2510 26.
402 2437 527 2510 Οὐκοῦν
550 2437 620 2508 ἀπὸ
641 2441 768 2509 τούτων
791 2440 955 2508 όείκνιπαι
973 2435 1062 2527 καὶὴ
1078 2440 1164 2527 πρὸς
1174 2437 1376 2530 Εὐφράνορα
1389 2447 1445 2512 καλ

213 2535 404 2629 Ἀμμώνιον
426 2542 587 2630 ἐπιστολὴ
609 2544 763 2630 ἆδιανοίᾳ
785 2539 869 2628 ἀλλῃ
891 2533 958 2608 κατ’
977 2539 1167 2626 οἰκονομίαν
1181 2555 1348 2630 γραφεῖσα
1363 2539 1442 2632 παρ’

217 2639 334 2713 αὐτοῦ·
356 2647 454 2713 τοῦτο
476 2643 538 2732 γὰρ
560 2646 614 2711 καὶ
636 2640 656 2732 ἡ
680 2638 847 2727 ἀπολογία
868 2637 969 2708 αὐτοῦ
992 2642 1145 2710 δείκνυσι.
1175 2646 1228 2710 καί
1253 2643 1342 2712 ἔστιν
1364 2640 1447 2733 ἀλη-

215 2749 291 2826 θῶς
312 2745 417 2826 τόπος
439 2736 536 2825 οὗτος
558 2743 707 2822 πιθανὸς
729 2741 815 2829 πρὸς
837 2737 1029 2829 ἀνατροπὴν
1045 2747 1104 2830 τῆς
1117 2745 1297 2830 Σαβελλίου
1312 2753 1443 2829 μανίας,

216 2843 299 2927 agn
318 2847 377 2914 τὸν
398 2846 601 2934 Ιόουλόμενσν
621 2847 746 2927 ταχέως
761 2843 936 2929 διελέγχειν
951 2842 1030 2922 τούς
1044 2843 1217 2924 τοιούτους
1230 2871 1275 2934 μη
1291 2840 1361 2912 ἀπὸ
1376 2851 1446 2913 τῶν

216 2948 443 3038 σημαινόντων
478 2947 537 3035 τὴν
564 2944 713 3031 θεότητα
740 2947 799 3010 τοῦ
828 2942 926 3031 λόγου
955 2951 1136 3012 ποιεῖσθαι
1162 2943 1221 3032 τὴν
1249 2941 1348 3034 ἀρχόν
1378 2943 1446 3026 (ότι

216 3049 314 3136 λόγος
335 3053 389 3118 καλ
412 3053 518 3138 σοφία
539 3051 593 3114 καλ
617 3045 755 3131 όύναμίς
777 3044 867 3113 ἐστιν
890 3040 908 3112 5
931 3045 1012 3126 υίός,
1034 3049 1090 3112 καί
1112 3042 1166 3112 ὅτι
1187 3045 1252 3132 ίγῶ
1271 3050 1326 3113 καί
1342 3043 1361 3114 5
1376 3073 1447 3115 πα·

215 3149 275 3236 τὴρ
298 3151 331 3218 έν
354 3151 491 3236 ἐσμεν),
515 3150 572 3217 λ’να
593 3148 638 3236 μὴ
660 3145 703 3214 τὰ
723 3147 832 3226 καλῶς
854 3145 1007 3232 εἰρημένα
1028 3146 1310 3235 παρεξηγούμενοι
1324 3147 1446 3216 ίκεῖνοι

189 3249 389 3335 ,πρόφασιν
416 3255 474 3338 τῆς
503 3246 719 3334 ἀναισχύντου
749 3246 954 3335 φιλονεικίας
975 3248 1101 3314 ἑαυτῶν
1122 3247 1165 3315 τὰ
1185 3253 1323 3316 τοιαῦτα
1344 3255 1444 3335 πορί-

217 3367 356 3429 σιονται,
391 3344 581 3433 ἀκούοντες,
605 3347 678 3416 ’ότι
699 3347 762 3434 ίγῶ
785 3352 840 3416 καί
863 3343 880 3412 5
902 3347 1014 3435 πατὴρ
1037 3349 1071 3415 ἓν
1094 3349 1208 3434 έσμεν,
1236 3357 1308 3417 καί·
1340 3345 1358 3415 5
1380 3350 1445 3417 ἑω-

214 3447 322 3534 ρακῶς
344 3448 416 3532 ίμέ,
440 3449 564 3534 ίιόρισιε
583 3451 642 3516 τόν
664 3452 851 3534 πατέρα’»,
874 3444 959 3514 ἀλλὰ
979 3447 1022 3514 τὰ
1044 3444 1269 3535 ἀνθρωπίνως
1290 3453 1444 3538 εἰρημένα

212 3551 291 3637 πἐρλ
313 3552 373 3615 τοῦ
396 3551 544 3634 σωτῆρος
565 3547 782 3634 προβάλλειν,
806 3543 917 3634 ῶςπερ
939 3543 1038 3628 αὐτὸς
1059 3557 1256 3638 πεποίηκεν,
1292 3547 1349 3620 οίά
1371 3551 1446 3619 έστε

212 3648 253 3716 τό
283 3650 439 3738 ’πεινᾷν,
475 3647 516 3714 τὸ
542 3652 665 3734 κοπιᾷν
691 3650 744 3713 καί
770 3643 824 3714 ότι
845 3645 995 3731 ἄμπελος
1016 3652 1070 3716 καί
1092 3648 1207 3735 ἥυχετο
1228 3655 1284 3719 καί
1313 3657 1445 3720 πέπον-

212 3755 285 3819 θεν.
324 3746 394 3837 όσφ
422 3747 483 3838 γὰρ
505 3751 610 3816 ταῦτα
635 3747 779 3816 ταπεινὰ
800 3749 946 3834 λέγεται,
979 3747 1147 3836 ’τοσούτῳ
1170 3751 1335 3820 δείκνυται
1354 3747 1442 3840 μὴὸ

212 3851 323 3940 πατὴρ
354 3849 527 3938 γενόμενος
560 3848 754 3938 ἅνθρωπος.
797 3844 917 3936 ἀνάγκη
950 3848 1011 3936 γὰρ
1043 3853 1098 3918 καί
1126 3847 1276 3936 ἀμπέλου
1308 3856 1444 3942 λεγομέ-

212 3977 271 4022 νου
303 3957 362 4020 τού
395 3960 508 4041 κυρίου
542 3948 628 4022 ελναι
661 3953 715 4020 καί
748 3950 891 4039 γεωργὸν
897 4003 906 4033 ,
939 3953 994 4018 καί
1023 3945 1197 4038 εὐχομένου
1226 3950 1326 4022 αὐτοῦ
1356 3950 1445 4024 εἶναι

210 4053 269 4122 τόν
302 4054 544 4137 ΙΙἐπακούοντα,
578 4059 631 4124 καὶ
666 4054 838 4134 αίτούντος
871 4047 972 4121 αὐτοῦ
1002 4047 1089 4124 εἶναι
1119 4055 1177 4124 τὸν
1211 4056 1354 4123 διδόντα.
1399 4057 1444 4123 τὰ

212 4155 249 4224 ἀλ
278 4160 417 4224 τοιαῦτα
447 4159 574 4242 μᾶλλον
607 4151 825 4244 εὐκολώτερον
856 4155 915 4246 τὴν
954 4159 1021 4224 τῶν
1053 4158 1283 4242 Σαβελλιανῶν
1321 4162 1444 4240 μανίαν

212 4255 390 4325 δείκνυσιν·
414 4253 468 4324 ὅτι
489 4257 599 4344 ἕτερος
622 4251 640 4324 5
664 4251 844 4343 εὐχόμενος,
868 4258 979 4342 ἕτερος
1000 4251 1019 4322 5
1039 4255 1236 4336 i&rmumssam
1263 4256 1320 4322 καὶ
1341 4255 1445 4336 ἀλλος

281 4427 305 4490 ί)
323 4429 390 4496 [σεο.
411 4429 451 4490 10,
469 4429 511 4480 30.
580 4427 606 4490 λ)
624 4427 689 4480 loun.
711 4428 751 4492 14,
769 4429 793 4479 9.

248 4560 270 4595 ι.
289 4537 329 4593 ῶν
346 4545 414 4597 deest
432 4547 456 4596 in
476 4545 545 4596 colb.
888 4561 907 4594 ε.
926 4535 997 4591 aava
1015 4543 1084 4593 τίουσι
1102 4544 1126 4592 in
1145 4539 1231 4600 ετίίιὶε,
1248 4539 1291 4590 ud
1311 4540 1399 4603 legitur
1415 4542 1442 4591 ίο

246 4613 271 4663 b.
291 4613 331 4663 Sic
349 4614 405 4677 fleg.
424 4613 523 4665 Τεοείσ.
538 4612 644 4664 Ceben.
656 4613 702 4663 ίει.
737 4611 799 4663 Bdlu'
854 4613 910 4674 Ιλες.
924 4611 1021 4660 Tauria.
1040 4609 1109 4661 (ἶσΙίι.
1128 4609 1174 4660 ίει.
1192 4607 1231 4658 rr.
1245 4609 1264 4658 l.
1282 4615 1306 4660 εί
1321 4609 1441 4660 εΝισῆο

214 4695 272 4734 τετυ
290 4672 377 4748 ίίέλρ.
810 4709 815 4716 ·
853 4679 910 4730 itm
930 4677 1018 4729 Ιεείτι
1036 4687 1082 4729 ιιι.
