3176 5304
242 333 282 397 34
756 345 927 390 rneerrrru.

240 499 390 582 θεωρῶν)
412 499 448 560 ad
470 497 606 560 haeresin
629 481 872 560 attraherentur.¹
895 496 955 558 Nec
982 505 1079 556 tamen
1109 495 1173 574 ipse
1203 511 1325 555 sensum
1345 491 1462 553 verbo-

242 621 307 663 rum
330 619 413 662 more
437 599 572 678 Origcnis
602 597 820 669 contemnebat,
852 598 904 659 sed
934 597 1096 658 accuratius
1126 595 1188 656 erui
1210 594 1327 657 volebat
1347 604 1377 655 et
1398 595 1459 655 de-

206 736 209 742 ·
242 703 337 776 liniri,
370 719 457 782 quam
490 701 518 760 id
542 700 578 762 ab
610 699 763 762 haereticis
791 701 885 760 lieret.
930 699 980 760 Sic
1001 699 1030 760 in
1054 699 1133 760 Orat.
1157 697 1179 758 1.
1202 705 1304 758 contra
1325 696 1455 757 Arianos

125 821 134 844 ⁸
242 823 304 884 cap.
328 807 378 866 54.
402 821 447 883 sq.
471 805 602 878 (nostrae
636 801 704 862 edit.
727 819 755 880 p.
778 803 850 866 258.
875 807 933 880 sq.)
967 801 1003 861 de
1034 800 1111 860 dicto
1135 817 1181 878 ep.
1205 798 1240 860 ad
1262 796 1352 859 Hehr.
1375 797 1395 858 l.
1419 801 1454 860 4.

240 901 386 988 τοσούτῳ
407 907 561 987 κρείττων
582 899 753 986 γενόμενος
773 903 838 965 τῶν
861 893 1002 984 ἀγγέλων
1025 901 1176 963 disserens
1197 899 1238 960 ibi
1260 901 1299 972 id,
1319 899 1397 979 quod
1421 898 1453 959 iu

240 1007 378 1070 omnibus
409 1005 473 1067 aliis
506 1006 668 1085 scripturae
701 1003 772 1066 locis
804 1023 890 1082 agere
927 1003 1097 1073 conveniat,
1136 1001 1350 1064 observandum
1383 1019 1454 1064 csse

239 1109 390 1190 praecipit,
413 1117 445 1168 ut
467 1105 621 1185 diligenter
642 1106 817 1179 attendatur,
840 1123 896 1185 qua
912 1104 1066 1166 occasione
1087 1105 1202 1166 locutus
1226 1103 1265 1165 sit
1286 1101 1452 1182 apostolus,

241 1229 315 1290 quae
337 1210 375 1272 sit
395 1226 542 1288 persona,
564 1217 638 1286 quae
661 1225 709 1268 res
732 1207 813 1268 cuius
835 1207 926 1286 gratia
954 1206 1120 1285 scripserit,
1150 1223 1187 1266 ne
1208 1205 1273 1284 quis
1295 1204 1341 1264 illa
1364 1204 1455 1282 igno·

239 1329 308 1373 rans
329 1319 379 1371 ant
401 1310 478 1372 aliud
508 1317 624 1388 praeter
652 1327 685 1370 ea
713 1308 878 1388 intelligens
901 1327 917 1370 a
939 1326 1005 1369 vera
1034 1306 1151 1368 aberret
1171 1306 1325 1368 sententia.
1369 1306 1449 1366 'lum

241 1413 296 1474 boc
316 1413 431 1474 ratione
452 1411 645 1494 demonstrat,
669 1429 703 1470 er
725 1410 782 1471 illis
805 1409 902 1471 verbis
931 1429 991 1471 non
1013 1409 1113 1488 sequi,
1143 1408 1222 1487 quod
1243 1407 1341 1468 Ariani
1363 1401 1453 1489 πρό-

242 1534 344 1599 φασιν
366 1507 629 1595 προβαλλόμενοι
649 1507 691 1574 τὰ
712 1507 794 1595 ῥητά
815 1511 882 1573 inde
904 1511 1084 1590 colligerent.
1129 1509 1212 1572 Cool.
1229 1510 1269 1571 lie
1289 1509 1367 1570 decr.
1384 1527 1451 1588 syn.

240 1615 304 1678 Nic.
326 1634 351 1676 c.
377 1617 425 1677 tt.
455 1633 484 1694 p.
508 1616 559 1678 42.
603 1612 742 1674 Similiter
769 1613 826 1674 alio
854 1613 919 1674 loco
942 1611 984 1673 lle
1012 1613 1089 1674 decr.
1119 1631 1183 1692 syo.
1213 1611 1273 1673 Nic.
1300 1628 1364 1690 cap.
1397 1613 1448 1675 l0.

240 1735 270 1796 p.
294 1719 344 1782 36.
366 1725 483 1788 monet,
512 1733 550 1776 ne
571 1715 762 1793 interpretes,
785 1713 835 1777 ubi
857 1714 887 1775 in
915 1715 1059 1794 scriptura
1088 1714 1206 1775 eaedem
1228 1712 1370 1774 dictiones
1393 1712 1453 1772 deo

242 1826 272 1880 et
299 1815 468 1878 bominibus
497 1814 708 1889 attribuuntur,
737 1817 866 1878 humano
893 1816 983 1878 modo
1004 1816 1180 1894 intelligant,
1209 1833 1282 1894 quae
1303 1814 1340 1874 ad
1362 1813 1452 1875 deum

241 1927 388 2000 spectant,
411 1935 466 1978 nec
492 1917 637 1991 vicissim,
670 1935 744 1998 quae
766 1918 801 1978 ad
822 1917 957 1980 homines
985 1916 1149 1998 pertinent,
1177 1924 1314 1995 tunquam
1337 1915 1453 1976 dedeo

241 2020 315 2082 dicta
337 2018 494 2099 accipiant,
518 2020 569 2081 sed
592 2028 624 2081 ut
649 2038 704 2099 pro
734 2027 837 2081 natura
859 2037 957 2080 rerum
986 2019 1211 2099 significatarum
1239 2034 1314 2096 quae
1343 2017 1454 2096 scripta

241 2129 310 2183 sunt
337 2103 505 2181 diiudicent.
554 2120 684 2200 Namque
712 2121 740 2181 in
770 2139 805 2181 eo
834 2120 958 2182 maxime
986 2139 1107 2200 peccare
1142 2119 1315 2181 videbantur
1340 2116 1453 2190 Ariani,

241 2222 319 2302 quod
341 2211 563 2304 ἀνθρωπίνως
585 2221 620 2282 de
643 2224 698 2283 deo
721 2221 812 2294 dicta,
841 2221 919 2282 velut
940 2221 1000 2302 filii
1023 2225 1259 2302 persecutionem,
1288 2207 1347 2280 ndu
1370 2222 1454 2282 θεο-

240 2322 378 2405 πρεπῶς
414 2321 609 2402 intelligerent
646 2341 740 2402 neque
777 2321 864 2386 alium
897 2323 1055 2402 generandi
1090 2323 1208 2384 modurn
1245 2329 1452 2401 agnoscerent,

242 2441 328 2504 apuam
362 2423 411 2502 qui
444 2424 593 2485 decisione
624 2423 829 2504 produvioque
850 2427 883 2483 lit
915 2423 1109 2496 substantiae,
1140 2443 1230 2503 eaque
1253 2425 1283 2485 in
1305 2441 1338 2484 rc
1360 2421 1452 2501 impie

242 2525 459 2587 casillarentur:
492 2535 521 2586 et
542 2526 620 2608 quod
653 2543 726 2604 quae
752 2523 796 2585 in'
814 2525 957 2605 scriptura
987 2544 1069 2588 sacra
1101 2527 1136 2587 ad
1169 2526 1262 2587 sclam
1294 2526 1451 2587 humanam

242 2625 350 2687 Christi
371 2633 503 2688 naturam
525 2627 707 2696 referuntur,
736 2625 849 2688 divinae
876 2627 1072 2708 impingerent
1100 2636 1133 2688 ut
1154 2647 1188 2689 ex
1211 2626 1355 2689 eiusmodi
1375 2625 1450 2687 locis

222 2725 332 2788 ⁴lilium
364 2733 448 2807 paitre
481 2727 625 2789 minorem
654 2745 723 2789 csse
752 2727 859 2790 docere
888 2740 1022 2807 possent
1066 2729 1240 2790 Athanasius
1270 2729 1358 2808 igitur
1389 2745 1451 2788 uon

241 2827 339 2890 minus
361 2821 446 2908 quam
469 2827 595 2891 Hilarius
623 2827 729 2909 aliique
757 2829 890 2890 catholici
918 2830 1117 2892 auctoritatem
1148 2831 1308 2911 scripturae
1335 2830 1451 2890 ratione

241 2929 427 3010 grammatica
461 2929 617 3008 explicatae
650 2930 897 3010 comprobabant,
929 2951 1024 3012 neque
1051 2933 1087 2994 ab
1120 2932 1294 2994 adversariis
1328 2932 1364 2993 de
1391 2931 1450 2992 hoc

241 3031 386 3111 principio
411 3031 624 3110 discrepabant.
668 3033 766 3105 Quare
789 3035 884 3094 cornis
907 3033 1063 3112 disputatio
1079 3033 1192 3094 redibat
1214 3033 1250 3094 ad
1273 3033 1449 3113 scripturam
1473 3111 1479 3116 Ι
1570 3047 1571 3056 ’

243 3140 272 3192 et
299 3132 385 3192 cardo
415 3133 630 3195 controversiae
658 3132 687 3194 io
716 3133 839 3213 singulis
869 3133 932 3195 eius
962 3134 1137 3196 testimoniis
1165 3136 1345 3206 vertebatur,
1375 3151 1451 3212 quae

242 3231 357 3309 utrique
379 3249 433 3309 pro
456 3251 508 3294 sua
530 3236 674 3296 sententia
688 3235 877 3313 prolerebant
897 3242 926 3294 et
939 3235 1102 3296 rationibus
1125 3236 1345 3296 conlirmabant
1387 3233 1448 3296 lllis

243 3339 339 3393 autem
361 3329 391 3390 in
414 3331 574 3410 deligendis
597 3342 626 3394 et
647 3335 828 3413 exponendis
849 3335 949 3416 negari
970 3353 1030 3396 non
1052 3344 1151 3416 potest
1172 3337 1301 3416 neglecta
1323 3355 1391 3398 esse
1413 3336 1450 3396 ab

243 3440 366 3510 utraque
388 3443 479 3509 parte,
502 3450 577 3510 quae
598 3435 915 3515 rectepraecipiuntur
936 3455 952 3496 a
973 3435 1112 3499 Faustino
1134 3439 1305 3519 presbytero
1327 3437 1369 3499 lle
1393 3438 1449 3499 tri-

242 3533 333 3594 nitate
355 3549 381 3592 s.
405 3533 441 3592 de
462 3531 519 3614 hdo
541 3543 641 3594 contra
664 3535 786 3596 Arianos
809 3555 871 3617 cap.
898 3541 925 3601 l.
954 3537 1151 3620 „Scripturas
1179 3541 1296 3602 dicione
1325 3539 1361 3602 ob
1392 3540 1451 3601 hoc

243 3635 336 3696 editur
358 3645 439 3704 snut,
462 3645 497 3695 ut
519 3637 680 3697 secundum
706 3635 829 3698 ellurum
856 3657 975 3701 sensnm
1003 3651 1141 3702 nostrum
1160 3641 1249 3722 fidem
1272 3643 1448 3724 dirigamus,

243 3753 304 3798 non
325 3747 359 3797 ut
380 3745 502 3798 nostros
518 3755 622 3798 censue
645 3736 768 3799 illorum
783 3743 879 3800 sceris
896 3741 1073 3804 dictionibus
1094 3745 1298 3805 inseremus.⁴‘
1338 3742 1375 3802 Et
1395 3741 1446 3800 in-

243 3835 350 3898 leriore
371 3835 451 3896 loco:
474 3835 511 3898 ln
533 3839 640 3930 diuinis
663 3839 783 3901 condus
805 3857 868 3902 non
889 3859 1033 3904 nnmerus
1048 3848 1292 3916 testimoniorum,
1317 3843 1367 3905 sed
1388 3861 1449 3902 uu-

245 3942 368 4001 ctoritus
392 3939 570 4017 requirendo
585 3949 637 4011 est,
659 3960 733 4020 quoe
746 3943 853 4004 idoneo
874 3955 927 4014 est,
951 3949 1038 4006 etium
1052 3951 1081 4006 si
1093 3965 1154 4008 unu
1169 3963 1237 4009 nore
1249 3945 1446 4026 proferatur.

243 4039 341 4101 hriani
361 4039 495 4118 primum,
518 4039 586 4100 dein
608 4041 694 4102 etiam
716 4041 847 4104 catholici
870 4045 1050 4107 auctoritatis
1072 4065 1158 4108 causa
1183 4045 1345 4108 testimonia
1367 4043 1445 4106 scri-

243 4147 345 4219 pturae
373 4139 479 4217 partim
514 4141 577 4201 sine
610 4142 722 4203 delectu
743 4143 862 4205 collecta
894 4147 1116 4220 coacervabant,
1149 4149 1187 4209 ita
1217 4159 1249 4210 ut
1275 4155 1446 4227 argumenta

244 4259 398 4302 numerare
429 4241 528 4319 potius
562 4259 646 4321 quam
679 4243 840 4322 ponderare
874 4246 1055 4308 riderentur:
1088 4267 1181 4328 neque
1214 4250 1244 4311 in
1276 4245 1447 4328 explicanda

244 4343 387 4422 scriptura
410 4361 483 4414 eam,
505 4361 589 4420 quam
612 4343 667 4422 ipsi
689 4343 838 4406 observari
853 4345 1000 4420 iubebant,
1022 4333 1150 4428 reguldm
1166 4369 1282 4430 semper
1298 4348 1444 4420 tenebant,

244 4444 296 4505 scd
324 4443 410 4504 verba
436 4442 562 4504 subinde
589 4444 624 4504 ad
652 4463 734 4506 suam
768 4447 941 4508 sententiam
970 4451 1199 4529 contorquebant
1225 4458 1310 4526 atquc
1339 4447 1380 4510 ila
1407 4447 1444 4510 ad

243 4543 377 4625 dogmata
412 4543 561 4624 probanda
593 4545 775 4609 adhibebant.
832 4545 1019 4614 Athanasium
1053 4569 1167 4631 quoque
1204 4548 1265 4611 eius
1293 4549 1354 4612 vitii
1383 4567 1444 4613 non
