3236 5286
590 385 699 430 orario
714 386 736 432 ι.
748 385 869 440 cosan
881 387 1019 433 ιιιιιιιοι.
1350 381 1410 447 183
1482 365 1491 386 ”

180 537 235 600 sed
256 545 378 600 aeterna
399 543 488 614 atque
509 553 568 598 una
590 545 635 598 est
655 537 686 598 iu
708 537 854 602 Trinitate
875 537 1024 614 divinitas,
1052 559 1111 604 una
1132 544 1246 624 pariter
1266 555 1315 608 est
1336 565 1503 612 san-ntra.

179 647 243 702 ctae
265 637 421 700 Trinitatis
444 637 553 717 gloria:
580 656 635 700 ros
663 647 762 700 tameo
791 657 856 702 cam
885 639 916 700 in
944 641 1078 702 diversas
1105 651 1226 708 natum
1254 647 1411 714 diltirrdere

178 739 306 812 audetis,
330 757 456 819 cumque
469 738 586 802 Patrem
601 747 753 802 aeternum
770 759 840 804 esse
862 741 1044 816 concedatis,
1067 741 1127 820 ipsi
1148 743 1185 805 de
1199 743 1307 822 temo,
1328 751 1410 830 quod

178 841 221 904 illi
243 839 365 914 assidet,
387 839 500 904 dicitis:
522 840 589 902 Fuit
610 841 769 920 aliquando
792 859 860 903 oum
881 859 945 902 uorr
967 849 1060 914 esset,
1082 840 1248 923 liliumque
1257 845 1336 908 Patri
1357 869 1408 912 aa·

180 942 328 1004 sidentem
357 941 394 1003 ab
422 943 527 1004 eodem
556 960 712 1004 removere
739 959 801 1002 oon
828 939 987 1033 dubitatis!
1031 941 1166 1005 Creatrix
1185 923 1236 1005 est
1264 953 1295 1006 et
1315 949 1411 1026 opilex
1457 989 1467 1002 .

181 1043 332 1119 ructum
351 1043 429 1106 haud
453 1051 550 1106 tamen
572 1041 784 1115 reformidatis,
808 1061 873 1103 eam
895 1041 973 1104 inter
991 1061 1042 1104 res
1065 1063 1083 1106 e
1104 1043 1198 1106 nihilo
1221 1047 1315 1109 lamas
1336 1048 1410 1112 deii-

180 1163 257 1218 cere,
280 1162 336 1206 nec
356 1145 499 1208 veremini
522 1163 627 1206 servos
641 1161 729 1223 pares
743 1143 842 1205 lacere
856 1142 1059 1207 nobilissimae
1069 1143 1220 1220 Trinitati‚
1244 1165 1411 1214 summum·

180 1265 237 1326 que
263 1263 366 1326 regem
392 1245 552 1308 [lominum
575 1242 707 1306 Sabaoth
735 1243 815 1306 inter
841 1244 977 1308 subditos
1004 1245 1167 1309 collocerel
1210 1249 1345 1312 Desinite
1366 1269 1411 1328 ee,

179 1365 254 1428 quae
276 1347 462 1416 commisceri
486 1365 547 1408 nou
571 1353 698 1426 queunt,
726 1345 787 1408 imo
810 1365 861 1420 ea,
890 1365 965 1428 quae
987 1365 1049 1408 nou
1071 1356 1157 1420 suot,
1186 1367 1254 1412 orm
1282 1351 1333 1412 illo
1360 1353 1411 1432 qui

140 1439 150 1452 ⁵
181 1457 235 1523 eat,
258 1448 347 1512 simul
368 1446 566 1528 permiscere!
612 1447 671 1520 Qui
694 1446 750 1509 ista
770 1449 946 1527 proterunt,
969 1465 1030 1509 non
1052 1449 1145 1528 gloria
1168 1451 1334 1514 ethonore
1355 1453 1410 1515 sed

178 1549 340 1630 ignourioia
363 1557 393 1610 et
414 1548 592 1612 contumelia
614 1547 773 1610 [lominum
794 1547 937 1610 affimant.
979 1547 1053 1612 llam
1077 1549 1127 1630 qui
1148 1551 1223 1614 lilio
1247 1553 1337 1616 iolert
1357 1555 1406 1616 in-

177 1649 302 1724 iuriam,
326 1636 416 1712 inlert
437 1658 468 1710 et
488 1649 580 1711 Patri.
625 1649 667 1710 Si-
680 1649 761 1710 enim
781 1666 861 1710 onoc
881 1650 1011 1730 perlecta
1032 1651 1132 1713 estin
1153 1651 1297 1716 Trinitate
1318 1656 1407 1720 theo·

177 1752 268 1830 logia,
289 1753 413 1830 eiusque
435 1749 546 1829 agnitio
567 1768 637 1812 rere
657 1759 689 1840 ct
709 1750 775 1812 sole
797 1759 845 1811 est
864 1749 981 1830 religio,
1002 1761 1092 1832 atque
1111 1752 1171 1815 lroc
1192 1761 1257 1826 est,
1279 1757 1358 1838 qood
1379 1767 1409 1820 et

179 1861 296 1914 rectum
318 1851 434 1930 etipsa
455 1849 566 1911 veritas
588 1859 650 1924 est3
672 1850 703 1911 id
724 1858 804 1913 certe
825 1869 944 1932 semper
964 1853 1007 1914 ita
1023 1849 1124 1914 luisse
1145 1853 1290 1934 oportuit,
1313 1873 1352 1917 oe
1369 1857 1409 1928 id,

182 1951 264 2032 qood
284 1958 398 2013 rectum
420 1959 450 2011 et
471 1951 579 2012 veritas
601 1959 658 2025 est,
681 1951 751 2030 quid
772 1951 965 2014 adventitium
986 1971 1057 2018 esse
1071 1959 1122 2016 eut
1135 1945 1304 2034 theologiae
1324 1973 1409 2018 com·

179 2051 364 2132 plumentum
386 2069 422 2113 er
442 2051 613 2114 accessione
635 2051 788 2114 constituti
808 2059 941 2132 putetur.
983 2053 1017 2116 ld
1040 2053 1158 2135 inquam
1191 2035 1316 2119 necesse
1340 2075 1407 2120 orn-

178 2153 252 2217 uiuo
274 2153 331 2215 luit
352 2171 421 2216 esse
442 2153 479 2214 ab
500 2153 690 2228 aeternitato;
718 2173 787 2216 uam
809 2154 837 2215 si
859 2153 897 2215 ab
919 2152 1092 2217 aeternitate
1113 2173 1175 2216 non
1196 2157 1321 2234 luisset,
1350 2177 1406 2222 uec

177 2273 259 2318 nuuc
285 2255 358 2316 lraec
385 2255 449 2334 ipsa
481 2254 627 2334 theologia
655 2255 717 2318 sive
746 2254 909 2316 divinitatis
938 2255 1020 2317 notio
1050 2255 1117 2318 talis
1146 2275 1215 2320 esse
1243 2269 1405 2339 oporteret,

178 2355 233 2418 sed
262 2355 375 2436 qualem
402 2356 439 2418 alr
467 2357 553 2444 initio
580 2355 677 2418 luisse
705 2355 835 2435 lionis,
868 2363 902 2416 nt
928 2374 1024 2436 neque
1051 2375 1131 2420 nuuc
1158 2365 1240 2422 esset
1265 2361 1406 2424 Trinitas.
1415 2379 1493 2424 see.

123 2483 126 2492 ·
175 2457 285 2519 Verum
306 2475 395 2520 nemo
418 2457 605 2520 Christianus
634 2465 696 2518 tam
722 2455 891 2536 petulantes
918 2457 1075 2536 pertulerit
1100 2457 1277 2522 haereticos.
1328 2461 1409 2526 liaeo

176 2559 255 2622 enim
283 2559 443 2622 Gentilium
470 2559 595 2639 propria
625 2565 712 2631 sunt,
740 2565 774 2618 ut
799 2559 903 2620 ladam
923 2559 1066 2622 inducent
1086 2559 1263 2622 Trinitatem
1285 2579 1409 2640 eamque

55 2698 67 2708 ·
177 2677 244 2720 cum
265 2659 357 2720 rebus
380 2659 465 2720 lactis
481 2658 678 2736 coniungant.
721 2657 872 2738 Siquidem
899 2679 1001 2722 rerum
1023 2660 1166 2722 lactanrm
1196 2669 1244 2722 est
1264 2659 1410 2720 delectio-

179 2775 235 2817 nes
258 2766 289 2818 et
309 2758 499 2818 accessiones
522 2758 684 2837 suscipere.
726 2759 764 2820 tr
784 2760 1023 2822 Christianorum
1041 2760 1118 2823 'tides
1140 2757 1356 2821 immutabilem
1378 2775 1412 2820 ao

180 2857 343 2936 perlectam
359 2855 464 2938 suique
479 2875 599 2942 semper
620 2854 745 2922 similem
764 2860 881 2921 beatam
895 2861 1030 2939 agnoscit
1045 2859 1234 2932 Trinitatem,
1256 2875 1312 2920 nec
1325 2857 1411 2938 quic-

182 2973 271 3036 quam
299 2955 426 3035 amplius
455 2957 591 3019 trinitati
619 2958 715 3032 addit,
747 2977 845 3039 neque
871 2977 936 3022 eam
963 2977 1095 3039 unquam
1126 2959 1273 3021 deiecisse
1294 2958 1411 3037 cogitat.

182 3055 258 3118 Nam
279 3065 438 3136 utrumque
459 3057 538 3122 dieto
559 3059 683 3140 impium
706 3068 763 3122 est.
806 3060 883 3122 ilinc
905 3079 971 3123 eam
998 3077 1061 3120 nou
1094 3060 1213 3138 ignmu
1234 3076 1300 3120 mm
1320 3057 1410 3122 rebar

180 3153 266 3220 lactis
289 3175 472 3238 nequaquam
494 3179 564 3222 esse
584 3160 779 3241 permixtam,
809 3161 1049 3239 individuamque
1071 3160 1136 3222 eius
1159 3157 1318 3221 divinitatis
1341 3160 1409 3221 tmi-

179 3267 271 3322 tatem
293 3267 324 3321 et
344 3270 442 3322 serrat
462 3271 490 3324 et
511 3261 636 3337 adorat,
659 3263 696 3325 ab
718 3262 898 3324 driancrum
920 3259 1061 3322 abhorret
1081 3260 1290 3342 impietatibus,
1313 3259 1407 3322 eond-

178 3367 317 3440 teturque
339 3367 370 3422 et
390 3361 473 3424 norit
493 3381 614 3444 semper
635 3365 731 3426 luisse
752 3362 872 3426 Filium.
914 3363 1062 3426 Aeternus
1088 3363 1168 3426 enim
1189 3371 1235 3424 est
1256 3369 1289 3424 ut
1309 3361 1407 3438 Pater,

180 3461 262 3525 cuius
286 3473 333 3524 ert
353 3462 483 3526 Verbum
503 3472 667 3528 aeteruum.
711 3465 746 3527 ld
767 3447 976 3528 enimsiteruur
997 3463 1085 3528 libeat
1107 3464 1265 3546 dispioere.

267 3566 316 3628 19.
362 3563 395 3625 Si
419 3564 581 3645 sapientiae
604 3575 634 3628 et
654 3569 732 3630 titre
753 3568 822 3628 lona
844 3575 891 3630 est
911 3575 943 3628 et
963 3565 1070 3628 dicitur
1090 3565 1190 3639 Deus,
1218 3563 1262 3625 nti
1283 3581 1339 3643 per
1358 3563 1408 3626 le-

181 3665 304 3727 reoriam
322 3665 381 3748 pit:
405 3665 452 3730 lde
473 3667 702 3750 dereliquerant
721 3669 838 3749 sortem
859 3687 955 3750 opuoe
976 3672 1078 3739 mooe,
1102 3671 1133 3726 et
1152 3681 1277 3726 nuans:
1311 3663 1410 3727 Tiro-

181 3783 239 3828 ιιιιι
260 3765 379 3864 plurim
401 3767 545 3841 weeleu,
569 3769 771 3850 sanctificatio
792 3779 913 3843 oceno,
938 3769 1109 3849 ecpeotctr'o
1131 3763 1252 3835 lereti,
1274 3763 1409 3838 Domine,

216 3931 239 4034 l:
252 3915 569 4048 gizndees‘ilrzlgrrg‘lleg.
588 3963 728 4035 Fulcimlle
746 3994 772 4036 et
821 3920 896 4033 :grato
907 3911 1207 4062 ῗιῗοξῖεὲοῖἓεὶοαᾙηῃν
1239 3913 1407 4034 'Ebll‘ltisztssa'lli

160 4091 164 4099 Α
182 4052 207 4104 d.
242 4053 271 4102 tt
284 4052 383 4132 Sequor.
394 4061 419 4102 et
430 4051 566 4102 tetelml.
576 4045 624 4100 ctu
635 4043 770 4118 ἀνέχοιτο.
822 4041 887 4100 cladi
904 4041 980 4109 ἐνδεη
998 4061 1109 4110 ταυτην.

183 4120 283 4172 Gobler.
302 4133 352 4168 oce
369 4111 522 4185 ᾇνέσχοιιο.
560 4119 612 4170 llos
632 4119 771 4170 Feletrnd,
855 4117 1114 4180 incentricem.
1134 4115 1157 4168 5.
1183 4115 1405 4183 telrqunir.

184 4195 208 4237 et
225 4187 299 4238 editio
317 4179 584 4246 commessatione
600 4180 656 4268 χὰρ
674 4185 770 4238 ταῦτα.
855 4186 938 4236 usic
955 4185 1012 4249 Rea.
1036 4193 1060 4236 et
1077 4187 1178 4249 Segoer.
1218 4185 1246 4236 ln
1273 4187 1344 4236 aditis
1371 4178 1409 4240 alr

183 4245 352 4318 liridltec'et
365 4253 503 4306 Fetclm.d.
521 4267 636 4320 γενετην
652 4247 771 4320 εἰσάγειν
821 4253 896 4304 deest.
933 4253 987 4304 Ιοι
1007 4253 1109 4331 Sessar.
1126 4245 1172 4302 aei
1184 4245 1244 4368 ἔᾶρ
1261 4247 1308 4301 aul
1324 4249 1407 4301 τοῦτο

47 4343 58 4362 ·
184 4329 209 4372 et
226 4336 281 4373 mor
298 4323 442 4388 γεννητοῖς
458 4331 483 4373 et
498 4322 646 4390 γεννητῶν.
820 4313 910 4372 πάλιν.
944 4313 1184 4386 Editietelrisoeiy
1203 4331 1220 4386 p
1236 4313 1284 4368 arel
1300 4311 1330 4370 ir
1346 4313 1409 4368 aeri-

216 4403 239 4452 p.
258 4391 299 4442 Sic
316 4393 418 4454 Segner.
437 4386 493 4454 lter.
512 4393 585 4442 desit.
604 4400 628 4442 et
644 4391 769 4455 duplicari.
820 4403 860 4456 τῳ
876 4383 966 4438 πόλιν.
1005 4389 1067 4440 lbid.
1085 4387 1209 4452 tortirac.
1234 4379 1341 4453 ἡπηγὴ
1359 4383 1409 4447 tric

183 4457 212 4506 lt
229 4457 302 4509 editio
321 4459 440 4510 Commel.
454 4457 620 4527 χρισιιανοῦ
638 4453 676 4509 dt.
822 4458 932 4524 σοφίας.

218 4524 243 4576 Ι.
261 4525 302 4575 Sic
319 4526 420 4589 Sessucr.
439 4527 535 4578 Goblcr.
556 4535 579 4577 et
597 4527 727 4577 Felelmen
746 4526 769 4576 l.
856 4525 873 4575 Ι.
891 4525 933 4576 sic
948 4526 1050 4585 Segoer.
1069 4528 1093 4572 et
1110 4521 1195 4572 ierem.
1215 4520 1257 4582 tt,
1275 4519 1307 4570 12
1345 4519 1410 4570 stru

185 4587 243 4652 dec.
266 4607 322 4644 raro
346 4585 440 4644 πλεῖόν
456 4605 484 4644 rr
501 4591 543 4661 τῇ.
581 4593 687 4646 Fetctm
704 4593 728 4644 2
748 4600 772 4645 et
821 4605 879 4643 raro
897 4599 922 4642 ct
938 4589 979 4642 atti
997 4580 1163 4653 ὑψοόμενοι,
1183 4580 1308 4655 crucae
1322 4579 1410 4652 ὕμόν.
