3162 5308
247 329 309 396 6³8
496 331 500 340 '
643 343 670 386 ι.
685 339 838 386 numu
852 341 1074 386 ιεοιιιενιεεονι

162 491 332 579 ι.ιει.λόγῳ
354 497 544 577 γέγραπται,
569 483 637 556 ἀλλ’
662 488 696 558 ἐν
717 491 764 574 τῷ
785 488 856 576 οίῷ,
879 489 935 556 καί
955 487 993 555 τό
1015 465 1132 570 σιύζειν
1146 487 1204 556 τόν
1218 487 1345 572 κόσμον
1362 481 1522 556 οὐκέτι

246 593 305 662 διά
330 595 388 658 τοῦ
417 590 514 677 λόγου
544 590 672 678 ἐλέχθη,
697 586 782 658 ἀλλὰ
803 588 860 658 διὰ
879 592 938 656 τοῦ
960 591 1155 675 μονογενοῦς
1176 590 1258 656 νίού.
1297 583 1387 658 εἷπε
1417 591 1518 678 γάρ,

246 699 357 783 φησίν,
382 689 400 760 6
419 688 556 781 Ἰησοῦς·
579 696 736 760 τοσοῦτον
756 690 874 779 χρόνον
895 687 971 774 μεθ
994 686 1087 774 ὑμῶν
1109 691 1187 776 εἶμι,
1209 696 1263 758 κοί
1287 686 1352 758 ούκ
1377 692 1516 778 ἔγνον-

162 795 306 876 ι.ιιι.ιιάς
325 821 375 881 με,
402 798 573 878 Φίλιππες
612 791 804 882 όίωροκάς
826 791 883 876 66
905 790 1027 879 ἑώρακε
1048 791 1107 860 τόν
1127 799 1258 880 ποτέρα
1266 799 1303 874 ¹),
1334 797 1404 860 καὶ
1438 795 1513 860 τὸν

245 904 375 986 ποτίρο
397 900 433 966 δὲ
455 893 513 982 οὐχ
536 894 554 964 6
576 896 672 982 λόγος
692 900 875 983 γέγραπται
894 893 1075 980 γινώσκειν,
1099 885 1167 960 ἀλλ’
1193 889 1210 962 6
1232 893 1350 976 669²),
1375 893 1509 982 ’ὁρᾶν

247 1002 283 1070 66
309 999 367 1068 τὸν
395 1005 524 1087 πατέρα
551 993 609 1082 ούχ
631 993 649 1063 6
671 995 768 1082 λόγος
790 995 932 1084 ε’ίρητοι,
955 990 1023 1064 ἄλλ’
1049 991 1264 1081 όμονογινὴς
1285 997 1366 1076 υἱός
1391 993 1421 1066 6
1450 994 1504 1066 ὢν

246 1103 294 1184 είς
313 1103 372 1170 τὸν
394 1102 518 1170 κόλπον
540 1103 598 1166 τοῦ
621 1096 786 1186 ποτρός’).
884 1129 887 1136 ’

331 1211 381 1272 21.
428 1211 471 1270 Τί
503 1203 539 1269 66
565 1202 669 1268 πλίον
697 1199 745 1277 εἷς
773 1204 937 1286 σωτηρίαν
964 1193 1056 1288 ἡμῶν
1085 1195 1104 1266 ό
1126 1198 1221 1286 λόγος
1242 1200 1496 1286 συμβάλλεται

245 1307 371 1391 μᾶλλον
400 1308 458 1372 τοῦ
480 1303 568 1384 οίού,
599 1302 665 1388 ε’ίγε
686 1293 754 1367 κατ’
780 1293 899 1379 αύτούς
921 1297 1021 1380 ἄλλος
1044 1300 1133 1368 ἐστίν
1156 1296 1174 1367 6
1197 1301 1267 1380 υίὸς
1285 1304 1349 1369 ναί
1378 1301 1496 1383 ἄλλος

247 1404 401 1494 όλύγος,·
437 1405 607 1474 πιστεύειν
627 1402 689 1490 γάρ
710 1399 804 1526 η’μάς
820 1398 880 1470 ούιι
901 1403 949 1482 εἰς
969 1401 1028 1470 τόν
1043 1401 1150 1490 λόγον,
1174 1398 1242 1470 ἀλλ’
1259 1403 1307 1482 εἰς
1320 1403 1392 1474 τὸν
1409 1405 1492 1472 υἱὸν
1551 1425 1552 1456 ι

245 1508 424 1597 πρύςτοξίς
451 1507 531 1575 ἔστι.
570 1505 654 1594 φησί
681 1504 743 1592 γάρ
766 1499 814 1572 Ι’ὁ
823 1498 986 1593 Ἰωάννης·
1016 1499 1225 1574 όπιστεύων
1247 1505 1351 1586 είς
1315 1530 1384 1574 τον
1410 1507 1489 1576 οἶόν

155 1613 157 1618 ’
246 1612 314 1736 ἔχει
334 1610 417 1700 ζωὴν
439 1604 625 1689 αἰώνιον(
608 1631 626 1676 ο
648 1607 685 1674 66
708 1601 863 1676 ἀπειθῶν
885 1609 932 1694 τῷ
954 1605 1016 1694 υἱῷ
1038 1601 1097 1674 ούκ
1119 1603 1488 1696 όψεταιζοιήν*).ιισι
1480 1611 1487 1627 “

245 1713 284 1782 τό
317 1709 411 1800 ἅγιον
443 1713 479 1780 δὲ
510 1709 700 1798 βάπτισμα,
735 1697 825 1775 ἐν
797 1734 823 1794 6
853 1707 965 1795 πάσης
985 1704 1170 1788 πίστεως“
1151 1711 1244 1794 ημῶν
1264 1705 1284 1795 6
1307 1709 1484 1791 σύστασις

203 1889 205 1895 Α
247 1811 350 1901 ὁρμεῖ,
375 1809 433 1882 οὖν
455 1813 502 1894 είς
523 1810 635 1899 λόγον,
660 1804 728 1878 ἀλλ’
755 1809 802 1888 είς
822 1815 952 1897 πατέρα
973 1813 1027 1878 ναί
1049 1810 1130 1878 νίὸν
1143 1807 1242 1878 ιαί”
1219 1835 1314 1898 αγιον
1336 1819 1482 1936 πνεῦμα

246 1918 385 1986 δίδοται.
433 1917 539 2041 εἴπερ
561 1903 618 1982 ούν
645 1905 712 1980 κατ’
738 1907 857 1990 αύτούς
885 1909 985 1991 ἄλλος
1012 1909 1142 1980 ἐστίνς
1125 1937 1143 1980 ο
1165 1912 1261 2000 λόγος
1289 1913 1348 1982 καὶ
1371 1915 1480 1997 ἄλλος

246 2016 265 2087 6
298 2018 383 2099 υίός,
415 2018 471 2086 καὶ
502 2011 561 2086 ούκ
595 2015 694 2082 ἔστιν
712 2013 784 2093 υίὸς
806 2007 824 2080 6
848 2012 959 2099 λόγος,
994 2009 1088 2082 οὐδὲν
1072 2014 1196 2101 νπρδς
1217 2015 1275 2082 τὸν
1302 2017 1408 2104 λόγον
1437 2018 1476 2086 τό

244 2121 428 2206 βάπτισμα.
477 2123 551 2198 πῶς
578 2107 636 2186 ούν
669 2114 819 2186 σύνεστιν
852 2111 870 2182 6
905 2114 1001 2202 λόγος
1031 2143 1093 2184 κατ
1131 2097 1250 2197 αύτούς
1276 2122 1325 2205 τῷ
1353 2129 1470 2208 πατρί,

246 2215 285 2288 06
316 2219 422 2288 συνὼν
453 2216 542 2307 αύτῷ
576 2219 610 2288 ἐν
641 2221 681 2306 τῇ
714 2222 773 2286 τοῦ
805 2224 1036 2304 βαπτίσματος
1069 2217 1178 2302 δόσεις
1215 2214 1325 2288 ἀλλ”
1316 2222 1400 2301 ι’σως
1426 2217 1466 2290 όν

246 2323 390 2393 εἴποιεν·
413 2321 447 2390 ἒν
467 2324 515 2410 τῷ
537 2325 596 2388 τοῦ
619 2319 747 2407 πατρὸς
769 2315 909 2407 ὀνόματι
929 2326 1118 2408 περιέχεται
1137 2325 1191 2390 καί
1215 2317 1233 2388 6
1256 2322 1356 2410 λόγος.
1393 2325 1457 2388 *δι-

246 2433 301 2494 ντί
333 2415 390 2494 ούν
422 2420 492 2509 ούχί
524 2425 578 2493 νεὶ
609 2421 648 2490 τό
681 2425 830 2507 πνεύμος
871 2417 1006 2512 ἢὲκτὸς
1026 2427 1092 2490 τού·
1107 2423 1235 2511 πατρὸς
1256 2424 1296 2491 τὸ
1315 2427 1450 2508 πνεύμος

244 2530 299 2599 καί
321 2525 504 2614 όνδροιπος
524 2530 600 2610 μέν,
629 2525 724 2609 ε’ύπερ
746 2520 805 2592 ούι
826 2525 916 2593 ἔστιν
937 2525 1009 2606 υίὸς
1030 2521 1049 2592 6
1071 2525 1181 2612 λόγος,
1215 2527 1300 2612 μετά
1320 2525 1370 2593 τόν
1391 2551 1455 2591 πα-

182 2639 187 2642 ’
245 2636 324 2718 τίρο
355 2625 567 2715 ὀνομάζεται,
598 2625 637 2692 τὸ
667 2626 703 2692 66
735 2629 866 2712 πνεῦμα
891 2626 980 2711 ’μετὰ
1010 2625 1066 2695 τόν
1098 2625 1297 2714 άνίίρωπον,
1331 2624 1390 2696 ούν
1414 2627 1462 2696 ἐτι

246 2735 282 2802 66
316 2727 392 2800 0666
424 2733 471 2810 εἰς
503 2728 622 2816 τριάδα
654 2723 721 2795 κατ’
752 2723 870 2808 αύτούς
896 2724 917 2814 6
944 2728 1048 2814 μονάς
1073 2729 1289 2810 πλατύνεται,
1326 2725 1394 2798 ἀλλ’
1418 2731 1465 2810 εἰς

246 2835 402 2922 τετράδα,
426 2839 555 2920 ποτέρα
576 2833 652 2900 λιταὶ
674 2829 772 2916 λόγον
793 2828 851 2898 ναὶ
869 2829 942 2898 νίάν
964 2830 1021 2900 καί
1041 2835 1171 2917 πνεῦμα
1193 2828 1296 2918 όγιον.
1335 2831 1369 2900 ἐν
1389 2832 1466 2900 τού-

246 2963 317 3019 τοις
345 2935 646 3027 όὴκοίσχννόμενοι
668 2933 715 3014 εἰς
736 2933 849 3020 ἕτερον
869 2932 1128 3022 καταφεύγουσι,
1158 2941 1213 3001 καί
1234 2957 1320 3022 φασι
1340 2935 1385 3024 μὴ
1407 2935 1463 3002 τόν

245 3167 349 3228 τερον,
371 3142 429 3210 τόν
450 3169 487 3210 τε
509 3141 606 3229 λόγον
627 3139 682 3208 καί
703 3139 760 3208 τὸν
783 3138 976 3228 όνδροιπον,
1000 3133 1085 3208 ελναι
1098 3138 1180 3218 νίόν,
1203 3139 1433 3228 συνημμένα
1400 3165 1458 3226 γορ

247 3238 419 3340 άμφόιερα
446 3243 534 3323 υἱός,
565 3240 611 3322 ὥς
640 3239 736 3310 οὗτοι
728 3242 923 3328 λόγοισιν,
947 3238 1151 3328 ὀνομάζεται.
1188 3247 1222 3308 τί
1235 3248 1353 3309 τοίνυν
1373 3249 1458 3320 τίνος

246 3331 364 3422 νότιον,
387 3346 440 3410 καί
463 3343 606 3429 πότερος
626 3343 768 3430 πότερον
791 3343 863 3410 νίὸν
884 3343 1135 3427 εοτεσκεύασενς
1170 3339 1261 3430 6666
1275 3343 1455 3432 λεννότερον

247 3444 386 3527 ε’ύποιμι,
411 3433 495 3528 ’άρο
527 3443 584 3510 διὰ
611 3444 669 3528 τὴν
698 3443 802 3527 οάριιοι
830 3440 849 3510 6
879 3444 976 3530 λόγος
1004 3444 1090 3527 ολός,
1126 3473 1146 3534 6
1132 3440 1279 3514 διὰ
1246 3469 1303 3514 τον
1325 3440 1452 3532 λόγονῆ

247 3544 330 3631 σάρξ
350 3543 422 3623 υίὸς
443 3545 588 3630 λέγεταις
620 3537 778 3628 ἢούδΗ
762 3543 924 3628 οπότερον
945 3545 1080 3630 τούτων,
1105 3543 1208 3616 ἀλλ’
1189 3575 1209 3635 η
1230 3543 1418 3636 ἀμφοῖν
1384 3571 1451 3614 ονν

246 3648 339 3730 οδος,·
364 3645 487 3729 εἰμὲν
509 3634 566 3712 ούν
589 3670 607 3711 ο
596 3640 726 3770 ςλόγος
748 3643 859 3711 διὰ
825 3671 884 3770 την
906 3645 1019 3734 σάρκα,
1044 3645 1165 3740 ἀνάγκη
1187 3649 1245 3740 τὴν
1260 3646 1449 3738 σάριιιιίνοι

245 3748 325 3829 νίόν,
349 3750 403 3816 καί
427 3742 663 3820 άνολονδεί
628 3773 670 3816 το
691 3744 818 3838 ύτοπο,
842 3741 907 3816 όσσ
927 3758 1124 3841 προείρηται
1146 3754 1180 3822 ἐν
1199 3756 1258 3820 τοῦ
1279 3751 1427 3840 λέγειν
1398 3776 1447 3832 τοι

245 3849 429 3939 ἄνθρωπον
450 3850 592 3920 νίόν·’
563 3852 650 3920 ειδὲ
634 3848 783 3919 ὲδιά
750 3875 808 3918 τον
830 3849 967 3937 λόγον“
948 3877 968 3941 6
985 3853 1069 3941 οαρξ
1081 3853 1152 3934 υίὸς
1167 3853 1303 3940 λέγετον,
1326 3852 1446 3936 νούπρὸ

244 3959 302 4043 τῆς
335 3955 453 4042 σαρκός
486 3955 621 4035 πάντως
649 3951 667 4023 6
696 3953 793 4041 λόγος
821 3949 865 4022 άλν
887 3954 959 4035 υίὸς
979 3945 1027 4045 ἦν.
1065 3959 1139 4036 πῶς
1159 3957 1221 4043 γάρ
1243 3951 1370 4024 οἷόντε
1388 3955 1447 4022 60-

245 4067 357 4126 ποιεῖν
385 4084 460 4127 τινα
482 4059 613 4146 ἑτέρους
632 4057 677 4147 μὴ
701 4055 782 4126 ύντοι
803 4050 903 4125 αύτάν
924 4057 1010 4140 υλόν,
1035 4055 1131 4138 ὄντος
1152 4057 1297 4144 μάλιστα
1317 4056 1446 4143 ποιρόςς

245 4161 274 4228 εί
295 4161 355 4246 μὲν
377 4150 435 4227 ούν
457 4160 562 4247 ἑαυτῷ
585 4161 741 4240 νίοποιεῖ,
765 4157 875 4249 πατὴρ
898 4156 998 4239 οὗτός
1019 4155 1059 4228 άν
1081 4162 1147 4248 ε’ύη,
1172 4161 1202 4228 εἰ
1223 4162 1259 4228 66
1280 4164 1327 4248 τῷ
1348 4165 1442 4246 πατρί,

314 4334 338 4396 1)
356 4334 421 4384 ίοεο
442 4333 482 4396 14,
500 4333 523 4384 9.
594 4333 619 4396 2)
637 4333 717 4384 Μειιλ.
737 4333 778 4395 11,
798 4332 838 4384 27
909 4333 934 4392 3)
952 4333 1018 4383 Ιοεο.
1038 4335 1061 4396 1,
1081 4334 1120 4385 18.
1189 4335 1299 4396 4)λοειι.
1317 4335 1342 4397 3,
1359 4333 1394 4385 36.

278 4469 300 4503 ε.
318 4453 390 4504 Βεείί.
408 4460 432 4503 et
448 4451 537 4514 λοςΙίο.
554 4447 600 4502 ναί
617 4445 694 4518 όρᾷν.
914 4468 934 4500 ε.
952 4451 993 4501 Sic
1017 4452 1074 4515 Res
1093 4453 1191 4516 ὃεςοει.
1209 4453 1281 4504 ΒεεὶΙ.
1299 4452 1409 4532 Angli-nn.
1424 4461 1445 4501 ιι

277 4523 301 4571 b.
320 4522 656 4602 81ιίλες.8εςοιι.ιιδιείί.
690 4519 735 4572 Δίιι
749 4531 828 4574 aulem
880 4519 977 4573 ὓοίεΙιι.
1011 4522 1040 4571 λι
1056 4521 1128 4570 editio
1146 4521 1263 4572 Commel.
1281 4513 1359 4570 διότι.
1551 4571 1552 4598 η

245 4599 269 4642 ιι
287 4582 373 4642 ediu‘
361 4605 375 4639 ο
394 4594 513 4642 ominum.
913 4587 1133 4653 660686116.
1159 4589 1444 4651 διείλειιοςίίοιιςιι
