3226 5280
240 425 301 490 102
636 437 661 482 s.
678 437 832 481 Ατεεαιεῐι
847 437 1071 484 ιεσειενιεσοει

154 611 358 675 ναοριμναν
380 587 464 653 Ιτῶν
486 583 663 672 ἐκκλησιῶν
687 583 827 662 ἐκείνων,
852 589 981 669 πέμπει
1003 586 1057 651 καί
1081 571 1295 669 συμβουλεύει
1315 594 1389 664 τοῖς
1411 583 1466 652 αἰ-

238 692 325 765 τίοις
345 684 547 754 παύσασθαι
568 688 627 771 τῆς
647 685 859 765 κακοδοξίας·
887 681 932 763 ῶς
954 685 991 752 δέ
1014 681 1071 752 ούκ
1094 685 1273 767 ἐπαύοντο,
1302 681 1387 753 ἆλλὰ
1407 685 1466 754 καί

237 787 365 871 μᾶλλον
386 783 618 872 ἀναιδέστερον
638 780 787 872 ἠσέβουν,
811 780 1002 873 ἠναγκάσθη
1025 785 1112 871 πρὸς
1125 786 1183 875 τὴν
1198 783 1365 854 ἀναίδειαν
1381 785 1466 854 ἐκεί-
1508 777 1513 784 ’

239 907 305 954 νων
330 887 461 974 γράψαι
488 886 546 973 τὴν
574 886 730 974 τοιαύτην
752 886 931 974 ἐπιστολὴν
952 890 1007 954 καί
1028 887 1071 953 τά
1093 883 1293 973 ἀνθρώπινα
1314 889 1374 954 τοῦ
1397 910 1465 954 σω-

237 989 337 1074 τῆρος
364 989 398 1056 ἐκ
425 993 491 1055 τῶν
520 983 714 1074 εὐαγγελίων
741 993 982 1073 παραθέσθαι,
1012 983 1054 1056 ἵν’
1079 989 1194 1078 ἐπειδὴ
1223 987 1464 1076 τολμηρότερον

238 1086 359 1156 ἐκεῖνοι
378 1087 436 1155 τὸν
458 1088 529 1156 υἱὸν
550 1083 708 1175 ἠρνοῦντο
730 1091 784 1155 καὶ
806 1087 848 1157 τά
870 1085 1071 1176 άνθρώπινα
1091 1084 1193 1157 αὐτοῦ
1208 1093 1255 1176 τῷ
1271 1091 1373 1176 πατρί
1389 1085 1466 1157 ἆνε-

236 1195 387 1270 τίθεσαν,
410 1186 536 1268 ἰούτως
558 1177 654 1267 ούτος
677 1190 795 1270 δείξας,
819 1185 872 1256 ότι
894 1186 952 1274 ούχ
973 1186 991 1258 ό
1013 1189 1122 1277 πατὴρ
1146 1187 1214 1257 ἀλλ’
1239 1187 1257 1257 ό
1280 1188 1351 1270 υἱός
1373 1190 1466 1258 ἐστιν

238 1287 257 1357 ό
279 1289 452 1377 γενόμενος
471 1285 556 1376 ὑπὲρ
577 1285 671 1377 ἡμῶν
692 1287 891 1376 ἄνθρωπος,
922 1297 1022 1379 πείσῃ
1044 1292 1121 1370 τούς
1144 1285 1289 1376 άμαθεῖς
1308 1292 1354 1377 μὴ
1378 1286 1468 1358 εἶναι

153 1391 298 1462 μεικτὸν
325 1396 457 1476 πατέρα
482 1389 569 1471 υἱόν,
597 1393 651 1457 καλ
674 1385 779 1469 οἰίτως
801 1390 923 1458 λοιπὸν
943 1388 1012 1459 κατ’
1038 1388 1148 1478 ὀλίγον
1171 1391 1314 1471 ἐκείνους
1336 1392 1383 1471 εἰς
1404 1391 1467 1477 τὴν

239 1487 402 1580 ἀληθινὴν
434 1487 577 1578 άναγάγη
606 1490 754 1578 θεότητα
782 1496 841 1558 τοῦ
864 1493 954 1559 ὐἰοῶ
984 1495 1037 1558 καὶ
1068 1490 1127 1578 τὴν
1154 1496 1276 1578 γνῶσιν
1303 1491 1362 1578 τὴν
1384 1493 1464 1578 περὶ

236 1595 297 1660 τού
318 1592 454 1679 πατρός.
499 1589 580 1676 αὕτη
602 1594 661 1677 τῆς
682 1591 861 1680 ἐπιστολῆς
880 1587 1101 1679 ήύπόθεσις,
1123 1595 1177 1658 καί
1194 1592 1386 1681 διὰταύτην
1403 1590 1463 1680 τὴν

237 1693 347 1762 αἰτίαν
370 1689 475 1772 ούτως
496 1693 621 1780 ἔγραψε
640 1695 695 1758 καί
718 1688 825 1772 αἰετός,
849 1692 906 1760 διὰ
926 1692 1003 1773 τοὺς
1018 1689 1122 1772 οότως
1143 1689 1386 1778 ἰάναισχύντιος
1399 1699 1464 1762 θε-

238 1795 401 1884 λήσαντας
420 1801 621 1880 μεταθεῖναι
640 1793 699 1880 τὴν
719 1797 778 1882 τῆς
800 1791 961 1882 ἀληθείας
983 1801 1107 1861 πίστιν.

323 1905 352 1966 6.
399 1902 443 1963 Τί
461 1901 572 1962 τοίνυν
595 1891 712 1980 ὅμοιον
732 1892 753 1981 ἦ
772 1889 904 1981 Ἀρείου
927 1895 1055 1982 αἵρεσις
1075 1897 1129 1961 καλ
1150 1891 1366 1980 ἡΔιονοσίου
1389 1893 1465 1962 διά-

237 2021 330 2080 νοια,·
363 1991 385 2083 ἢ
413 1993 504 2064 διατί
524 1997 703 2075 Διονύσιος
725 1991 789 2075 οῶς
805 1994 940 2084 ’Ἀρειος
971 1993 1181 2080 ὀνομάζεται,
1210 1996 1337 2082 πολλῆς
1363 1994 1466 2084 ούσης

237 2094 347 2165 αύτῶν
375 2100 433 2186 τῆς
460 2098 645 2186 διαφοράς,·
679 2093 697 2163 ό
724 2099 786 2182 μέν
812 2097 874 2183 γὰρ
896 2100 955 2185 τῆς
976 2099 1156 2182 καθολικῆς
1178 2096 1347 2182 ἐκκλησίας
1369 2095 1465 2162 διδά-
1499 2173 1504 2180 ¹

237 2197 358 2278 σκαλός
380 2197 485 2280 ἐστιν,
509 2193 527 2266 ό
550 2200 586 2265 δὲ
607 2201 721 2284 καινῆς
743 2198 901 2283 αἱρέσεως
922 2195 1098 2284 ἐφεσρετὴς
1118 2202 1237 2281 γέγονε.
1283 2189 1337 2263 κάί
1361 2194 1380 2261 ό
1400 2197 1462 2280 μέν

228 2297 363 2386 ’Ἀρειος
391 2300 449 2388 τὴν
479 2300 566 2366 ἰδίαν
594 2299 788 2378 κακοδοξίαν
810 2297 1021 2380 ἐκτιθέμενος
1043 2296 1167 2383 ἔγραψε
1188 2298 1351 2364 ’Θαλείαν
1375 2297 1462 2366 ἐκτε-

235 2401 437 2489 θηλυμένοις
456 2404 511 2468 καί
532 2402 675 2486 γελοίοις
695 2397 805 2484 ἤθεσι,
829 2397 912 2464 κατὰ
931 2395 989 2464 τὸν
1011 2395 1201 2482 Αἰγύπτιον
1222 2397 1418 2486 ίΣωτάδην,
1442 2393 1463 2465 ό

236 2503 273 2569 δέ
294 2502 473 2581 Διονύσιος
501 2502 625 2588 ἐγραψε
652 2501 713 2584 μέν
740 2501 793 2565 καὶ
823 2496 925 2578 άλλας
948 2497 1142 2582 ἐπιστολάς,
1172 2494 1401 2586 άπελογησπο
1425 2501 1461 2566 δέ

235 2606 290 2670 καί
312 2603 392 2691 περὶ
414 2593 459 2670 ῶν
481 2598 705 2687 ὑπωπτεύθη,
735 2601 789 2666 καί
819 2598 924 2688 ἐφάνη
948 2603 1080 2688 φρονῶν
1104 2595 1225 2688 ὀρθῶς.
1271 2600 1301 2668 εἰ
1320 2601 1381 2684 μέν
1403 2590 1463 2667 ούν

237 2704 368 2772 ἐναντία
390 2704 496 2788 ἑαυτῷ
517 2701 645 2788 γράφει,
668 2698 713 2788 μὴ
737 2699 920 2768 ἐλκέτωσαν
943 2696 1043 2768 αὐτὸν
1065 2700 1152 2788 πρὸς
1174 2700 1319 2781 ἑαυτούς,
1344 2696 1382 2767 ού
1397 2699 1459 2790 γάρ

236 2801 433 2886 άξιόπιστος
453 2801 536 2870 κατὰ
557 2806 666 2868 τοῦτο.
710 2800 740 2868 εἰ
762 2801 798 2868 δὲ
819 2801 953 2889 γράψας
973 2802 1032 2889 τὴν
1054 2802 1140 2890 πρὸς
1161 2798 1368 2887 ΙΙἈμμώνιον
1385 2801 1461 2869 έπι-

236 2907 355 2995 στολὴν
376 2901 585 2991 ὑπωπτεύθη
608 2903 662 2970 καὶ
685 2898 914 2990 ἀπελογήσατο
936 2903 1136 2991 θεραπεύων
1157 2903 1200 2971 τά
1221 2907 1348 2989 πρῶτα,
1373 2897 1462 2970 άντο·

234 3005 458 3096 λογησάμενός
477 3030 513 3072 τε
536 2999 574 3072 ού
596 3006 854 3091 μεταβέβληται,
880 3003 978 3090 δῆλον
1001 2998 1041 3071 ῶν
1064 3005 1130 3091 ε’ίη,
1161 3000 1215 3069 ότι
1235 3005 1288 3070 καὶ
1311 3003 1353 3070 τὰ
1375 2999 1484 3070 ύπο·.

234 3114 425 3176 πτευθέντα
445 3104 512 3175 κατ’
537 3106 727 3189 οἰκονομίαν
749 3105 909 3190 ἔγραψεν·
932 3101 970 3170 ού
993 3104 1046 3170 δεῖ
1068 3105 1104 3170 δὲ
1126 3102 1169 3169 τὰ
1184 3100 1252 3170 κατ’
1270 3105 1460 3190 οἰκονομίαν

233 3206 436 3294 γραφόμενα
454 3211 508 3274 καὶ
536 3205 691 3293 γινόμενα
712 3207 817 3272 ταῦτα
838 3201 1054 3288 κακοτρόπως
1077 3203 1309 3285 δέχεσθαικαλ
1332 3205 1379 3283 εἰς
1400 3204 1460 3292 τὴν

235 3303 323 3370 ἰδίαν
344 3305 464 3372 ῑὲλκειν
492 3306 636 3388 έκαστονΙ
655 3305 823 3390 βούλησιν.
866 3307 920 3368 καί
939 3302 1004 3388 γὰρ
1025 3305 1079 3368 καί
1103 3302 1215 3388 ἰατρὸς
1236 3304 1397 3384 πολλάκις
1417 3307 1461 3370 τά

235 3401 395 3470 δοκοῦντά
415 3425 486 3469 τισι
506 3403 551 3488 μὴ
574 3400 661 3470 εἰναι
680 3401 868 3486 κατάλληλα
888 3405 993 3468 ταῦτα
1013 3410 1086 3483 τοῖς
1109 3399 1339 3489 ύποκειμένοις
1360 3404 1461 3493 τραύ-

233 3525 345 3587 μασιν,
369 3499 414 3580 ῶς
436 3497 525 3567 οἰδεν
547 3495 654 3580 αύτός,
678 3499 905 3585 ἰέπιτίθησιν,
929 3497 1024 3570 ούδέν
1048 3504 1158 3591 ἕτερον
1180 3499 1301 3592 ἢπρὸς
1315 3505 1373 3591 τὴν
1388 3503 1460 3593 ύγι-

204 3629 209 3634 ·
234 3607 306 3670 είαν
328 3603 408 3686 έχων
429 3600 488 3666 τὸν
510 3598 652 3664 σκοπόν·
674 3600 728 3666 καί
750 3598 951 3670 διδασκάλου
974 3605 1010 3671 δὲ
1033 3613 1196 3692 φρονίμου
1210 3606 1336 3692 τρόπος
1351 3597 1457 3686 οὗτος,

233 3701 320 3788 πρὸς
347 3700 389 3767 τὰ
409 3701 476 3766 τῶν
498 3698 744 3780 διδασκομένων
765 3697 833 3785 ἤθη
857 3702 1080 3772 διατίθεσθαι
1100 3710 1155 3774 καὶ
1177 3709 1288 3774 λαλεῖν
1295 3758 1304 3788 ,
1333 3709 1395 3786 ἕως
1417 3700 1460 3774 άν

232 3796 352 3882 αύτούς
373 3799 420 3878 εἰς
440 3799 499 3889 τὴν
522 3795 600 3868 όδὸν
620 3800 679 3886 τῆς
699 3798 904 3888 τελειότητος
926 3804 1100 3894 μεταγάγη.

318 3909 347 3968 7.
390 3901 433 3968 Εἰ
455 3901 491 3968 δὲ
514 3896 567 3968 ότι
587 3899 688 3985 μόνον
711 3899 854 3986 ἐγραψεν
881 3899 1003 3984 ὀὕτως
1026 3899 1044 3970 ὁ
1065 3914 1260 3995 μακαρίτης,
1285 3907 1459 3980 αἰτιῶνται

221 4083 227 4090 ’
265 4104 287 4139 ι.
305 4089 403 4140 Tauria.
422 4088 490 4140 Colb.
517 4089 562 4138 les.
582 4089 653 4138 w.
673 4096 696 4138 οι
714 4089 818 4140 Felckm.
870 4089 920 4140 τοῦ
942 4083 1019 4148 υἰοό,
1045 4101 1143 4155 praeter
1165 4093 1189 4144 3.
1207 4107 1294 4154 ouon..
1319 4095 1360 4158 qui
1386 4092 1459 4142 habet

231 4153 256 4206 3.
275 4169 346 4206 εσοσ.
364 4157 412 4203 καί
428 4155 517 4205 hubent
535 4164 589 4204 εσῑε
600 4153 656 4202 τῶν
665 4147 818 4215 ἰκιιλησιῶν.
869 4157 919 4206 τοῦ
936 4152 1028 4223 λόγον.

232 4221 297 4298 lust]
322 4223 421 4272 Τιστὶιι.
445 4221 513 4299 ίζοΙο.
543 4222 591 4270 les.
620 4213 686 4269 ἀλλὰ
714 4219 820 4288 μᾶλλον
903 4226 927 4274 δ.
946 4226 1043 4274 Τεσεὶιι.
1064 4231 1088 4272 et
1104 4223 1150 4272 1ου.
1169 4213 1375 4299 ἀναισχύντους.

232 4301 326 4366 ηωιεεο
349 4289 402 4338 καί.
444 4287 534 4336 Ιδιδεω
562 4287 667 4338 Felckm.
692 4288 717 4340 3.
745 4306 818 4342 anon.
903 4306 925 4338 ε.
947 4291 1024 4339 δἐΙεΙι.
1044 4287 1067 4336 3.
1087 4301 1158 4364 τερα.
1178 4279 1215 4339 ῶς
1233 4283 1459 4366 αρειηινόςνημί·

231 4348 429 4420 αναιδέστερον
445 4347 625 4412 διετέθεισαν,
645 4347 814 4420 ἠναγκάσθη.
869 4353 948 4410 ζεται.
972 4355 1036 4429 ⁸Mox.
1053 4353 1151 4402 Τεοεω.
1169 4361 1194 4401 εἰ
1211 4353 1258 4403 Ιεε.
1277 4365 1359 4412 ovone
1370 4365 1456 4430 αντφ.

263 4453 289 4502 b.
307 4443 394 4506 οὕτως
411 4454 479 4504 deest
501 4453 525 4503 in
544 4454 649 4504 Folekm.
666 4453 691 4504 ³.
709 4468 782 4504 anon.
868 4421 1005 4534 gfff:
1019 4410 1122 4478 dmm
1147 4411 1318 4474 ’‘mma'‘
1354 4419 1454 4470 mm·

265 4565 286 4600 α
310 4552 408 4602 Tauria.
433 4552 504 4606 Colb.
527 4551 575 4602 Ιεε.
604 4550 655 4599 τοῦ
682 4549 815 4615 Χριστοῦ.
901 4550 919 4599 ί.
936 4549 992 4609 Reg.
1018 4557 1043 4599 et
1066 4547 1259 4601 edit.Comme1.
1279 4565 1332 4601 cum
1352 4549 1457 4615 quibus·

230 4617 288 4679 θος.
306 4632 361 4667 εσσε
380 4617 450 4669 aditis
468 4625 492 4668 ιι
510 4617 665 4669 Felckmnnni
692 4616 816 4667 codicibus
866 4615 921 4665 dum
946 4613 1101 4665 felckmnnni
1127 4609 1244 4694 θαλίαν..
1264 4617 1309 4669 Alii
1326 4611 1454 4668 θαλείαν.
