3226 5308
516 393 628 458 ,enarro
644 393 683 438 rr.
701 392 818 440 course
831 393 966 438 munna.
1281 381 1344 444 617

8 575 12 586 ·
117 547 199 612 modi
219 545 338 620 dicitur,
359 542 583 622 intelligendum
604 549 661 618 est,
683 561 744 606 non
766 544 794 604 ei
815 551 953 624 tanquam
968 541 1111 622 indigenti
1124 543 1219 606 inisse
1233 545 1430 622 detumuere.

8 678 11 740 s
116 649 170 712 sed
197 646 313 708 bomini
340 663 395 726 per
417 645 516 726 ipsum
537 643 678 706 Verbum.
721 642 840 706 Etenim
861 643 999 724 quisquis
1020 661 1076 723 pro
1099 644 1156 706 siin
1178 643 1345 720 intercedit,

118 748 242 830 qratiam
263 746 331 826 ipse
352 745 468 826 ancipit,
487 761 552 806 non
574 762 631 823 qua
653 742 794 822 indigeat,
818 742 871 806 sed
893 751 1017 823 propter
1038 743 1129 818 iilum,
1152 745 1236 806 cuius
1258 765 1346 809 cause

77 893 83 900 -
119 848 286 912 intercedit.

207 952 236 1014 7.
280 947 426 1010 Nimirum
454 944 704 1026 quemudmndnm
733 951 854 1006 nostras
884 941 1070 1006 infirmitates
1091 943 1158 1024 ipse
1178 963 1239 1006 nun
1260 945 1346 1008 intir-

119 1067 188 1112 mus
210 1048 352 1128 suscepit,
375 1055 406 1109 et
426 1045 550 1110 esurivit
570 1043 704 1125 quamuis
727 1062 788 1106 nnn
810 1043 966 1118 esuriens,
988 1049 1022 1105 ut
1042 1053 1146 1106 nostra
1166 1045 1247 1108 Patri
1271 1047 1348 1108 uite-

120 1167 193 1212 rens
215 1149 337 1222 deleret,
370 1147 410 1210 ita
432 1164 488 1226 pro
509 1143 732 1208 infirmitatibus
755 1143 833 1206 done
855 1162 871 1206 a
893 1143 956 1206 Dee
979 1145 1044 1224 ipse
1065 1144 1181 1226 accipit,
1203 1155 1237 1210 ut
1256 1146 1348 1212 burne

121 1251 180 1330 ipsi
210 1250 383 1312 coniunctus
411 1249 519 1310 burum
546 1248 695 1328 particeps
725 1265 794 1310 esse
821 1235 919 1325 queat.
963 1244 1040 1308 Hinc
1066 1246 1132 1325 ipse
1153 1245 1209 1310 ait:
1241 1249 1351 1312 Omnis

121 1369 314 1434 quascunque
335 1351 445 1414 dedisti
464 1349 539 1412 stibi
559 1349 628 1412 dedi
646 1352 697 1419 eis,
721 1355 751 1410 et
771 1347 894 1408 iterum:
914 1365 975 1427 pre
998 1351 1042 1412 cis
1064 1365 1151 1429 ruqn.
1187 1347 1246 1410 Pro
1262 1349 1349 1411 nobis

122 1469 236 1534 nempe¹
251 1449 390 1530 regebat,
412 1449 480 1522 bis,
501 1467 578 1530 quae
599 1456 704 1512 nostra
726 1456 813 1521 sunt,
836 1447 1001 1528 susceptis,
1029 1457 1059 1510 et
1080 1447 1167 1510 debat
1188 1467 1264 1528 quae
1284 1451 1350 1529 ipse

122 1551 293 1631 accipiebat.
338 1549 487 1623 Quoniam
520 1549 608 1628 igitur
629 1549 727 1612 Verbo
755 1547 913 1610 coniuncto
936 1567 1002 1610 cum
1024 1547 1145 1611 homine
1165 1549 1254 1612 Peter
1274 1567 1349 1629 pro·
1467 1603 1469 1613 .
1604 1555 1605 1622 t

121 1660 189 1733 pter
210 1652 311 1732 ipsum
332 1649 462 1712 Verbum
484 1649 598 1711 bomini
620 1649 724 1723 debut,
753 1657 787 1710 ut
814 1649 992 1711 exaltaretur
1013 1667 1191 1728 omnemque
1214 1659 1348 1730 potesta-

120 1761 181 1816 tem
203 1751 329 1814 baberet
350 1759 381 1812 et
398 1750 454 1812 elia
469 1747 656 1824 huiusmodi3
678 1749 789 1812 idcirce
812 1751 911 1812 omnia
936 1750 1143 1812 adscribuntur
1164 1751 1221 1832 ipsi
1242 1751 1349 1826 Verbo,

120 1853 170 1917 cui
200 1862 230 1914 et
260 1851 350 1914 veluti
378 1849 486 1912 dantur
507 1867 704 1930 quiscunque
720 1869 777 1912 nos
799 1869 853 1931 per
875 1852 974 1932 ipsum
995 1851 1167 1932 accipimus.
1210 1851 1250 1914 Ut
1270 1852 1349 1914 enim

122 1959 249 2035 propter
275 1969 332 2014 nos
361 1953 452 2014 bomo
475 1953 570 2014 iactus
593 1959 654 2024 est,
681 1951 721 2014 ite
743 1969 800 2013 nes
823 1959 947 2032 prepter
968 1970 1037 2014 eum
1058 1953 1228 2016 exaltamur.
1272 1951 1351 2014 Nihil

82 2117 90 2126 ,
121 2053 216 2134 igitur
244 2052 365 2116 absurdi
387 2059 450 2124 est,
484 2051 511 2113 si
533 2051 779 2131 quemadmodum
802 2053 933 2132 seipsum
955 2061 1078 2133 prepter
1099 2071 1156 2116 nos
1178 2053 1350 2126 humiliarit,

121 2156 164 2218 ita
193 2161 225 2216 et
250 2160 375 2233 propter
402 2170 460 2214 nos
482 2151 601 2214 exuituri
623 2152 746 2214 dicatur.
789 2153 891 2233 ltaque
913 2153 1037 2218 donauit
1058 2153 1120 2226 r'lb’,
1142 2153 1172 2217 id
1195 2163 1242 2216 est
1263 2153 1351 2217 nobis

119 2263 247 2338 propter
268 2254 383 2334 ipsum,
412 2261 443 2316 et
471 2253 647 2330 exultauit,
673 2253 704 2314 id
733 2261 780 2316 est
807 2272 865 2315 nes
893 2254 924 2318 in
952 2254 1031 2336 ipso.
1086 2255 1214 2317 Verbum
1247 2273 1350 2334 porro,

119 2373 188 2419 eum
211 2373 269 2418 uos
293 2355 470 2428 exaltamur,
493 2355 653 2435 accipimus
676 2361 707 2416 et
728 2353 910 2429 adiuvamur,
932 2356 1017 2436 quasi
1039 2355 1139 2436 ipsum
1161 2355 1350 2428 exaltaretur,

119 2457 269 2537 acciperet
295 2465 342 2518 est
370 2457 575 2530 adimeretur,
604 2455 712 2535 gratias
734 2454 795 2535 agit
814 2455 905 2530 Patri,
928 2465 1089 2536 nouusque
1122 2454 1153 2516 in
1186 2473 1220 2516 se
1252 2453 1349 2534 ipsum
1359 2471 1437 2517 ems

126 2558 272 2618 transfert
293 2564 324 2617 et
344 2555 402 2618 ait:
437 2557 548 2620 Omnia
568 2573 761 2638 quaecunque
783 2557 893 2621 dedisti
910 2559 986 2620 ntibt'
1007 2557 1077 2620 dedi
1096 2559 1148 2618 eis.
1281 2599 1285 2606 ·

202 2855 242 2918 ·8.
285 2853 386 2916 Amani
413 2853 535 2918 Eusebii
564 2856 699 2936 gregales
728 2875 795 2922 cum
816 2855 892 2918 Filio
921 2851 1099 2934 principium
1127 2853 1276 2917 existendi
1294 2855 1351 2916 tri·

124 2955 237 3028 bunut,
266 2953 407 3040 simutant
437 2972 471 3015 se
499 2953 579 3018 nolle
607 2975 675 3018 eum
697 2957 780 3036 regni
794 2953 980 3036 principium
1002 2951 1121 3015 babere.
1165 2953 1253 3035 Atqui
1274 2955 1355 3018 istud

125 3055 284 3118 ridiculum
305 3053 411 3126 fuerin
441 3053 588 3133 siquidem
617 3057 669 3136 qni
690 3055 766 3118 Filio
788 3056 839 3117 dat
860 3051 1006 3116 existendi
1027 3054 1223 3135 principium,
1255 3055 1353 3116 muni-

125 3156 204 3218 ieste
231 3153 412 3234 principium
439 3171 558 3234 qunque
585 3155 729 3234 regnandi
756 3154 799 3216 iiii
828 3153 894 3226 det,
925 3172 960 3216 nc
985 3153 1112 3236 proinde
1133 3155 1252 3216 intendo
1274 3155 1354 3236 quud

125 3261 237 3334 negant
267 3273 301 3315 se
336 3271 439 3316 eneces
466 3255 527 3334 ipsi
555 3273 624 3318 esse
646 3255 785 3335 produnt
830 3255 889 3327 Qui
911 3255 981 3316 item
1003 3254 1087 3317 uiunt
1106 3273 1221 3318 memm
1242 3274 1354 3320 nomen

125 3354 193 3418 Filii
222 3372 308 3428 esse,
336 3353 443 3417 Filium
472 3362 571 3418 eutem
591 3355 645 3418 Dei
672 3355 704 3416 id
735 3363 783 3418 est
803 3355 932 3417 Verbum
953 3354 1051 3418 Patris
1072 3356 1205 3418 essentia
1227 3365 1257 3419 et
1278 3355 1354 3419 sub-

125 3455 235 3518 stantia
256 3471 380 3516 vacuum
403 3473 488 3528 esse,
518 3457 633 3536 tingunt
655 3475 690 3520 se
711 3455 855 3518 adversus
876 3455 945 3518 ilios
966 3455 1130 3536 indignari,
1164 3457 1215 3535 qui
1237 3456 1353 3518 dicunt:

126 3555 195 3618 Fuit
223 3554 380 3636 aliquando
408 3574 476 3618 cum
503 3575 565 3620 nnn
593 3565 683 3618 esset
728 3556 816 3636 Atqui
835 3554 868 3618 id
890 3555 979 3618 etiem
1001 3556 1159 3618 ridiculum
1180 3564 1236 3620 est
1280 3555 1354 3618 Nam
1380 3567 1387 3580 ·

125 3656 178 3735 qui
206 3656 287 3718 illum
319 3674 359 3718 ue
387 3675 457 3719 esse
485 3657 603 3737 quidem
626 3657 746 3732 velunt,
777 3657 835 3721 illis
858 3665 1054 3730 succensent,
1086 3655 1137 3736 qui
1159 3673 1228 3718 eum
1249 3655 1354 3717 saltem

128 3765 263 3836 tempore
295 3775 365 3820 esse
397 3759 572 3821 concedunt.
617 3758 720 3839 ltaque
752 3756 784 3820 hi
813 3757 901 3820 etiem
928 3757 1108 3820 confitentur
1135 3753 1215 3834 qued
1237 3763 1355 3835 negent,

127 3873 195 3917 cnm
217 3856 293 3917 eiius
315 3849 548 3936 reprehendunt.
590 3858 750 3920 Praeterea
770 3856 945 3931 Eusebiani,
967 3851 1018 3936 qui
1039 3855 1145 3917 Filium
1167 3855 1356 3930 confitentur,

128 3973 198 4017 eum
229 3963 335 4016 natura
363 3955 492 4017 Verbum
520 3975 589 4018 esse
615 3964 740 4036 negent,
773 3957 896 4036 solaque
925 3953 1104 4036 cogitatione
1129 3953 1218 4016 Verbi
1246 3971 1357 4016 nomen

128 4053 204 4116 Filio
226 4055 331 4116 volunt
352 4053 485 4128 concedi,
508 4054 557 4116 alii
578 4073 666 4130 vern,
689 4055 738 4142 qui
761 4055 890 4118 Verbum
913 4055 1107 4130 confitentur,
1130 4061 1237 4135 negant
1257 4055 1357 4136 ipsum

125 4297 310 4382 {tugurienses
338 4295 452 4359 inuris,
485 4293 572 4357 uiroc
595 4297 642 4353 sui
675 4293 716 4354 δι’
769 4295 858 4386 ἀρχὴν
874 4293 952 4386 uirque.
974 4307 1050 4384 fanin
1066 4299 1278 4374 poeregaerpsi
1295 4305 1357 4370 ῥω-

127 4383 208 4436 ’titat-
378 4429 392 4448 ο
648 4438 654 4448 ι
767 4368 896 4423 deneardus
912 4387 1001 4441 αρχην
1018 4383 1064 4426 etc

161 4451 184 4514 9·-
201 4437 242 4486 ⁸⁵⁰
259 4437 316 4500 ¹³⁰⁸·
327 4435 500 4514 “Vi-“⁸⁶⁸²
534 4438 563 4488 Α*
580 4439 604 4488 ¹¹¹
623 4437 677 4488 ‘¹¹⁵¹
692 4446 718 4516 ,²⁸
802 4474 819 4523 r.
843 4473 883 4524 se
902 4475 958 4524 aa.
992 4483 1000 4526 ι
1017 4475 1049 4526 se
1067 4489 1118 4526 aar.
1152 4475 1181 4525 m
1198 4471 1239 4524 eur
1258 4479 1282 4524 e
1299 4471 1356 4523 enin

127 4499 200 4552 edun
217 4495 246 4552 ni
261 4503 338 4554 deest.
371 4503 432 4554 ind.
451 4505 506 4566 bag.
525 4505 626 4567 Sequar.
643 4504 717 4555 desti.
935 4489 950 4536 ⁸
976 4491 990 4525 ⁶
1051 4489 1066 4538 ⁸

127 4569 220 4631 anglie.
244 4559 333 4636 ἀρχὴν
354 4568 404 4620 τοῦ
429 4559 507 4622 εἶναι.
548 4571 595 4622 stu
613 4579 638 4622 et
659 4573 716 4624 editi
767 4538 977 4606 ''mmm‘'
1278 4605 1283 4612 .
