3250 5292
582 387 691 432 onorio
708 388 752 432 ur.
768 389 884 434 uonrnt
899 389 1036 435 mneos.
1341 379 1403 442 477

165 539 340 604 excluderet
361 539 563 620 splendorem,
585 538 639 600 sed
663 545 774 600 leolum
796 537 875 602 illius
898 540 1009 602 erroris
1032 539 1153 604 tollendi
1175 559 1275 611 eausa,
1299 544 1349 622 qui
1371 543 1490 606 innuen

165 641 267 723 lignea
289 642 417 721 imagine
440 641 596 720 inanisque
618 641 730 718 liguros
759 639 1001 706 dissimilitudine
1029 641 1223 716 obiioeretur3
1253 642 1292 705 ita
1316 643 1403 707 simi·
1476 683 1495 708 .

166 743 240 804 liter
261 743 335 806 dixit
348 743 444 834 Deus}
469 743 530 823 lipo
552 759 619 803 rom
642 748 671 801 et
687 740 749 821 llpo
772 741 857 804 eolus
872 741 956 804 Deus
979 749 1010 802 et
1030 760 1093 804 eon
1115 754 1160 805 ert
1177 744 1256 806 olim
1277 755 1404 824 praeter

165 861 232 916 me,
256 853 289 905 ut
310 843 447 906 homines
468 861 484 904 a
508 841 591 904 lalsis
612 841 669 904 diis
692 849 854 916 averteret,
884 841 1013 921 indeque
1041 841 1191 904 discerent
1212 863 1313 906 verum
1335 863 1402 906 eum

168 963 242 1008 esse
265 945 367 1008 Deum.
402 945 539 1006 Ceterum
561 961 628 1006 eum
651 943 724 1004 bueo
738 942 818 1004 Deus
841 941 965 1010 diceret,
989 961 1024 1004 ea
1048 943 1113 1005 sine
1135 943 1227 1005 dubio
1249 963 1402 1024 persuum

168 1047 303 1110 Verbum
325 1047 390 1126 ipse
416 1043 548 1116 dieebat,
581 1043 640 1105 nisi
670 1045 748 1105 lorte
770 1043 907 1106 hodierni
936 1043 1037 1106 ludaei
1071 1044 1196 1118 addent,
1229 1043 1284 1105 ieta
1311 1046 1405 1108 Deum

170 1147 296 1210 minime
318 1165 371 1226 per
392 1165 477 1209 suurn
500 1144 628 1207 Verbum
652 1144 782 1207 loertum
805 1143 910 1206 luisse.
956 1145 1064 1206 Verum
1095 1144 1134 1206 ita
1156 1143 1205 1205 illa
1227 1145 1304 1206 dieta
1326 1156 1405 1220 suut,

172 1249 362 1328 quantumvis
384 1249 483 1309 lerant
504 1245 641 1308 diabolici
664 1246 730 1306 riri.
774 1245 847 1306 Nam
872 1243 998 1308 Verbum
1022 1243 1139 1306 Domini
1169 1245 1276 1308 laetum
1299 1255 1347 1310 est
1367 1249 1403 1310 ad

169 1348 368 1428 Propbetam,
390 1349 521 1428 beeeque
544 1347 642 1409 audita
665 1355 746 1408 sunt.
791 1346 878 1419 Quod
902 1346 928 1407 si
951 1347 1016 1408 eius
1039 1353 1104 1407 eret
1125 1345 1270 1421 Verbum,
1293 1367 1328 1410 ao
1348 1367 1404 1428 per

167 1449 273 1530 ipsum
303 1447 374 1512 baec
403 1449 592 1522 dicebantur,
622 1447 754 1527 nihilque
775 1455 839 1520 est,
867 1446 947 1527 quod
969 1447 1015 1509 rel
1037 1447 1115 1510 diret
1136 1447 1182 1509 rel
1204 1449 1291 1509 laeiat
1312 1448 1402 1523 lleus,

165 1551 230 1612 nisi
253 1550 283 1613 in
306 1552 420 1622 Verbo;
442 1567 503 1611 non
527 1549 616 1628 igilur
636 1557 761 1629 propter
782 1549 881 1628 ipsum
903 1548 981 1610 dieto
1002 1548 1060 1610 istu
1083 1556 1162 1622 eunt,
1186 1547 1272 1610 ollei
1288 1549 1401 1622 hostes,

147 1651 224 1744 ‚sed
247 1661 371 1732 propter
393 1651 487 1711 aliena
510 1658 540 1711 et
561 1668 637 1730 quae
658 1649 695 1712 ab
717 1651 785 1730 ipso
808 1667 869 1710 non
892 1658 970 1712 eunt.
1016 1649 1151 1723 Etenim,
1182 1658 1215 1712 ut
1243 1650 1273 1711 in
1296 1651 1402 1712 eodem

164 1752 345 1814 insistamus
369 1748 516 1829 exemplo,
539 1748 566 1810 si
589 1749 635 1810 sol
657 1749 704 1811 illa
726 1749 816 1812 rerba
836 1751 1022 1829 protulisset,
1045 1768 1107 1812 nou
1129 1749 1177 1811 bis
1198 1751 1300 1830 utique
1316 1750 1403 1814 dietis

165 1851 349 1923 indicasset,
385 1869 419 1912 se
450 1849 642 1930 splendorem
671 1867 758 1912 suurn
788 1859 870 1914 extra
893 1870 927 1913 ee
948 1852 1074 1926 bebere,
1103 1850 1158 1912 sed
1178 1851 1280 1930 potius
1302 1852 1401 1913 lumen

171 1970 262 2014 suum
285 1952 316 2013 in
339 1951 499 2032 splendore
522 1968 590 2012 esse
613 1951 776 2014 ostendens
799 1969 933 2014 errorem
955 1951 1036 2016 illum
1053 1951 1223 2014 refellisset.
1256 1951 1317 2014 Nee
1331 1970 1402 2031 ergo

169 2052 381 2134 puriterdieta
403 2051 451 2114 illa
473 2052 600 2114 suntad
629 2051 844 2114 excludendum
872 2053 994 2126 litium,
1028 2071 1125 2133 neque
1156 2061 1281 2134 propter
1309 2053 1400 2124 illum,

173 2155 227 2217 sed
256 2155 292 2216 ad
322 2154 533 2217 confutandum
566 2153 762 2216 mendacium.
808 2153 884 2218 lliue
910 2154 990 2217 Deus
1020 2154 1105 2216 initio
1132 2154 1234 2217 muudi
1255 2173 1401 2236 nusquam

169 2255 229 2318 illis
252 2265 298 2318 est
319 2275 392 2319 usus
414 2253 553 2328 uocibus,
582 2258 649 2318 olm
671 2255 783 2318 Adumo
806 2256 993 2336 loqueretur,
1023 2257 1156 2336 quamvis
1179 2256 1324 2331 Verbum,
1347 2276 1402 2337 per

169 2357 250 2436 quod
273 2358 373 2420 omnia
394 2358 468 2420 laeta
491 2365 572 2430 sunt,
595 2373 662 2418 oum
685 2357 736 2418 illo
760 2365 851 2418 esset.
889 2357 950 2420 lieo
971 2358 1049 2420 euim
1072 2366 1135 2420 tum
1158 2357 1205 2420 bie
1227 2376 1304 2436 opus
1327 2367 1400 2430 erat,

168 2477 236 2520 oum
264 2460 397 2520 nondum
430 2458 510 2520 idolo
542 2459 660 2520 luerent
686 2459 816 2520 inventa.
859 2459 967 2522 Postea
995 2469 1093 2522 eutem
1115 2477 1204 2538 quam
1225 2458 1401 2520 bominesa

169 2559 290 2620 veritate
318 2561 491 2621 deleuerunt
518 2559 635 2638 sibique
663 2559 737 2622 deos
760 2560 796 2622 ed
824 2560 978 2624 arbitrium
1011 2561 1235 2630 confinxerunt,
1268 2566 1338 2620 tune
1365 2559 1488 2627 adunes,

171 2657 264 2718 luleus
287 2658 361 2719 deos
390 2659 630 2720 exterminandos
658 2661 749 2722 verbe
771 2661 977 2725 buiusoemodi
999 2663 1084 2724 luere
1108 2659 1285 2720 necessaria.
1329 2659 1401 2718 llibi

173 2774 243 2818 uero
266 2756 351 2818 lieeat
372 2758 461 2818 etiam
489 2757 612 2832 addere,
642 2760 690 2822 ille
718 2769 786 2824 aute
807 2763 1027 2825 haeretieorum
1050 2760 1198 2822 insaniem
1221 2758 1298 2820 dictu
1321 2777 1401 2832 esso,

171 2862 206 2918 ul
226 2855 296 2918 inde
318 2856 502 2937 exploratum
523 2859 683 2934 baberent,
706 2880 790 2936 eum,
818 2881 904 2942 quem
928 2869 1011 2923 extra
1031 2859 1130 2923 Patris
1152 2867 1287 2921 naturam
1310 2859 1402 2921 Deum

171 2957 304 3036 fingunt,
338 2975 399 3020 oon
429 2975 496 3020 esse
524 2977 626 3022 rerum
656 2959 748 3022 Deum
777 2981 873 3042 neque
902 2962 997 3024 solius
1025 2960 1173 3041 primique
1194 2959 1351 3039 imaginem
1373 2968 1404 3022 et

172 3057 276 3119 lilium.

255 3361 287 3423 ll.
333 3359 479 3432 Quoeirea
503 3360 560 3422 etsi
582 3360 673 3424 Peter
695 3361 777 3422 solus
800 3379 888 3424 uerus
915 3361 995 3424 lleus
1024 3361 1145 3436 dieitur,
1174 3380 1235 3424 uon
1264 3365 1398 3442 proiecto

169 3461 278 3524 dieitur
299 3460 335 3522 etl
359 3459 574 3540 repudiandum
598 3479 676 3536 eurn,
700 3463 751 3542 qui
773 3461 859 3523 dioit:
882 3463 944 3544 Epo
967 3481 1034 3526 eunt
1055 3467 1180 3531 uerr'toe,
1203 3464 1256 3527 sed
1280 3465 1315 3526 ed
1332 3465 1399 3526 illos

168 3561 365 3635 miioiendes,
393 3561 445 3640 qui
472 3565 577 3625 naturl
598 3565 660 3626 reri
683 3581 743 3626 uon
766 3572 855 3638 sunt,
884 3565 979 3644 qualis
1009 3566 1074 3646 lpse
1096 3574 1145 3628 est
1165 3566 1254 3628 Pater
1276 3564 1400 3645 eiusque

169 3663 307 3726 Verbum.
352 3662 402 3724 Sio
424 3662 502 3724 euim
524 3664 668 3727 Dominus
691 3665 758 3746 ipse
780 3665 879 3728 statim
907 3665 1077 3729 coniunxit:
1110 3667 1149 3730 m
1177 3685 1264 3750 poem
1290 3669 1402 3728 muloti

169 3762 271 3826 leon·
293 3763 455 3828 Christum:
500 3765 560 3839 Qui
581 3765 607 3827 si
629 3783 679 3828 res
701 3774 783 3828 esset
804 3773 911 3841 ereata,
933 3785 995 3828 nou
1018 3773 1099 3828 oerte
1119 3765 1324 3829 coniunxisset
1344 3783 1401 3828 nee

171 3883 205 3924 se
228 3881 294 3926 oum
317 3883 372 3927 suo
394 3873 530 3926 creatore
550 3873 748 3928 numerasset
791 3867 877 3939 Quae
900 3868 980 3929 enim
1002 3869 1130 3928 eoeietes
1153 3883 1224 3927 vero
1247 3885 1313 3928 oum
1336 3885 1397 3928 non

204 4063 226 4097 e.
244 4049 341 4100 Gobler.
360 4057 385 4100 et
397 4049 503 4098 l'elelm.
517 4049 539 4098 l.
557 4041 631 4113 ἔλεγε
647 4042 693 4095 stoi
710 4041 761 4108 τὴν
807 4042 873 4102 θεὸς
890 4043 904 4098 d
922 4044 1020 4117 πατήρ.
1057 4050 1084 4101 ln
1109 4049 1164 4101 aliie
1188 4059 1212 4102 et
1235 4052 1306 4103 editio
1329 4052 1399 4102 deest

168 4109 283 4175 πλάνην.
318 4117 393 4166 iidem
413 4118 502 4166 ibidem
521 4124 545 4166 et
563 4117 620 4177 lieu.
635 4117 655 4165 l.
674 4117 760 4166 oeSe-
807 4109 880 4169 dede.

166 4198 237 4298 ppei.
256 4174 430 4233 ἃντοιαῦτα.
466 4183 759 4234 lliieteditiossommel.
842 4217 866 4266 h·
893 4219 933 4269 Sic
961 4219 1015 4282 neg·
1037 4219 1059 4270 ¹.
1087 4227 1111 4270 et
1133 4219 1233 4284 sewu
1267 4222 1296 4271 M
1315 4221 1399 4272 'me‘

223 4244 258 4300 τὰ
276 4249 399 4300 'mm'
809 4286 866 4336 editi
883 4281 965 4334 πάλιν
982 4289 1102 4338 omittunt.
1137 4289 1211 4339 Paulo
1230 4298 1286 4354 post
1303 4289 1358 4351 neg.
1374 4291 1396 4337 l.

811 4355 945 4432 etnSeguer.
964 4345 1035 4403 οὕτω
1052 4349 1115 4433 γὰρΙ
1127 4347 1216 4410 odro‘c.
1251 4357 1295 4407 llil
1306 4366 1329 4405 et
1339 4355 1397 4406 editi

204 4321 221 4368 l.
245 4320 302 4398 Q·
323 4321 344 4369 l.
371 4329 396 4370 et
418 4320 519 4382 Sequer.
542 4309 620 4385 douai.
654 4319 716 4370 liditi
736 4327 760 4371 et

169 4381 360 4517 'hir-§gibada
373 4454 394 4504 l.
412 4455 512 4516 Sequor.
532 4453 758 4506 (lobienetllelol-
811 4433 897 4476 ουτως
912 4416 967 4490 γὰρ
985 4417 1030 4471 καὶ
1048 4416 1137 4478 αὐτος·

166 4521 294 4570 mannil.
328 4528 356 4572 nt
379 4521 419 4572 elii
443 4531 468 4572 et
490 4523 547 4573 editi
574 4515 636 4572 olleo
661 4516 691 4570 dt
709 4519 759 4572 τοῦ
844 4523 859 4572 i.
884 4524 941 4585 llas.
964 4523 983 4574 l.
1002 4525 1102 4587 Sequer.
1127 4523 1225 4575 Gobler.
1250 4531 1274 4572 et
1291 4521 1397 4572 Feleltm.

165 4580 266 4652 μόνον.
300 4587 352 4640 lox
369 4590 460 4654 lisql.
478 4591 610 4653 etSeguer.
628 4580 760 4649 ἀληθινὸς
811 4591 833 4640 l.
851 4583 876 4640 ei
891 4585 1001 4658 κτίσμα.
1040 4582 1225 4644 sortierunt
1242 4583 1271 4639 lt
1287 4583 1398 4654 κτίσμα.
