3226 5280
260 422 302 484 42
661 439 686 481 8.
701 391 856 482 ‘numu
871 438 1095 484 ncnltvlscon

173 583 340 671 υ.νιι.περί
362 584 398 652 δὲ
419 585 478 650 τοῦ
501 591 613 671 κυρίου
637 578 922 672 εὐαγγελιζόμενος
944 586 1045 672 λέγει·
1070 581 1088 651 ό
1109 584 1286 672 μονογενής
1301 586 1381 668 υίός,
1407 585 1490 658 όιῦν

260 686 307 764 είς
328 684 386 752 τὸν
407 684 535 752 κόλπον
556 689 614 752 τοῦ
637 685 780 773 πατρός,
812 685 935 766 ἐκεῖνος
956 686 1136 774 ἐξηγήσατο
1144 691 1174 767 ¹).
1220 687 1250 754 εί
1270 695 1381 757 τοίνυν
1404 691 1486 773 υἱός,

259 783 298 854 οῦ
319 793 457 870 κτίσμα,
487 785 517 852 εί
539 786 575 852 δὲ
596 783 733 870 κτίσμα,
758 783 816 871 οὐχ
837 787 923 866 υἱός·
951 788 1062 876 πολλή
1087 787 1148 875 γάρ
1176 787 1211 855 έν
1233 783 1347 869 αὐτοῖς
1369 787 1389 880 ή
1412 792 1489 859 όια-

259 886 363 977 φυρά,
393 885 449 953 καί
476 881 536 953 οόκ
557 881 598 954 ἂν
621 887 670 976 εἴη
694 883 793 968 αὐτὸς
815 887 886 968 υίὸς
907 888 963 956 καὶ
983 897 1119 974 κτίσμα,
1149 890 1205 956 ἵνα
1225 889 1271 978 μὴ
1292 890 1349 958 καί
1370 892 1405 959 ἐκ
1426 897 1486 960 τοῦ

257 992 343 1058 θεοῦ
365 987 420 1055 καὶ
442 986 568 1068 έξωθεν
590 992 649 1054 τοῦ
672 992 755 1056 θεοῦ
778 986 798 1078 ή
821 987 919 1057 οὐσία
940 985 1041 1058 αὐτοῦ
1063 981 1256 1076 νομίζηται.’

346 1097 394 1157 14.
432 1084 503 1176 ’Ἆρ’
529 1079 586 1156 οῦν
616 1089 722 1178 μάτην
749 1097 933 1178 γέγραπται
958 1096 1057 1160 τοῦτο
1084 1091 1123 1158 τὸ
1149 1091 1267 1180 ῥητόν,·
1303 1095 1402 1160 τοῦτο
1424 1095 1486 1180 γὰρ

257 1191 360 1258 πάλιν
395 1190 514 1259 ἐκεῖνοι
548 1196 810 1277 περιβομβσῦσιν
839 1188 884 1271 ιῖις
914 1190 1010 1280 ἇγέλη
1040 1193 1218 1261 κωνώπων.
1265 1187 1337 1278 οῦχί
1363 1217 1415 1279 γε,
1447 1190 1486 1262 οῦ

160 1373 165 1392 Ι
257 1293 363 1381 μάτην
389 1299 587 1379 γέγραπται,
618 1287 776 1360 ἀλλὰκαὶ
799 1293 890 1377 μάλα
912 1288 1114 1379 άναγκαίως·
1143 1294 1281 1381 καὶγὰρ
1304 1298 1357 1362 καί
1380 1296 1486 1376 κτίζε·
1510 1331 1512 1334 ·

170 1414 246 1458 ανιο.
258 1400 344 1462 σθαι
371 1395 513 1480 λέγεται,
543 1388 612 1460 ἀλλ’
638 1389 693 1461 ότε
719 1400 847 1481 γέγονεν
877 1393 1076 1482 άνθρωπος·
1106 1389 1291 1481 άυθριίπου
1312 1395 1373 1482 γὰρ
1396 1397 1494 1465 ἴδιον,

256 1499 364 1562 τοῦτο.
409 1493 467 1590 τήν
490 1497 527 1564 δὲ
549 1495 699 1563 διάνοιαν
721 1495 842 1583 ταύτην
864 1491 995 1583 εὑρήσει
1016 1498 1124 1574 καλῶς
1139 1495 1172 1564 ἐν
1189 1507 1262 1575 τοῖς
1277 1498 1402 1584 λογίοις
1416 1524 1485 1566 κει-

254 1602 354 1684 μένην
378 1592 395 1662 ὃ
418 1593 462 1682 μή
485 1597 652 1684 πάρεργον
672 1593 851 1683 ήγοάμενος
871 1596 929 1685 τήν
952 1593 1144 1684 ἀνάγνωσιν,
1168 1593 1252 1665 άλλά
1266 1601 1319 1664 καί
1336 1597 1394 1665 τὸν
1408 1625 1483 1666 και-

254 1698 313 1784 ρὸν
339 1701 393 1766 καί
421 1698 463 1764 τὰ
491 1696 657 1785 πρόςωπα
684 1701 737 1764 καλ
765 1697 823 1784 τήν
851 1706 962 1784 χρείαν
992 1702 1057 1766 τῶν
1078 1704 1307 1784 γεγραμμένων
1332 1698 1481 1786 ἐρευνῶν,

253 1803 308 1868 κάλ
337 1795 424 1868 οῦτω
452 1797 494 1866 τά
518 1795 758 1886 άναγνώσματα
780 1800 956 1884 διακρίνων
976 1802 1032 1867 καὶ
1054 1800 1296 1884 διανοούμενος.
1341 1800 1482 1886 τὸνμὲν

254 1891 313 1969 οῦν
333 1901 447 1986 καιρόν
468 1904 545 1968 ’τοῦ
570 1902 669 1988 ῥητοῦ
691 1899 808 1967 τούτου
832 1897 969 1990 εὑρήσει·
983 1905 1037 1969 καί
1060 1900 1231 1987 γνώσεται,
1257 1897 1310 1967 ότι
1332 1895 1383 1968 άεί
1400 1896 1483 1968 ὧνό

253 2003 365 2089 κύριος
385 1998 521 2088 ὕστερον
544 2001 600 2069 έπλ
624 2005 794 2089 συντελείᾳ
815 2005 882 2070 τῶν
905 2003 1036 2070 αίιόνων
1057 2010 1187 2090 γέγονεν
1210 2001 1404 2087 ἄνθρωπος,
1427 2005 1482 2070 καλ

255 2104 324 2181 υίὸς
346 2098 392 2170 div
413 2106 472 2168 τοῦ
494 2108 578 2170 θεοῦ
600 2110 711 2190 γέγονε
732 2107 786 2170 καλ
809 2099 1096 2190 υλὸςάνθρώπσυ.
1135 2103 1194 2192 τήν
1216 2105 1253 2170 δέ
1272 2110 1384 2188 χρείαν
1407 2104 1483 2192 νοή-

252 2225 354 2284 σειεν,
390 2199 444 2271 ότι
474 2203 532 2270 τὸν
567 2201 659 2291 ήμῶν
687 2206 837 2272 θάνατον
865 2208 1068 2292 καταργῆσαι
1095 2207 1208 2271 θέλων
1237 2203 1351 2290 έλαβεν
1374 2204 1480 2290 ἑαυτῷ

252 2308 349 2388 σῶμα
377 2304 411 2372 έκ
438 2309 496 2391 τῆς
522 2312 696 2392 παρθένου
719 2311 872 2394 Μαρίας,
907 2307 962 2373 ἵνα
989 2309 1087 2372 τοῦτο
1117 2311 1335 2391 προςενέγκας
1355 2311 1481 2372 θυσίαν

215 2413 219 2422 ’
253 2402 337 2491 ῦπὲρ
366 2406 502 2473 πάντων
524 2409 571 2493 τῷ
594 2410 696 2494 πατρί
719 2403 893 2494 ἀπαλλάξῃ
916 2407 1045 2485 πάντας
1066 2401 1167 2494 ἡμᾶς,
1197 2401 1274 2474 ὅσοι
1296 2405 1392 2493 φόβῳ
1415 2411 1483 2473 θα-

253 2505 353 2574 νάτου
383 2507 439 2574 διὰ
466 2507 594 2586 παντὸς
620 2511 679 2574 τοῦ
710 2509 766 2596 ζῆν
789 2509 897 2592 ένσχοι
918 2499 998 2596 ήμεν
1022 2507 1211 2587 δουλείαςλ).
1256 2505 1295 2572 τὸ
1318 2509 1355 2572 δέ
1376 2506 1484 2591 πρός-

253 2633 347 2676 ωπον
368 2611 427 2676 τοῦ
448 2610 508 2693 μέν
532 2609 680 2697 σωτῆρός
703 2609 788 2689 ἐστι,
818 2609 894 2676 τότε
916 2610 952 2676 όὲ
975 2610 1117 2694 λέγεται,
1149 2604 1204 2676 ὅτε
1226 2607 1345 2674 λοιπὸν
1368 2607 1481 2693 λαβὼν

250 2710 290 2778 τὸ
312 2714 409 2796 σῶμα
430 2711 532 2796 λέγει·
562 2709 673 2798 κύριος
702 2709 808 2778 έκτισέ
830 2735 872 2794 με
895 2705 994 2797 ἀρχὴν
1019 2707 1104 2778 ὁδῶν
1128 2704 1228 2777 αὐτοῦ
1251 2709 1298 2788 είς
1321 2709 1399 2795 ἐ’ργα
1421 2704 1483 2775 αὖ·

250 2815 349 2894 τοῦθ.
396 2809 441 2892 ὠς
460 2811 521 2899 γὰρ
544 2813 605 2899 υἱῷ
628 2815 712 2879 θεοῦ
735 2807 807 2878 όντι
830 2807 966 2898 ἁρμόζει
987 2815 1096 2890 καλῶς
1117 2810 1156 2877 τὸ
1180 2806 1296 2890 άῖόίως
1319 2805 1405 2877 είναι
1425 2813 1479 2877 καί

250 2913 285 2981 ἐν
306 2915 445 2994 κόλποις
467 2909 563 2990 εἶναι.
572 2916 631 2980 τοῦ
654 2912 791 3000 πατρός,
816 2908 921 2992 οῦτως
941 2916 996 2980 καί
1019 2908 1193 3000 ἀνθρώπῳ
1215 2918 1376 3000 γενομένῳ
1399 2918 1481 2999 πρέ·
1596 2921 1597 2928 ’

249 3039 363 3083 πουσα
391 3015 485 3105 φωνή
507 3014 545 3082 τὸ
566 3016 677 3102 κύριος
700 3015 806 3083 ἐ’κτισέ
826 3039 876 3098 με.
924 3014 999 3080 τότε
1020 3013 1081 3099 γάρ
1104 3017 1233 3099 λέγεται
1255 3016 1333 3100 περὶ
1359 3007 1479 3080 αὐτοῦ·

132 3185 136 3196 ,
249 3122 303 3182 καί
327 3117 497 3199 ἓπείνασε,
529 3122 584 3186 καί
607 3118 761 3204 ἐδίψησε,
785 3117 837 3180 καί
861 3113 1068 3180 ἐπυνθάνετο
1091 3117 1159 3178 ποῦ
1180 3115 1342 3198 Λάζαρος
1363 3125 1479 3196 κεῖται,

250 3217 304 3280 καί
327 3223 492 3297 πέπονθε,
516 3224 570 3287 καί
594 3217 721 3307 άνέστη.
765 3219 819 3283 καὶ
843 3211 956 3300 ὥσπερ
980 3210 1153 3291 άκοόοντες
1175 3208 1275 3279 αὐτόν
1297 3213 1411 3297 κόριον
1425 3218 1480 3281 καὶ

249 3312 334 3381 θεὸν
356 3318 411 3381 καλ
435 3321 508 3403 φῶς
530 3315 700 3405 ἀληθινόν,
725 3322 862 3401 νοοῦμεν
878 3310 977 3380 αὐτὸν
993 3311 1073 3380 όντα
1089 3312 1123 3378 έκ
1137 3317 1196 3380 τοῦ
1211 3312 1348 3398 πατρός,
1373 3309 1481 3392 οῦτως

251 3413 379 3482 δίκαιόν
399 3415 491 3482 ’ἐστιν
515 3412 693 3501 άκοόυντας
715 3419 753 3485 τὸ
777 3417 883 3485 λ’κτισε
903 3418 956 3482 καλ
979 3414 1019 3480 τὸ
1041 3415 1159 3493 δοῦλος
1181 3417 1234 3480 καί
1256 3412 1295 3480 τὸ
1309 3419 1477 3496 πέπονθε,

248 3515 293 3602 μή
322 3519 362 3602 τῇ
390 3515 530 3603 θεότητι
558 3519 765 3604 λογίζεσθαι,
796 3515 957 3586 άνοίκειον
980 3516 1057 3604 γάρ,
1090 3511 1174 3584 ἀλλὰ
1195 3518 1235 3603 τῇ
1258 3516 1352 3600 σαρκὶ
1374 3517 1480 3582 ταῦτα

249 3627 399 3702 μετρεῖν,
422 3615 462 3704 ήν
485 3615 533 3683 δι’
558 3615 644 3706 ἡμᾶς
666 3623 821 3710 έφόρεσε·
850 3621 971 3708 ταύτης
1000 3617 1060 3706 γάρ
1084 3618 1156 3685 λ’όια
1177 3619 1294 3696 ταῦτα,
1318 3617 1371 3682 καί
1395 3609 1477 3703 αὐτή

249 3714 269 3803 ή
292 3717 376 3804 σὰρξ
396 3713 454 3802 οὐχ
477 3719 597 3806 ἑτέρου,
624 3718 707 3790 ἀλλὰ
729 3728 787 3790 τοῦ
811 3722 909 3808 λόγου
933 3722 1030 3789 ἐστίν.
1063 3719 1092 3787 εί
1115 3719 1225 3786 δὲκαὶ
1248 3716 1287 3782 τὸ
1310 3716 1344 3784 ἐκ
1358 3715 1478 3782 τούτου

189 3836 193 3844 “
247 3819 407 3906 χρήσιμον
430 3820 564 3889 Ι’ἐθέλοι
584 3848 636 3901 τις
656 3831 790 3907 μαθεῖν,
815 3820 946 3911 εὑρήσει
967 3825 1021 3890 καί
1036 3825 1150 3888 τοῦτο·
1176 3815 1269 3906 όγὰρ
1286 3817 1381 3905 λόγος
1396 3816 1480 3903 σὰρξ

249 3921 420 4005 ἐγένετοί),
450 3924 506 3989 ἵνα
534 3927 587 3990 καὶ
616 3931 811 4010 προςενέγκη
840 3929 940 3992 τοῦτο
962 3921 1046 4010 ὑπὲρ
1069 3923 1220 4002 πάντων,
1251 3924 1304 3988 καί
1328 3917 1422 4010 ἡμεῖς
1445 3918 1479 3986 ἐκ

248 4025 307 4087 τοῦ
330 4021 518 4106 πνεύματος
541 4019 642 4090 αὐτοῦ
665 4025 905 4109 μεταλαβόντες
926 4029 1183 4109 θεοποιηθήναι
1198 4026 1403 4109 δυνηθῶμεν,
1421 4019 1481 4089 άλ-

248 4124 315 4199 λως
336 4116 394 4186 οῦκ
412 4117 452 4188 άν
474 4121 591 4188 τούτου
614 4125 773 4204 τυχόντες,
798 4124 827 4187 εἰ
849 4125 894 4208 μή
916 4124 955 4188 τὸ
977 4123 1109 4190 κτιστὸν
1130 4120 1223 4206 ήμῶν
1249 4117 1348 4198 αὐτὸς
1371 4122 1480 4188 ένεόύ-
1507 4155 1512 4161 ·

248 4246 331 4289 σατυ
354 4225 466 4306 σῶμα·
490 4217 575 4287 οὕτω
597 4222 658 4307 γάρ
681 4225 734 4286 καί
758 4219 942 4303 ἄνθρωποι·
960 4224 1043 4286 θεοῦ
1064 4219 1185 4284 λοιπὸν
1207 4222 1261 4282 καλ
1289 4219 1323 4284 ἐν
1338 4225 1478 4306 Χριστῷ

249 4320 429 4408 ἅνθρωποι
456 4323 662 4408 χρηματίζειν
690 4315 872 4404 ἠρξάμεθα.
919 4314 987 4383 ἀλλ’
1018 4314 1132 4402 ὥσπερ
1161 4313 1257 4401 ήμεῒς
1285 4317 1325 4382 τὸ
1347 4322 1479 4401 πνεῦμα

249 4423 471 4510 λαμβάνοντες
499 4416 557 4488 οῦκ
585 4416 788 4503 άπόλλυμεν·
803 4417 860 4502 τήν
891 4418 977 4484 ίόίαν
1007 4417 1131 4484 ἑαυτῶν
1161 4411 1293 4482 οὐσίαν·
1324 4413 1430 4496 οὕτως
1459 4413 1477 4484 ό

320 4650 427 4708 Ῑλίαισ.
450 4647 531 4710 1,18.
576 4641 762 4706 ¹2)flebr.2‚
783 4641 822 4691 15.
893 4639 1108 4703 3)Ριοι.8,22.
1151 4642 1290 4703 ,4)Ιυισ.
1310 4640 1392 4703 1,14.
