3226 5280
251 383 311 446 110
601 383 609 398 '
651 397 679 442 ε.
693 379 846 442 umisa
860 396 1085 444 ιιιειεειεεσει

161 560 230 606 mo
248 541 549 628 δούλου,λαβών“),
583 543 639 610 καί
667 540 831 622 πλούσιος
853 537 899 610 ἀν
922 541 1110 626 έπτώχευσε
1126 538 1179 612 ’δι’
1203 539 1334 631 ἡμᾶς’),
1369 541 1480 626 οὕτως

247 642 352 712 ὄντων
374 639 513 730 ὑψηλῶν
532 641 591 710 καὶ
610 644 782 711 πλουσίων
803 645 870 712 τῶν
891 646 970 730 περὶ
992 647 1051 728 τῆς
1063 643 1227 732 θεότητος
1242 640 1344 714 σάτοῦ
1358 646 1478 734 λόγωιῖ,

246 743 313 814 εἰσὶ
334 743 390 812 καλ
411 745 448 811 αἱ
468 746 548 830 περὶ
569 745 627 831 τῆς
649 743 807 830 ένσάρκου
822 751 1011 830 παρουσίας
1026 740 1128 812 αὐτοῦ
1142 749 1298 814 ταπειναί
1313 745 1370 818 καλ
1383 771 1481 814 πτω-

243 844 302 928 χαί
322 845 453 924 ’λέξεις
498 837 553 912 ότι
574 845 611 911 δέ
632 839 857 932 ἀνθρωπίνως
879 846 1008 934 εἴρηται
1028 849 1134 914 ταῦτα
1148 847 1300 932 περὶτοῦ
1317 851 1478 936 σωτῆρος,

247 950 385 1014 σκοπεῖν
407 944 562 1014 ἐντεῦθεν
584 945 758 1031 προςήκει·
782 942 822 1012 ι’ό
842 947 903 1030 μέν
925 945 1174 1034 γεωργὸςξίνος
1189 943 1342 1017 ἐπέκειτ’
1359 943 1480 1020 οὐσίαν

246 1050 305 1134 τῆς
327 1041 488 1131 ἀμπέλου,
511 1043 554 1114 τά
575 1046 612 1112 δὲ
633 1046 783 1132 κλήματα
804 1041 969 1131 όμοοόσια
990 1050 1045 1116 καὶ
1067 1051 1203 1135 συγγενῆ
1225 1047 1282 1116 καὶ
1303 1043 1481 1138 ἀδιαίρετα

120 1229 131 1244 ,
246 1151 306 1234 τῆς
329 1142 479 1233 ἀμπέλου
501 1146 653 1234 τυγχάνει
674 1144 774 1228 όντα,
802 1149 859 1215 καὶ
880 1155 961 1233 μίαν
984 1149 1124 1232 ἔχεικαὶ
1145 1147 1204 1236 τὴν
1227 1143 1328 1236 αάτὴν
1349 1156 1480 1236 γένεσιν

245 1247 351 1316 ταῦτά
371 1273 408 1315 τε
429 1251 483 1316 καὶ
505 1243 525 1336 ἡ
549 1246 708 1333 ἀμπελος.
753 1250 825 1317 ἔστι
851 1249 889 1316 δέ
894 1299 904 1330 ,
937 1245 983 1332 ὦς
1011 1245 1103 1318 εἶπεν
1133 1244 1300 1336 ὃκόριος,
1334 1246 1480 1340 αὐτὸςὴ

247 1347 412 1434 ἀμπελος,
441 1345 537 1438 ἡμεῖς
563 1347 606 1417 τά
635 1349 822 1436 κλήματα’).
867 1348 897 1416 εἰ
922 1352 984 1435 μὲν
1006 1341 1064 1418 σόν
1086 1346 1265 1436 όμοσόσιός
1286 1351 1377 1420 ἔστιν
1398 1348 1481 1440 ἡμῖν

248 1446 283 1516 οό
314 1450 387 1529 υίὸς
407 1452 462 1518 καί
484 1448 542 1537 τὴν
565 1444 666 1538 αάτὴν
687 1445 766 1536 ἡμῖν
789 1449 855 1533 ἔχει
875 1455 1017 1537 γένεσιν,
1048 1451 1132 1519 ἐ’στω
1154 1451 1238 1519 κατὰ
1258 1455 1357 1520 τοῦτο
1379 1447 1479 1520 καλό

248 1550 321 1631 υίὸς
343 1546 518 1636 ἀλλότριος
538 1545 606 1618 κατ’
632 1545 747 1619 οάσίαν
769 1553 829 1618 τοῦ
851 1551 988 1638 πατρός,
1013 1548 1122 1638 ὥςπερ
1144 1548 1234 1640 καὶὴ
1251 1551 1401 1638 ἀμπελος
1416 1555 1478 1623 τοῦ

136 1705 139 1715 .
247 1654 413 1738 γεωργοῦ·
447 1651 478 1720 εί
505 1653 541 1718 δὲ
569 1649 670 1730 ἀλλος
692 1651 781 1721 ἐστίν
805 1647 824 1717 ό
845 1651 917 1731 υίὸς
938 1646 1016 1738 παρ’
1041 1649 1061 1719 ό
1082 1653 1180 1738 ἐσμεν
1201 1649 1305 1740 ἡμεῖς,
1328 1649 1478 1740 κάκεῖνος

247 1754 308 1837 μέν
331 1753 427 1839 λόγος
447 1754 507 1820 τοῦ
529 1751 672 1840 πατρός,
702 1749 798 1840 ἡμεῖς
820 1753 857 1819 δὲ
879 1751 913 1820 ἐκ
933 1755 992 1840 γῆς
1012 1751 1190 1840 γεγόναμεν
1212 1759 1266 1822 καὶ
1288 1758 1347 1822 τοῦ
1366 1749 1476 1838 ’Λόάμ

178 1887 180 1890 ·
248 1852 346 1938 ἐσμεν
369 1853 505 1939 ἔκγονοι,
529 1850 587 1920 οὐκ
609 1847 738 1941 ὀφείλει
759 1851 798 1919 τὸ
820 1852 919 1940 ῥητὸν
942 1853 989 1932 είς
1010 1852 1069 1942 τὴν
1084 1853 1231 1941 θεότητα
1245 1849 1478 1942 ἀναφέρεσθαι

248 1955 326 2020 ιτοῦ
355 1952 470 2038 λόγου,
500 1949 584 2021 ἀλλὰ
612 1951 734 2022 λοιπὸν
763 1953 810 2032 είς
831 1953 890 2040 τὴν
912 1948 1131 2042 ἀνθρωπίνην
1154 1950 1254 2022 αὐτοῦ
1276 1959 1476 2040 παρουσίαν,

248 2052 323 2121 ἐπεὶ
345 2056 400 2119 καί
423 2049 528 2133 οὕτως
550 2055 675 2142 εἴρηκεν
699 2051 716 2120 ό
739 2053 866 2143 σωτήρ·
889 2053 970 2140 ’ἐγὼ
990 2051 1011 2143 ἡ
1034 2053 1200 2139 ἀμπελος,
1224 2050 1318 2138 ὑμεῖς
1338 2052 1381 2121 τά
1401 2053 1479 2141 κλή-

248 2177 347 2238 ματα,
371 2147 390 2218 ό
412 2152 522 2242 πατὴρ
546 2150 564 2219 ὁ
586 2154 766 2243 γεωργός’).
810 2151 906 2242 ἡμεῖς
927 2154 989 2242 γάρ
1010 2157 1070 2222 τοῦ
1092 2162 1205 2240 κυρίου
1227 2153 1364 2222 κατὰτὸ
1379 2157 1478 2240 σῶμα

248 2263 414 2339 συγγενεῖς
436 2253 549 2339 ἐσμεν,
572 2253 629 2323 καὶ
650 2251 749 2335 αὐτὸς
771 2255 828 2324 διὰ
849 2259 949 2322 τοῦτο
971 2251 1081 2324 εἶπεν·
1110 2250 1287 2342 ἀπαγγελῶ
1308 2247 1347 2322 τὸ
1371 2252 1476 2338 ὄνομά

250 2375 310 2421 σου
333 2365 405 2435 τοῖς
427 2349 587 2443 ἀδελφοῖς
607 2379 672 2439 μου
680 2360 712 2437 ⁸).
756 2354 813 2424 καὶ
841 2353 952 2443 ὥςπερ
980 2353 1053 2424 ἐστὶ
1079 2355 1122 2424 τά
1143 2356 1293 2443 κλὴματα
1314 2352 1478 2441 ὁμοοόσια

248 2456 307 2542 τῆς
335 2451 486 2540 ἀμπέλου
514 2459 569 2522 καὶ
592 2455 628 2536 ἐξ
647 2451 747 2544 αὐτῆς
753 2507 762 2536 ,
793 2453 900 2535 οότως
921 2458 975 2522 καλ
996 2451 1092 2543 ἡμεῖς
1114 2451 1252 2543 ὁμογενῆ
1274 2455 1478 2540 τὰσώματα

251 2555 377 2639 ἔχοντες
404 2559 451 2642 τῷ
475 2555 606 2641 σώματι
626 2559 686 2624 τοῦ
708 2563 821 2643 κυρίου
844 2555 879 2624 έκ
899 2560 958 2623 τοῦ
981 2555 1202 2643 πληρώματος
1224 2551 1326 2623 αὐτοῦ
1349 2553 1479 2641 λαμβά-

250 2680 358 2742 νομεν,
387 2651 517 2744 κάκεῖνο
539 2654 631 2742 ῥίζαν
655 2657 768 2740 ἔχομεν
791 2656 839 2736 εἷς
859 2656 918 2744 τὴν
941 2651 1123 2724 ἀνάστασιν
1144 2659 1198 2723 καὶ
1220 2656 1278 2742 την
1300 2661 1476 2743 σωτηρίαν.

252 2755 271 2824 ὁ
293 2759 329 2826 δὲ
351 2756 461 2846 πατὴρ
485 2759 613 2846 εἴρηται
635 2752 653 2824 ὅ
674 2755 833 2843 γεωργός·
857 2752 957 2836 αὐτὸς
978 2756 1039 2844 γὰρ
1063 2757 1237 2842 εἰργάσατο
1260 2755 1317 2824 διὰ
1338 2759 1397 2823 τοῦ
1420 2755 1479 2820 λό-

249 2882 308 2946 γου
330 2858 388 2947 τὴν
411 2857 570 2944 ἄμπελον,
592 2855 680 2946 ῑὴτις
702 2857 771 2926 ἐστὶ
794 2855 833 2924 τὸ
856 2852 1073 2945 ἀνθρώπινον
1095 2861 1153 2924 τοῦ
1170 2861 1325 2944 σωτὴρος,
1347 2855 1404 2924 καί
1419 2851 1480 2922 αὖ·

250 2960 307 3039 τὸς
341 2957 388 3028 δι’
413 2954 514 3028 αὐτοῦ
542 2963 602 3029 τοῦ
631 2959 730 3044 λόγου
759 2958 817 3045 τὴν
841 2957 888 3040 εἰς
908 2960 1083 3044 βασιλείαν
1107 2955 1185 3026 ὁδὸν
1206 2954 1286 3044 ἡμῖν
1306 2952 1477 3045 ἡτοίμασε,

250 3065 305 3141 καλ
328 3057 437 3141 οὐδεὶς
459 3061 588 3150 ἔρχεται
609 3058 695 3148 πρὸς
716 3060 774 3127 τὸν
795 3059 917 3146 κόριον,
942 3058 1037 3144 εἰμὴ
1062 3055 1080 3125 ό
1102 3059 1212 3147 πατὴρ
1235 3055 1334 3126 αὐτὸν
1350 3058 1481 3128 έλκόσει

250 3160 337 3244 πρὸς
359 3157 498 3244 αὖτόνῦ).

338 3267 386 3325 11.
434 3261 564 3348 Ταύτην
586 3265 622 3330 δέ
643 3266 702 3329 τοῦ
725 3262 824 3350 ῥητοῦ
846 3258 905 3348 ιὴν
920 3259 1092 3344 ἑρμηνείαν
1109 3260 1247 3342 ἔχοντος,
1264 3254 1384 3346 ἀνάγκη
1399 3263 1479 3345 περὶ

249 3359 310 3444 τῆς
339 3355 444 3436 οὕτως
473 3362 647 3448 λεγομένης
675 3357 826 3444 ἀμπέλου
848 3357 1042 3445 γράφεσθαι
1063 3359 1185 3426 πιστὸν
1208 3357 1289 3427 ὄντα
1309 3364 1356 3446 τῷ
1378 3359 1481 3446 ποιή-

252 3481 349 3526 σαντι
376 3452 521 3536 αὐτόν’),
550 3459 605 3526 καὶ
632 3459 781 3546 τοσούτῳ
809 3473 822 3511 ¹
828 3465 984 3544 κρείττων
1010 3457 1184 3544 γενόμενος
1211 3463 1278 3528 τῶν
1307 3456 1480 3547 ἀγγέλων“)

250 3559 308 3629 καὶ
337 3559 377 3626 τὸ
411 3559 573 3636 ἔκτισενἽ.
620 3555 675 3627 ὅτε
707 3558 769 3646 γάρ
798 3560 912 3645 ’ἐλαβεν
941 3555 1026 3644 ὅπερ
1056 3553 1121 3642 εἶχε
1148 3572 1372 3648 προςενεγκεῖν
1394 3557 1481 3648 ὑπὲρ

251 3657 353 3748 ἡμῶν,
382 3648 422 3747 ἡν
449 3658 486 3724 d&
513 3660 611 3724 τοῦτο
639 3659 678 3724 τὸ
701 3659 735 3726 έκ
756 3665 896 3746 Μαρίας
917 3662 975 3746 τῆς
996 3665 1170 3744 παρθένου
1192 3664 1305 3745 σῶμα,
1328 3661 1403 3730 τότε
1423 3660 1484 3730 καὶ

253 3762 430 3830 ΙΙἐκτίσθαι
449 3758 507 3828 καὶ
527 3762 744 3846 πεποιῆσθαι
764 3763 820 3828 καὶ
840 3763 1039 3846 γεγενῆσθαι
1059 3762 1137 3846 περὶ
1161 3755 1261 3828 αὐτοῦ
1283 3769 1481 3850 γέγραπται·

252 3859 451 3950 ἀνθρώποις
472 3861 534 3949 γάρ
557 3857 757 3947 ἆρμόζουσιν
780 3861 990 3928 αἱτοιαῦται
1011 3859 1123 3940 λέξεις.
1156 3858 1265 3941 ἀλλως
1285 3888 1323 3930 τε
1344 3857 1382 3930 οὗ
1396 3860 1482 3947 μετὰ

322 4052 346 4112 1)
366 4051 469 4182 εωηρ.
488 4049 513 4109 ε,
531 4050 556 4100 ο.
574 4051 599 4099 τ.
669 4049 890 4112 ηερωεο.
962 4045 988 4111 ε)
1006 4049 1072 4100 ιοπ.
1093 4049 1133 4110 15,
1152 4049 1176 4100 ε.
1252 4021 1482 4111 mutans.

253 4119 280 4244 ζὴ
298 4119 363 4235 ΙΙζειΙ.
381 4117 415 4235 282
428 4117 486 4233 ²31.
505 4113 593 4182 Lm,
613 4117 654 4168 2³.
724 4118 749 4179 6)
768 4118 835 4170 Ισεσ.
853 4116 878 4180 6,
897 4117 938 4168 44.
1001 4117 1027 4178 ῖ)
1046 4115 1118 4168 Hebr.
1137 4117 1163 4178 3,
1181 4115 1205 4166 2.
1273 4115 1301 4182 8)
1320 4119 1393 4168 Hebr.
1413 4117 1436 4178 1,
1454 4115 1483 4166 4.

316 4201 365 4236 τοι.
403 4221 409 4246 ,
465 4219 469 4230 .

287 4335 309 4368 ε.
326 4319 423 4368 Τιυείο.
436 4315 504 4367 colb.
517 4316 562 4366 Ιεε.
572 4324 597 4365 ει
605 4317 644 4367 Fr.
657 4317 674 4366 1.
694 4331 756 4381 quos
774 4320 843 4382 sequi
895 4310 1071 4383 τυγχάνουσι,
1090 4311 1136 4366 καὶ
1151 4316 1227 4382 μίαν.
1261 4317 1314 4366 Μαι
1333 4316 1397 4366 idem
1411 4305 1485 4364 αι’πά

253 4387 330 4436 risum
348 4393 385 4434 εει
401 4379 489 4440 λέξεις.
525 4384 581 4444 Res.
602 4391 626 4433 ει
637 4384 693 4434 edili
707 4378 842 4442 διαλέξεις.
896 4399 925 4434 τε
941 4387 996 4435 καί.

288 4453 312 4502 b.
332 4453 375 4502 Hic
402 4453 481 4502 denuo
509 4451 610 4502 resumit
628 4451 708 4502 Felek.
727 4451 751 4501 3.
770 4467 840 4504 anon.
929 4469 950 4502 α.
970 4446 984 4500 ό
1003 4461 1058 4503 εστι
1081 4442 1140 4502 υἷάς
1157 4449 1180 4498 in
1200 4449 1270 4500 editis
1288 4447 1368 4512 deest,
1392 4448 1485 4499 sedin

255 4519 295 4585 qui
312 4520 386 4584 ρισΙο
405 4527 462 4585 post
486 4518 523 4568 sic
541 4518 626 4568 hahet:
654 4513 702 4577 τῆς
719 4509 841 4584 ἀμπέλου
895 4534 954 4570 mss.
974 4521 1030 4581 Βες.
1050 4517 1146 4568 Τεσιίσ.
1166 4514 1234 4564 Colb.
1264 4523 1288 4565 ει
1304 4515 1350 4566 len.
1368 4515 1483 4566 habetur.

893 4586 969 4636 Paulo
987 4594 1044 4651 post
1060 4576 1130 4635 κατά
1147 4579 1228 4648 τοῦτο
1246 4576 1292 4633 καὶ
1310 4573 1333 4633 ό.
1368 4582 1409 4634 Sic
1421 4581 1483 4645 λος.
