3212 5272
232 375 295 438 204
467 451 472 461 ¹
629 387 656 430 ε.
671 383 1062 430 ιτιιτιευιεεοιεειεοοει

149 555 288 604 mm
308 530 493 618 ’ἀπολάβοι
515 532 555 598 τὸ
575 537 725 619 γέννημα,
748 530 852 598 πόλιν
873 529 931 619 τήν
953 526 1070 597 σόσίαν
1092 525 1192 596 mico&
1213 535 1383 618 σημαίνων
1399 529 1463 597 λό-

231 657 287 720 γον
308 627 410 700 αότόν
432 607 518 700 εἶναι
537 635 593 700 καί
616 639 739 721 σοφίαν
758 631 816 700 καί
836 626 1041 717 ἀπαόγασμά
1062 653 1176 719 φησιν.
1205 630 1240 698 έν
1260 629 1320 718 γάρ
1335 631 1463 699 τούτου

231 733 288 802 καὶ
313 733 353 800 τὸ
382 728 518 812 ἀπαθές
538 737 597 820 τῆς
617 733 795 821 γεννήσεως
816 735 871 801 καί
892 733 932 799 τό
955 727 1064 800 ἀΐδιον
1085 735 1140 798 καί
1161 734 1208 818 τῷ
1231 736 1302 819 θεῷ
1325 739 1463 819 πρέπον

234 835 447 922 λογιζόμεθα.
492 845 592 902 ποίαν
614 823 671 902 οὖν
693 833 809 912 πάθος
830 828 852 920 ἢ
873 843 975 900 ποῖον
996 839 1097 919 μέρος
1119 832 1189 900 έστί
1211 837 1270 900 τοῦ
1295 829 1464 920 πατρὸςό

149 956 225 1002 ελσε.
236 937 333 1025 λόγος
366 941 422 1006 καὶ
449 933 469 1024 ή
502 941 606 1024 σοφία
635 933 692 1002 καὶ
720 934 759 1002 τὸ
787 931 1012 1021 ἀπαόγασμας
1045 937 1099 1001 καί
1122 937 1221 1002 τοῦτο
1243 934 1464 1002 δυνατόνκαὶ

236 1033 357 1118 αὖτοὺς
384 1037 460 1116 τοὺς
486 1034 636 1124 ἀφρονας
663 1041 799 1120 μαθεῖν.
845 1033 890 1115 ῶς
917 1035 979 1122 γάρ
1005 1039 1166 1121 γυναικῶν
1189 1035 1359 1103 ἐπύθοντο
1381 1039 1464 1123 περὶ

236 1142 326 1221 υίοῦ,
349 1135 475 1216 1ὀὕτως
495 1136 551 1203 καὶ
572 1135 694 1223 ἀνδρας
716 1137 977 1222 ἐπερωτάτωσαν
999 1141 1076 1222 περὶ
1099 1140 1158 1204 τοῦ
1180 1136 1295 1222 λόγου,
1319 1139 1376 1206 ίνα
1395 1138 1465 1222 μά-

236 1249 363 1322 θωσιν,
385 1235 438 1306 ότι
460 1235 536 1305 οότε
555 1237 674 1318 πόθος
695 1232 803 1306 αάτῶν
825 1235 902 1306 τότε
920 1243 1021 1324 μέρος
1042 1237 1113 1306 έστί
1134 1241 1192 1306 τοῦ
1214 1241 1272 1307 νοῦ
1294 1238 1419 1306 τούτων
1444 1236 1466 1306 ὃ

237 1345 347 1430 λόγος,
379 1339 415 1406 ὃν
443 1345 681 1427 προφέρονται.
726 1339 755 1408 εί
784 1341 822 1407 δέ
842 1343 909 1406 τῶν
931 1334 1123 1426 ἀνθρώπων
1144 1347 1200 1407 καί
1220 1363 1274 1406 τοι
1295 1344 1465 1428 παθητῶν

239 1443 341 1512 όντων
363 1443 417 1509 καί
438 1444 603 1526 μεριστῶν
626 1439 730 1509 όντων
752 1444 904 1520 τοιοῦτος
925 1436 944 1506 ό
966 1441 1071 1528 λόγος,
1095 1438 1186 1508 όιατί
1206 1443 1283 1526 περί
1299 1445 1358 1508 τοῦ
1373 1437 1467 1508 ἀσω-

153 1543 158 1550 ’
237 1543 342 1630 μάτου
371 1545 424 1608 καὶ
449 1537 628 1629 ἀμερίστου
650 1546 734 1611 θεοῦ
756 1543 854 1630 πάθη
876 1543 930 1610 καί
952 1547 1034 1628 μέρη
1057 1539 1256 1628 λογίζονται,
1286 1543 1342 1610 ἵνα
1362 1546 1465 1610 τοῦτο

237 1642 522 1732 προςποιοόμενσι
554 1645 658 1729 δῆθεν
692 1640 912 1729 εὐλαβεῖσθαι
943 1638 1150 1731 ἀρνήσονται
1180 1643 1238 1733 τήν
1271 1639 1379 1732 ἀληθή
1404 1647 1464 1710 καὶ

238 1743 338 1835 φύσει
365 1751 514 1832 γέννησιν
542 1748 601 1812 τοῦ
629 1744 723 1827 υίοό,·
755 1745 813 1812 καὶ
841 1741 894 1812 ότι
915 1747 992 1828 ”μέν
1018 1743 1058 1811 τό
1081 1743 1115 1812 ἐκ
1136 1747 1194 1811 τοῦ
1216 1749 1299 1813 θεοῦ
1321 1749 1465 1833 γέννημα

240 1841 298 1916 οὐκ
316 1848 387 1916 ’ἐστι
409 1845 533 1924 πάθος,
558 1846 677 1924 ἱκανῶς
699 1845 757 1913 διὰ
778 1849 844 1914 τῶν
867 1846 1061 1934 ἔμπροσθεν
1083 1840 1333 1926 ἀποδέδεικται,
1357 1847 1466 1913 δέδει-

238 1975 314 2016 κται
336 1947 448 2016 δὲκαὶ
471 1947 541 2034 ἰδίᾳ
563 1951 620 2015 νῦν
643 1943 661 2014 ό
684 1947 781 2033 λόγος
803 1944 840 2013 οὗ
864 1945 946 2015 κατὰ
968 1946 1085 2028 πόθος
1105 1947 1314 2033 γεννώμενος.
1350 1943 1467 2014 ἀκουέ-

239 2073 349 2118 τωσαν
372 2051 408 2116 δέ
429 2052 483 2115 καί
505 2048 585 2135 περὶ
605 2052 663 2138 τῆς
686 2056 809 2136 σοφίας
830 2045 891 2116 ίτά
912 2042 1004 2114 αάτά.
1036 2045 1093 2116 οὐκ
1116 2050 1206 2116 ἔστιν
1221 2045 1266 2128 ὡς
1281 2047 1468 2135 ἀνθρωπος

240 2147 258 2216 ό
280 2149 370 2228 θεός.
399 2148 444 2235 μή
468 2144 684 2235 ἀνθρώπινον
707 2149 991 2238 φανταζέσθωσαν
1013 2153 1066 2216 καὶ
1088 2150 1242 2236 ἐντούτῳ
1258 2154 1335 2237 περὶ
1352 2145 1463 2216 αὐτοῦ.

238 2249 375 2338 καὶγὰρ
398 2253 464 2318 τῶν
487 2247 680 2337 ἀνθρώπων
702 2249 805 2318 πάλιν
828 2251 982 2318 δεκτικῶν
998 2259 1122 2339 σοφίας
1135 2252 1324 2338 γεγονότων,
1349 2247 1467 2328 όθεὸς

241 2344 373 2430 οὐδενὸς
393 2358 537 2436 μετέχων
560 2346 659 2430 αὐτὸς
680 2355 738 2438 τῆς
760 2353 879 2419 ἑαυτοῦ
901 2359 1024 2440 σοφίας
1045 2353 1155 2439 πατήρ
1178 2353 1276 2433 ἐστιν,
1300 2343 1339 2441 ἧς
1361 2351 1393 2418 σί
1407 2375 1469 2436 με·

240 2458 387 2535 τέχοντες
414 2453 560 2521 εἰώθασι
588 2453 691 2539 σοφοὶ
718 2454 915 2520 καλεῖσθαι·
945 2454 1001 2520 καί
1030 2454 1102 2522 ἔστι
1122 2456 1174 2519 καὶ
1197 2449 1295 2540 ἀὐτή
1317 2450 1337 2539 ή
1360 2460 1471 2539 σοφία

242 2547 279 2620 οὗ
300 2553 417 2633 πάθος
439 2549 516 2621 οὐδέ
536 2559 644 2639 μέρος,
668 2550 753 2621 ἀλλὰ
773 2559 915 2642 γέννημα
937 2555 1025 2623 ἴδιον
1046 2559 1104 2620 τοῦ
1126 2553 1260 2640 πατρός.
1295 2552 1353 2620 διὰ
1366 2555 1470 2618 τοῦτο

244 2649 295 2724 ἀεί
316 2655 436 2742 πατήρ,
456 2659 511 2722 καὶ
533 2649 591 2722 οὐκ
613 2655 787 2740 ἐπιγέγονε,
804 2657 851 2740 τῷ
873 2658 945 2741 θεῷ
967 2655 1008 2721 τό
1030 2655 1149 2742 πατήρ,
1172 2655 1228 2722 ίνα
1249 2653 1293 2741 μή
1315 2655 1368 2720 καί
1390 2677 1471 2738 τρε-

243 2757 329 2837 πτὸς
357 2752 442 2824 εἶναι
467 2758 625 2843 νομισθῇ.
671 2754 701 2823 εί
727 2754 789 2841 γάρ
811 2754 910 2822 καλὸν
932 2755 986 2821 ’τὸ
1008 2752 1094 2824 εἶναι
1115 2753 1215 2824 αὐτὸν
1237 2762 1379 2841 πατέρα,
1410 2748 1472 2822 οάκ

245 2855 296 2928 ἀεί
318 2861 355 2926 δέ
376 2849 415 2948 ήν
437 2857 556 2944 πατήρ,
580 2852 638 2924 οόκ
660 2851 710 2924 ἀεὶ
735 2855 800 2944 ἀρα
821 2855 860 2923 τὸ
882 2856 981 2924 καλὸν
1002 2847 1042 2944 ἦν
1065 2859 1098 2924 έν
1122 2854 1219 2945 αὐτῷ.

330 2967 380 3028 29.
422 2954 509 3026 Ἀλλ’
535 2958 616 3038 ἰδού,
641 2965 735 3046 φασί,
759 2957 815 3025 καὶ
836 2955 886 3026 ἀεὶ
909 2959 1050 3046 ποιητής
1073 2959 1162 3026 ἐστιν
1185 2954 1203 3024 ό
1225 2959 1317 3036 θεός,
1340 2959 1393 3022 καί
1411 2951 1473 3022 οὖν

244 3061 432 3148 έπιγίγονεν
455 3056 543 3146 αὐτῷ
564 3061 622 3126 τοῦ
644 3059 854 3146 δημιουργεῖν
875 3056 894 3146 ἡ
917 3060 1063 3143 δύναμις,
1088 3050 1138 3144 ἀρ’
1155 3049 1212 3127 σόν
1235 3057 1351 3147 ἐπειδή
1374 3059 1473 3142 δημι-

245 3162 362 3248 ουργός
384 3161 491 3242 ἐστιν,
528 3155 621 3228 ἀίδιά
643 3159 790 3228 ἐστικαὶ
813 3159 855 3227 τὰ
876 3160 1065 3247 ποιήματα,
1098 3159 1154 3228 καί
1176 3156 1214 3226 οά
1237 3166 1339 3244 θέμις
1361 3159 1472 3227 είπεῖν

244 3256 320 3328 οόδέ
343 3261 400 3326 ἐπὶ
422 3261 564 3326 τούτων·
588 3254 645 3327 οὐκ
667 3251 707 3349 ἦν
728 3264 809 3346 πρὶν
831 3265 993 3350 ῦγενηθῇς
1024 3258 1167 3348 ἀφρονες
1182 3256 1402 3346 οίἈρειανσί.
1437 3263 1473 3324 τί
1500 3247 1508 3262 ’

243 3359 304 3448 γὰρ
334 3357 451 3445 ὅμοιον
480 3360 551 3439 υίὸς
578 3364 632 3428 καί
661 3370 806 3450 ποίημα,
841 3363 897 3429 ἵνα
917 3362 960 3428 τὰ
981 3361 1039 3429 ἐπὶ
1060 3363 1119 3427 τοῦ
1141 3361 1269 3447 πατρὸς
1291 3363 1394 3429 ταῦτα
1414 3359 1471 3424 καί

245 3461 302 3530 έπλ
323 3464 390 3529 τῶν
412 3462 639 3548 ΙΙδημιουργῶν
662 3466 803 3545 ε’ίπωσις
837 3465 912 3541 πῶς
933 3464 971 3531 δὲ
992 3461 1154 3549 τοσαύτης
1169 3463 1336 3550 διαφορᾶς
1350 3461 1384 3528 ἐν
1399 3468 1474 3539 τοῖς

246 3564 439 3649 έμπροσθθν
474 3551 662 3650 δειχθείσης
693 3562 892 3650 γεννήματος
923 3565 978 3631 καὶ
1011 3563 1199 3650 ποιήματος
1227 3563 1405 3648 ἐμμένουσι
1431 3563 1474 3647 τῇ

246 3658 379 3752 ἀμαθίᾳ
386 3693 397 3746 ,·
430 3663 533 3732 πάλιν
556 3654 613 3730 οάν
634 3663 674 3729 τὸ
696 3659 776 3730 αὐτὸ
799 3665 943 3732 λεκτέον·
966 3666 1006 3731 τό
1026 3673 1157 3751 ποίημα
1179 3665 1304 3745 ἔξωθεν
1318 3665 1377 3730 τοῦ
1393 3683 1475 3728 ποι-

245 3763 361 3844 οῦντός
383 3766 482 3847 ἐστιν,
507 3763 616 3852 ῶςπερ
640 3766 784 3854 εἴρηται,
809 3761 828 3831 ό
852 3765 887 3832 δὲ
909 3764 981 3844 υίὸς
1003 3765 1090 3832 ἰ’όισν
1111 3769 1170 3853 τῆς
1195 3761 1310 3844 οάσίας
1331 3762 1475 3850 γέννημά

246 3865 332 3934 ἔστι·
361 3866 492 3935 διὸκαὶ
515 3866 554 3934 τό
574 3869 635 3953 μέν
656 3874 787 3957 ποίημα
808 3861 867 3934 οὐκ
889 3860 1010 3954 ἀνάγκη
1034 3862 1086 3936 ἀεὶ
1109 3861 1209 3946 εἶναι,
1235 3862 1290 3935 ὅτε
1310 3865 1371 3951 γάρ
1393 3862 1476 3949 βοή·

238 3968 338 4044 ,λεται
360 3962 378 4034 ό
402 3967 598 4055 δημιουργὸς
621 3968 798 4056 έργάζεται,
822 3968 860 4036 τὸ
884 3969 920 4035 δὲ
941 3953 1083 4056 γέννημα
1105 3962 1143 4035 οὗ
1165 3967 1323 4054 βουλήσει
1337 3962 1475 4034 ἀπόκει-

281 4139 303 4173 ν.
323 4123 463 4186 ὃεςυεείεσ.
482 4115 610 4190 ἀπολάβη.
885 4122 961 4240 ἔξω.
997 4124 1094 4242 ξήυίεη.
1119 4133 1143 4174 ει
1160 4124 1268 4239 Fele‘lgui
1282 4123 1322 4237 λθ
1330 4117 1374 4202 ότι
1396 4116 1428 4171 τό
1447 4114 1475 4171 ἐν

920 4201 1120 4320 5505'355‘.
1136 4185 1232 4310 ἀξίω.
1252 4203 1388 4308 ἀειιῖἷάἓ.
1402 4256 1423 4305 ι.
1448 4257 1477 4306 ιι

920 4325 958 4374 sil.
982 4326 1073 4386 λυςίὶυ.
1098 4328 1154 4388 neg.
1179 4333 1203 4377 ει
1220 4327 1322 4376 θείοιο.
1336 4325 1360 4373 5.
1379 4320 1475 4372 ταῦτα.

886 4391 948 4442 Εδίιὶ
973 4385 1068 4442 ταυτά.
1104 4393 1156 4443 Μαι
1181 4395 1278 4455 Seguer.
1302 4386 1339 4457 μή
1366 4380 1476 4456 ἀνθρα-

279 4223 303 4278 b.
322 4225 422 4287 Seguer.
440 4213 527 4276 ουίωι·
543 4214 647 4288 ἀνδρας
658 4219 835 4290 ίρωτησάτω-

248 4301 308 4341 σαν.
343 4293 395 4342 Μαι
413 4293 513 4353 Seguer.
537 4299 560 4339 τι
585 4291 641 4354 δερ.
668 4287 736 4371 τότε.
774 4294 833 4370 Ιίιίρ.
887 4326 918 4376 Β.

115 4403 126 4410 .
248 4358 346 4421 δεςοεε.
365 4357 463 4410 Gobler.
483 4367 506 4408 et
524 4356 628 4407 δείελον.
641 4359 663 4408 1.
681 4359 772 4412 παθος
789 4374 835 4408 αα·

247 4429 645 4559 μενεαίνομεν·
682 4425 778 4478 ἓν
885 4451 1321 4588 υςηρηρημπυ-

282 4611 302 4644 ε.
322 4597 378 4658 λος.
396 4604 421 4647 ει
438 4597 535 4658 sugunt.
554 4583 597 4642 ότι
618 4588 672 4658 μέν
688 4586 720 4642 τὸ
738 4584 766 4643 λιι
783 4591 833 4641 τοῦ
919 4593 936 4644 ί.
955 4593 995 4644 Sic
1012 4593 1112 4658 δεςεεε.
1131 4603 1154 4646 ει
1172 4597 1228 4658 λιες.
1258 4595 1320 4647 miti
1331 4587 1416 4644 καλὸν
1430 4585 1477 4641 ναί
