3236 5286
583 353 690 416 nssrm
706 372 726 416 ι.
743 371 860 416 essum
872 373 1010 420 surmus.
1347 363 1410 430 stt

177 522 320 584 ismarum
350 527 399 582 est
424 519 547 598 similis,
581 521 637 584 sed
663 539 765 584 eernm
793 511 910 586 e'restnr
934 543 990 606 per
1009 523 1117 588 Filium
1146 535 1177 590 et
1205 529 1330 592 ellectnr
1351 534 1498 595 essum.

178 622 274 684 Perre
296 629 330 683 ut
349 622 424 684 baec
446 621 537 684 dictio
560 623 759 686 neu-lectum
782 624 817 684 sd
840 643 890 686 ces
912 627 1006 688 lectus
1027 628 1183 690 referende
1204 639 1265 704 est,
1287 631 1329 694 itt
1351 651 1409 696 vox

177 721 235 785 iste
256 723 346 792 Peter
366 723 404 784 sd
424 721 531 784 lilium
551 723 689 786 relectus.
728 723 810 786 ilius
830 726 880 804 qui
899 726 994 788 ileum
1017 727 1199 799 erectorem,
1222 731 1357 810 opificem
1379 741 1410 798 ei

177 825 368 886 nnn-lentum
389 823 531 904 appellet,
559 843 609 886 res
638 809 753 886 mestis
782 833 813 887 et
840 827 933 886 lectum
961 825 1107 904 perspicit
1129 833 1159 886 et
1180 826 1326 908 intelligit:
1358 835 1408 912 qui

178 933 276 994 sutem
299 924 391 988 Deum
413 925 532 988 Putrem
555 932 656 997 ronst,
679 923 780 986 stetim
801 923 911 986 Filium
933 925 1067 1006 concipit
1087 933 1118 988 et
1139 929 1284 1005 agnoseit.
1327 930 1409 1004 (ltin-

178 1027 255 1089 eiree
282 1026 357 1088 mitu
385 1028 519 1106 prolecto
548 1025 683 1087 ridentur
713 1024 831 1086 illorum
859 1024 890 1086 in
917 1026 1038 1106 propris
1066 1027 1219 1107 impietate
1238 1031 1410 1107 pervicacis.

177 1127 251 1190 Num
273 1128 408 1205 quemvis
431 1145 487 1188 mr
509 1126 671 1188 nou-laeti
699 1135 814 1188 rectum
835 1145 923 1206 quem
946 1128 1189 1208 supradiximus
1211 1149 1336 1194 sensnm
1358 1119 1411 1194 bs·

176 1228 245 1292 best
266 1229 375 1308 pieque
396 1227 495 1308 possit
514 1226 662 1307 usurpari,
685 1226 737 1299 illi,
760 1236 794 1290 ut
815 1245 886 1290 suae
908 1230 1132 1308 patrocinentur
1152 1231 1285 1305 marest
1310 1231 1412 1296 endem

14 1377 15 1384 ,
115 1327 125 1344 ’
178 1349 248 1392 mee
277 1329 314 1390 ed
340 1329 406 1390 Filii
438 1328 647 1392 contumelium
671 1327 842 1390 mutuetur.
886 1329 1033 1394 Nimirum
1061 1350 1122 1394 nen
1149 1333 1303 1412 tegerent,
1333 1351 1411 1410 eum,

177 1431 226 1511 qui
249 1430 356 1492 Filium
378 1429 523 1502 honoret,
552 1429 671 1492 Putrem
699 1447 817 1508 qunque
845 1430 1012 1505 bonorare,
1041 1441 1071 1494 et
1097 1434 1147 1512 qui
1167 1433 1275 1496 Filium
1303 1434 1412 1500 tutum

175 1533 275 1604 allicit,
298 1532 414 1594 Patrem
437 1531 574 1594 similiter
596 1531 699 1592 eedem
721 1531 840 1592 allicere
862 1530 979 1594 iniuria.
1022 1532 1180 1596 Enimvero
1209 1537 1236 1598 si
1264 1535 1357 1615 meris
1379 1545 1411 1600 et
1498 1579 1503 1588 ·

174 1634 275 1696 bonor
296 1633 393 1694 Petris
414 1631 473 1693 illis
496 1649 584 1692 curse
606 1632 724 1704 luisset,
748 1629 923 1694 debuissent
943 1633 1056 1712 potius,
1079 1636 1158 1715 quud
1180 1645 1211 1698 et
1227 1637 1407 1700 convenien-

175 1734 237 1798 tius
260 1734 368 1794 luisset
389 1741 420 1793 et
440 1731 576 1808 dignius,
598 1730 718 1792 Putrem
741 1732 833 1794 Deum
855 1751 1018 1812 agnoscere
1039 1742 1070 1796 et
1091 1736 1206 1812 diesne,
1230 1757 1318 1816 quem
1340 1755 1496 1802 sumnus

175 1836 239 1896 boc
259 1833 382 1892 nomine
404 1829 545 1892 indicere.
588 1829 663 1895 llum
691 1849 757 1894 eum
784 1831 877 1894 Deum
906 1836 1106 1898 nnn-lectum
1135 1837 1301 1918 appellent,
1332 1855 1409 1914 eum,

179 1930 432 2012 quemadmodum
454 1929 523 2002 dixi,
547 1949 582 2014 er
604 1931 688 1992 luetis
711 1932 852 2012 operibus
873 1935 1045 1998 elieetnrem
1060 1938 1200 2002 duntaxat
1222 1947 1253 2000 et
1274 1937 1410 2017 opificem

181 2039 306 2103 vocent,
329 2029 384 2092 reti
407 2050 441 2092 se
464 2049 553 2110 pesse
575 2032 645 2094 iude
665 2051 722 2111 pro
745 2053 798 2096 sus
820 2034 946 2096 libidine
968 2038 1107 2112 innuere,
1129 2039 1258 2102 Verbum
1282 2059 1358 2120 opus
1381 2048 1412 2102 et

179 2151 244 2195 rem
268 2134 373 2194 lactem
395 2135 472 2196 esse'.
517 2123 575 2206 Qui
603 2139 702 2196 eutem
724 2133 817 2198 ileum
840 2136 960 2198 Patrem
988 2147 1152 2218 nuncupet,
1180 2159 1248 2203 eum
1277 2159 1313 2202 ex
1333 2139 1409 2202 Filio

177 2233 339 2320 significet,
367 2241 428 2298 n'nn
451 2235 585 2314 ignarus,
608 2237 689 2316 quod
712 2255 778 2298 cum
802 2246 886 2300 esset
907 2237 1019 2313 Filius,
1041 2257 1091 2302 res
1113 2242 1207 2302 laetae
1228 2261 1334 2304 omnes
1355 2259 1410 2321 ner

177 2335 303 2398 eundem
330 2335 435 2400 Filium
468 2337 641 2400 necessario
678 2338 801 2400 luerunt
828 2347 954 2400 umus.
1003 2342 1099 2421 Atque
1127 2342 1167 2405 illi
1195 2343 1315 2422 quidem
1342 2361 1409 2404 eum

172 2435 268 2499 ileum
289 2439 491 2501 nnn-lentum
512 2439 633 2511 dieunt,
665 2455 734 2498 eum
764 2455 800 2498 es
822 2439 896 2501 solis
919 2440 1061 2520 operibus
1084 2441 1230 2514 indicent,
1258 2460 1315 2504 nec
1329 2441 1409 2520 ‚ipsi

171 2538 250 2600 hand
271 2558 361 2602 seeus
385 2559 421 2602 ee
442 2539 588 2606 Gentiles.
611 2537 720 2599 Filium
742 2549 914 2616 egnesmut.
956 2541 996 2604 tlt
1024 2543 1075 2622 qui
1104 2542 1198 2606 ileum
1225 2541 1323 2602 Petris
1351 2559 1409 2600 nn-

172 2641 252 2702 mine
271 2641 409 2718 insignit,
432 2639 514 2700 illum
537 2655 574 2700 ex
596 2631 693 2698 llerbo
716 2638 867 2718 signilimt
913 2642 1041 2722 Cognito
1064 2647 1162 2704 eutein
1181 2641 1291 2711 Verbo,
1314 2639 1411 2716 ipsum

130 2759 137 2771 ·
175 2757 294 2817 qunque
322 2737 460 2816 agncseit
488 2755 556 2798 esse
585 2737 734 2816 opilieeln,
765 2743 923 2822 omniaque
951 2761 1007 2821 per
1034 2741 1134 2822 ipsum
1162 2743 1240 2802 lecte
1267 2755 1337 2799 esse
1364 2735 1412 2798 in-

177 2838 292 2916 telligit.

265 3039 316 3101 34.
363 3035 508 3108 Quocirca
530 3036 633 3116 pietati
655 3045 686 3098 et
705 3037 821 3100 recitati
836 3039 932 3117 magis
948 3038 1040 3126 luerit
1054 3043 1299 3109 consentaneum,
1321 3033 1413 3098 Deum

179 3157 216 3202 ex
238 3137 314 3200 Filio
337 3136 492 3200 nominare
513 3137 692 3218 Patremque
714 3139 880 3216 appellere,
915 3156 1004 3216 quem
1026 3156 1062 3198 ex
1084 3136 1158 3198 solis
1182 3135 1325 3217 operibus
1345 3153 1409 3200 sem

159 3223 345 3318 'siguificare
367 3245 403 3300 te
424 3241 613 3302 nnn-laetum
634 3239 746 3302 dicere.
790 3239 856 3301 line
879 3237 957 3302 enim
980 3257 1089 3300 nomen
1111 3238 1157 3302 vel
1178 3237 1352 3318 singulatim,
1376 3246 1409 3302 ut

173 3341 250 3414 dixi,
280 3341 326 3404 vel
348 3341 512 3420 generatim
535 3341 634 3412 omnis
658 3340 850 3427 solummodo
874 3359 981 3420 nuere,
1009 3359 1084 3420 quse
1113 3359 1147 3402 ex
1176 3340 1229 3402 net
1258 3341 1408 3434 vuluntate

174 3459 229 3522 per
252 3441 382 3503 Verbum
404 3442 479 3504 lecte
501 3452 589 3515 suist,
612 3441 766 3522 significet
810 3441 966 3504 supanis
989 3460 1098 3504 nomen
1120 3443 1157 3504 nd
1180 3441 1278 3504 sulum
1300 3427 1407 3504 Filium

174 3543 311 3621 respicit,
340 3550 429 3621 etque
456 3542 487 3606 in
516 3561 552 3604 eo
577 3542 667 3604 sistit.
713 3541 862 3615 Quantum
890 3562 982 3623 porro
1004 3543 1185 3606 discriminis
1208 3542 1407 3604 estVerbum
1477 3593 1483 3600 .

175 3641 253 3704 inter
274 3649 305 3702 et
326 3661 375 3704 res
398 3644 500 3719 luctus,
522 3643 563 3706 ite
585 3644 675 3715 eliud,
698 3644 789 3706 immo
811 3643 899 3724 louge
921 3646 1015 3707 meins
1031 3644 1144 3724 aliquid
1159 3652 1216 3716 est,
1232 3642 1325 3704 Deum
1348 3641 1407 3702 Ps-

175 3824 226 3875 lier
251 3841 452 3889 cremenses
483 3819 658 3878 eterFe'irlm.
677 3828 701 3878 l.
720 3830 764 3878 bs·
851 3830 874 3878 b.
894 3827 996 3890 [iisdem
1015 3827 1102 3877 iisdem
1120 3839 1198 3888 prcus
1216 3809 1408 3876 verbunden·

176 3894 233 3942 beet
256 3884 397 3952 lineium
414 3885 462 3941 ὄνο
486 3887 560 3950 ἄξειν
576 3888 678 3949 αὐτόν,
704 3910 766 3958 quse
818 3909 861 3958 prs
881 3897 906 3943 in
924 3897 995 3957 epist.
1014 3895 1044 3942 de
1064 3893 1130 3941 decr.
1148 3893 1199 3942 llic.
1218 3907 1254 3943 ur.
1274 3887 1328 3956 di]

175 3959 263 4009 tbsunt
279 3963 308 4009 sb
327 3963 432 4011 editione
450 3961 569 4010 Cemmel.
587 3959 767 4010 eructabunt.
853 3962 868 4010 i.
886 3963 980 4021 Segner
1005 3959 1103 4010 Gebler.
1124 3958 1291 4010 ettetclnl
1312 3949 1409 4023 σημαί·

208 4041 231 4076 e.
251 4028 306 4090 κερ.
325 4036 349 4077 et
367 4027 509 4077 fetetne.
528 4018 687 4091 ἀγέννητον,
723 4027 768 4076 llil
819 4038 884 4074 νειν.
921 4027 982 4076 Edlti
1000 4026 1082 4075 etuti
1101 4016 1252 4091 ὀνομάζειν.
1280 4026 1332 4076 llos
1353 4025 1409 4084 lies.

175 4101 199 4143 et
217 4095 290 4156 editio
309 4095 427 4145 Geminei.
445 4083 589 4158 ἀγένητον.
820 4101 844 4142 et
861 4093 964 4142 Felctm.
984 4093 1008 4142 5.
1033 4083 1189 4156 ἀγέννητον.
1230 4095 1275 4143 llti
1293 4101 1318 4142 et
1336 4089 1410 4140 editio

210 4163 227 4210 i.
243 4163 345 4212 Feleim.
355 4161 379 4211 b.
391 4151 550 4226 ἀγέννητον.
569 4164 597 4212 lt
607 4162 647 4210 uit
662 4159 768 4210 steditin
820 4161 942 4210 Commel:
956 4151 1098 4225 ἀγένητον.
1135 4161 1195 4210 ibid.
1207 4161 1306 4221 Seguer.
1326 4153 1410 4204 τοῦτο

175 4227 292 4279 Commel.
310 4219 452 4292 ἇγένητον.
488 4229 767 4288 Ιὺίἀ,8εμιιεῐ.ῦοδ1νῐ.
817 4221 869 4292 μὲν
885 4221 940 4296 γὰρ
956 4221 1004 4277 καὶ
1019 4220 1116 4294 μόνον.
1155 4228 1217 4278 editt
1236 4236 1259 4276 et
1269 4227 1309 4276 sili
1329 4219 1410 4270 τοῦτο

176 4303 199 4346 tt
217 4296 322 4346 Felcim.
344 4297 365 4346 1.
385 4289 520 4362 ἀγένητον
535 4293 667 4362 λέγοντες.
705 4295 767 4346 tuiti
816 4289 868 4361 pls
885 4289 941 4361 γὰρ
957 4286 1054 4362 μόνον.
1134 4301 1146 4307 ·

174 4369 199 4412 et
216 4364 257 4412 ulii
276 4354 410 4427 ἀγένητον
427 4351 498 4414 εἶναι
514 4361 646 4430 λέγονιες.
851 4361 871 4413 l.
892 4365 933 4414 Sic
950 4363 1092 4426 Seguntium
1111 4359 1210 4412 dubles.
1229 4367 1253 4408 et
1271 4356 1374 4432 l'elclrm.
1386 4355 1412 4404 l.

208 4445 231 4491 s.
249 4431 348 4494 Secum.
369 4433 467 4483 Gobler.
486 4441 510 4483 ct
527 4435 633 4484 lelclm.
646 4432 668 4482 l.
687 4423 769 4483 stede
818 4430 845 4480 st
863 4430 905 4482 sili
929 4439 953 4480 et
971 4432 1027 4480 editi
1046 4421 1078 4477 τὸ
1098 4420 1137 4479 δέ,
1156 4420 1271 4500 unsina.
1316 4422 1409 4470 lbtdrttt

175 4490 205 4544 tl
223 4491 379 4563 τὸνλόγον.
415 4501 477 4552 Editl
496 4511 520 4552 et
537 4491 768 4553 tlirtideicdlxni
818 4497 958 4561 Senserisn.
981 4487 1026 4560 lq?
1046 4487 1108 4542 utut
1128 4505 1226 4568 μονον.
1262 4489 1336 4566 Penio
1354 4495 1412 4548 9⁰⁸⁸

174 4556 226 4610 τὸν
241 4560 333 4630 λόγον.
683 4593 688 4608 x
818 4566 918 4627 Secum.
946 4553 1071 4624 τοσούτῳ
1094 4570 1141 4605 και
1164 4551 1246 4604 πλέον
1260 4567 1297 4618 τῳ
1314 4547 1414 4615 λέγειν.
