3236 5286
561 398 669 443 enarro
685 399 706 444 r.
722 401 836 446 conraa
850 404 986 448 munos.
1171 390 1177 404 '
1329 395 1388 463 ter

160 546 257 627 ipsum
280 546 369 608 etiam
389 545 507 610 Patrem
522 550 636 628 profert
649 550 871 632 blasphemiam,
894 557 997 618 eadem
1020 557 1057 620 de
1079 557 1128 620 illo
1145 561 1289 634 sentiens,
1313 579 1477 642 quaeret.

160 649 196 712 de
217 647 284 711 eius
306 649 366 711 letu
388 649 462 711 lalse
483 650 726 715 comminiscitur.

245 855 296 916 Π.
339 851 372 912 ld
395 870 467 912 sane
482 871 574 916 unum
596 855 669 916 satis
692 856 782 918 luerit
796 855 833 916 ad
848 856 988 916 drianam
1004 857 1153 920 baeresim
1168 861 1288 940 penitus
1303 882 1386 926 erer-

160 953 294 1026 tendam;
322 961 523 1016 verumtamen
546 974 634 1034 qnam
657 975 673 1015 a
695 965 775 1018 recta
797 956 855 1016 lide
878 955 973 1018 aliena
995 955 1043 1018 illa
1066 959 1124 1031 sit,
1155 959 1224 1022 licet
1247 961 1392 1028 etiamen

158 1054 214 1116 boc
235 1053 394 1116 ratiocinio
415 1057 599 1136 perspicere.
644 1057 675 1118 Si
690 1057 770 1120 Deus
792 1057 917 1118 ellector
938 1068 967 1118 et
989 1067 1106 1121 creator
1127 1071 1184 1134 est,
1208 1061 1235 1123 si
1258 1048 1392 1128 item'res

158 1159 248 1218 lactas
271 1156 380 1218 crearit
401 1157 594 1236 petillium,
617 1157 755 1238 nullaque
778 1177 827 1220 res
850 1159 925 1220 lacta
947 1169 1003 1232 εει,
1026 1181 1101 1240 quae
1122 1182 1179 1243 per
1199 1161 1309 1226 lilium
1331 1183 1391 1228 non

158 1259 197 1320 sit
217 1260 309 1331 lacta3
337 1277 374 1319 an
403 1277 465 1320 non
487 1259 614 1320 maxime
636 1260 758 1339 impium
781 1269 844 1334 est,
874 1279 940 1322 eum
963 1261 1042 1325 Deus
1066 1263 1105 1324 sit
1132 1281 1234 1326 rerum
1257 1265 1390 1342 ellector,

157 1359 348 1432 contendere,
370 1359 467 1440 opilea
491 1359 556 1422 eius
579 1360 709 1422 Verbum
731 1369 762 1422 et
783 1361 963 1440 Sapientiam
992 1363 1149 1443 aliquando
1176 1385 1238 1428 non
1271 1365 1391 1430 luisse?

157 1461 236 1523 ldem
258 1460 338 1523 enim
360 1460 448 1540 plane
470 1471 518 1522 εει
538 1480 573 1524 ao
593 1462 618 1523 si
642 1461 809 1536 diceretur,
832 1462 926 1524 lleum
949 1482 1050 1526 rerum
1073 1467 1243 1528 effectorem
1265 1469 1388 1532 omnino

154 1581 214 1624 non
237 1581 316 1636 esse,
338 1563 448 1643 quippe
471 1581 537 1626 cum
559 1563 711 1643 propriam
734 1583 769 1625 ex
792 1565 894 1643 seipso
917 1563 1053 1646 opificem
1069 1566 1221 1630 llationem
1243 1587 1296 1630 sen
1313 1569 1387 1632 l'er-

153 1663 223 1728 bum
247 1682 309 1725 non
330 1663 447 1737 babeat,
471 1665 525 1726 sed
547 1665 739 1726 adventitium
762 1673 850 1744 atque
871 1665 907 1726 ab
929 1685 965 1728 eo
988 1667 1117 1730 alienum
1134 1679 1296 1750 naturaque
1318 1671 1386 1732 dis-

152 1766 252 1827 simile
276 1765 317 1825 sit
331 1765 467 1826 llerbum
492 1764 579 1836 illud,
611 1766 641 1827 in
669 1783 729 1846 quo
752 1784 808 1844 ,res
837 1776 926 1830 creat.
968 1767 1081 1830 Deinde
1109 1769 1200 1832 nobis
1232 1771 1387 1850 explicent,

155 1867 217 1928 imo
240 1882 326 1926 suam
348 1863 416 1926 inde
437 1873 601 1943 agnoscant
621 1865 812 1946 impietatem,
835 1885 893 1946 qua
914 1869 1031 1944 dieunt,
1053 1870 1121 1932 ruit
1140 1869 1299 1950 aliquando
1321 1891 1388 1936 oum

154 1983 220 2030 non
242 1973 334 2040 esset,
358 1975 388 2026 et
408 1965 475 2028 Non
499 1965 552 2028 luit
572 1975 729 2047 antequam
752 1977 839 2032 natus
862 1979 919 2030 εει.
963 1969 1109 2032 Nimirum
1132 1971 1157 2032 si
1174 1972 1305 2034 l'erbum
1321 1991 1388 2036 cunr

151 2068 244 2130 Patro
265 2085 327 2128 non
350 2075 395 2129 εει
415 2067 454 2129 ab
477 2067 556 2128 omni
578 2069 762 2144 aeternitate,
784 2087 847 2132 non
871 2079 917 2132 est
938 2073 1072 2151 prolecto
1095 2081 1214 2134 aeterna
1237 2073 1385 2148 Trinitas:

152 2170 207 2232 sed
230 2167 328 2251 primo
349 2169 465 2248 quidem
487 2169 543 2232 luit
564 2171 670 2243 unius.
692 2181 799 2252 postea
820 2191 896 2234 vero
918 2191 953 2234 ex
975 2174 1148 2235 accessione
1163 2175 1236 2236 lecta
1255 2173 1384 2238 Trinitas

153 2279 211 2346 est,
234 2291 269 2332 ac
289 2289 451 2351 progressu
474 2273 619 2350 temporis
641 2267 735 2335 er'erit
756 2293 792 2334 ex
808 2273 928 2334 illorum
944 2275 1091 2336 sententia
1105 2275 1323 2355 constitutaque
1339 2285 1384 2338 est

124 2373 137 2394 '
151 2373 318 2453 theologiae
338 2374 478 2454 cognitio.
522 2374 652 2454 Insuper
674 2375 701 2434 si
722 2373 816 2434 Filius
835 2383 966 2436 nonest
987 2377 1127 2455 proprius
1149 2385 1272 2439 naturae
1286 2375 1384 2438 Patris

150 2478 239 2550 letus,
262 2475 315 2538 sed
338 2493 354 2538 e
377 2475 470 2538 nihilo
493 2481 542 2536 est
562 2475 668 2544 lectus,
693 2491 728 2534 ex
751 2473 843 2534 nihilo
865 2475 955 2552 igitur
976 2475 1126 2538 constabit
1147 2493 1265 2555 quoque
1281 2475 1473 2542 Tudi-nus.

148 2587 209 2651 tas,
239 2577 350 2658 luitque
384 2575 560 2654 aliqnando,
591 2591 660 2634 cum
688 2591 749 2634 noo
779 2585 861 2638 esset
882 2577 1000 2640 trinitas
1023 2577 1077 2638 sed
1100 2577 1213 2650 unitas,
1236 2578 1293 2638 luit
1312 2577 1386 2636 item

149 2662 284 2740 Trinitas=
303 2675 462 2755 aliquando
484 2675 656 2753 imperfecta
679 2683 708 2734 et
729 2675 883 2756 aliquando
905 2679 1048 2756 perlecta,
1071 2677 1245 2756 imperfecta
1266 2675 1389 2754 quidem

150 2783 309 2854 antequam
330 2777 415 2836 lieret
427 2775 533 2847 Filius,
554 2776 683 2854 perlecta
704 2785 801 2838 autem
823 2787 984 2857 postquam
1005 2779 1085 2840 idem
1107 2778 1203 2838 lactus
1220 2783 1277 2845 εει,
1300 2781 1388 2854 atque

151 2875 261 2939 exinde
283 2893 333 2936 res
354 2876 431 2936 lecta
453 2875 551 2954 coepit
572 2875 699 2938 creatori
719 2878 923 2950 annumerari,
946 2887 977 2939 et
997 2877 1052 2951 is,·
1072 2877 1123 2955 qui
1146 2872 1304 2952 aliquando
1327 2891 1388 2934 non

151 2979 219 3052 luit,
242 2995 308 3038 cum
332 2993 379 3049 eo,
403 2975 453 3054 qui
475 2993 595 3055 semper
609 2976 680 3048 'luit,
702 2975 780 3058 llens
796 2978 918 3066 agnosci
934 2987 964 3038 et
985 2977 1052 3038 coli.
1090 2973 1286 3046 Quinetiam,
1309 2973 1387 3051 quod

123 3125 131 3132 .
152 3077 271 3158 gravius
293 3085 350 3150 est,
372 3077 436 3158 ipsa
460 3077 591 3138 Trinitas
612 3077 661 3139 sui
682 3075 777 3156 ipsius
800 3079 858 3138 erit
872 3075 1038 3150 dissimilis,
1061 3073 1172 3154 quippe
1193 3091 1267 3153 quae
1282 3093 1317 3134 ex
1333 3093 1385 3136 er·

149 3178 247 3240 ternis
269 3177 430 3256 alienisque
452 3177 566 3240 naturis
590 3185 619 3239 et
641 3175 819 3239 substantiis
843 3177 884 3238 sit
906 3175 1083 3249 constitum
1113 3175 1192 3254 quod
1220 3191 1291 3236 sane
1310 3173 1383 3236 nibil

147 3279 228 3343 aliud
251 3287 297 3341 εει
323 3296 411 3358 qnam
432 3279 539 3340 laotmn
569 3277 631 3338 sire
660 3285 790 3340 cresum
820 3277 974 3338 Trinitatis
1003 3275 1243 3340 constitutionem
1271 3271 1379 3338 dicere.

148 3379 321 3468 Cuiusmodi
349 3379 439 3458 igitur
459 3378 509 3440 illa
531 3377 682 3440 censenda
704 3385 751 3440 est
772 3377 894 3458 religio,
928 3395 1002 3457 quae
1029 3397 1084 3440 nec
1111 3377 1159 3440 sui
1187 3377 1293 3440 similis
1322 3385 1379 3450 est,

148 3482 201 3543 sed
222 3491 391 3561 temporum
413 3499 575 3561 progressu
597 3480 769 3559 perficitur,
796 3465 930 3559 quaeque
957 3480 1046 3542 ruodo
1076 3499 1137 3542 non
1164 3478 1204 3542 ita
1225 3476 1317 3540 modo
1340 3477 1380 3538 ita

23 3629 27 3638 .
147 3581 209 3644 sit‘l
252 3581 405 3662 Siquidem
427 3579 588 3643 verisimile
609 3589 671 3654 est,
700 3581 777 3642 illam
806 3581 915 3644 iterum
937 3581 1152 3644 incrementum
1181 3585 1379 3658 accepturam,

147 3682 235 3763 idque
257 3685 387 3756 infinite,
416 3682 666 3762 quemadmodum
694 3682 823 3762 primum
852 3702 887 3744 ex
915 3682 1116 3746 additamento
1139 3680 1300 3740 constituta
1322 3683 1379 3738 εει.

147 3784 207 3847 Nec
227 3802 300 3847 vero
322 3783 444 3846 dubium
465 3793 521 3856 εει,
542 3784 614 3864 quin
636 3783 739 3846 eadem
760 3783 859 3866 possit
879 3784 1071 3852 decrescere;
1093 3786 1211 3840 constet
1232 3777 1310 3840 enim
1333 3793 1379 3848 ea,

147 3903 224 3966 qnae
245 3885 401 3958 adduntur,
424 3885 489 3946 tolli
512 3883 651 3945 similiter
671 3903 773 3962 posse.

236 3987 285 4050 18.
329 3985 439 4048 Verum
461 3985 503 4045 ita
524 4001 585 4044 nou
609 3991 673 4058 est;
704 3983 792 4044 absit.
837 3981 904 4042 Non
931 3988 978 4042 est
999 3980 1119 4058 inquam
1140 3979 1215 4040 lecta
1235 3976 1379 4050 Trinitas,

148 4136 254 4187 Telclm.
271 4138 292 4186 l.
307 4145 330 4186 et
341 4138 366 4188 5.
384 4131 418 4184 ri
434 4129 570 4200 γεννητὸν
586 4132 627 4200 τῷ
644 4127 739 4200 arloap
791 4125 875 4198 ἑαυτῇ
892 4123 984 4198 ὁμοία.
1019 4129 1091 4182 besil.
1110 4124 1167 4193 teg.
1186 4137 1211 4179 et
1227 4128 1334 4178 Telclm.
1352 4125 1380 4176 5.

147 4206 252 4254 etlalra
270 4195 286 4264 ἢ
304 4198 441 4268 γεννητὴν
458 4197 509 4262 τὴν
526 4199 575 4261 τῆς
591 4189 712 4269 τριάδες.
790 4201 881 4250 babent
898 4201 954 4250 item
972 4195 1115 4262 θεοσέβειμ
1132 4191 1148 4258 ἡ
1166 4189 1246 4262 μηδέ.
1278 4193 1378 4244 Editiet
1485 4199 1489 4208 '

180 4286 203 4334 q.
221 4261 546 4336 aequanimiterque
564 4261 737 4318 lmeeoto
789 4269 831 4319 alii
849 4261 992 4330 θεοσέβειε
1007 4259 1079 4334 μηδὲ
1096 4256 1181 4323 αὐτῆς
1197 4255 1289 4328 ὅμοια.
1365 4319 1372 4336 ⁸

147 4335 237 4400 reiron
478 4343 480 4350 “
822 4337 838 4386 l.
863 4336 961 4398 Sequor.
977 4335 1117 4387 Goblerian.
1136 4331 1160 4381 el
1176 4329 1283 4380 Telelm.
1298 4327 1320 4378 l.
1336 4339 1376 4395 με

180 4406 206 4456 Ιι.
221 4407 365 4468 Samariae.
383 4398 435 4465 triv
451 4405 548 4459 omittit.
584 4403 638 4454 llos
662 4403 736 4464 idem,
788 4387 868 4458 olea,
886 4396 953 4451 nori
971 4395 1002 4450 ot
1019 4409 1067 4450 ete.
1168 4443 1174 4448 .

147 4473 243 4522 onerer.
264 4481 288 4524 er
307 4474 412 4524 sarcum.
428 4473 449 4522 t.
468 4457 645 4532 nazareis.
671 4471 735 4522 erro
822 4469 844 4519 t.
863 4469 964 4530 εεμε.
982 4463 1185 4529 lngtteooblar.
1198 4461 1338 4540 ipserum.
1352 4457 1377 4508 r.
1405 4513 1408 4519 ,

145 4539 234 4588 etalii
256 4533 367 4599 nerent,
392 4535 430 4589 rt.
472 4540 563 4589 lbitlem
592 4538 734 4600 Sequerien.
787 4527 825 4590 ris
841 4527 922 4590 ἅπαξ.
957 4534 1021 4582 Edtti
1041 4531 1123 4580 etalii
1141 4521 1192 4581 loe
1209 4525 1290 4582 απαξ.
1364 4579 1372 4598 ,
1426 4547 1429 4558 ’

144 4603 447 4659 (retrocesserunt.
470 4601 615 4668 dessidere
631 4597 647 4664 'i
665 4597 736 4669 pert
822 4603 837 4650 t.
855 4598 996 4652 Tetctrm.2
1014 4605 1039 4648 et
1057 4595 1129 4646 editio
1145 4593 1263 4644 cemmel.
1280 4599 1376 4656 γενιιι
