<?xml version="1.0" encoding="UTF-8"?>
<!DOCTYPE html PUBLIC "-//W3C//DTD XHTML 1.0 Transitional//EN"
    "http://www.w3.org/TR/xhtml1/DTD/xhtml1-transitional.dtd">
<html xmlns="http://www.w3.org/1999/xhtml" xml:lang="en" lang="en">
 <head>
  <title>
</title>
<meta http-equiv="Content-Type" content="text/html;charset=utf-8" />
  <meta name='ocr-system' content='tesseract 3.04.00' />
  <meta name='ocr-capabilities' content='ocr_page ocr_carea ocr_par ocr_line ocrx_word'/>
</head>
<body>
  <div class='ocr_page' id='page_1' title='image "./sanctiathanasii00athagoog_0296.png"; bbox 0 0 3258 5276; ppageno 0'>
   <div class='ocr_carea' id='block_1_1' title="bbox 547 345 1371 408">
    <p class='ocr_par' dir='ltr' id='par_1_1' title="bbox 547 345 1371 408">
     <span class='ocr_line' id='line_1_1' title="bbox 547 345 1371 408; baseline 0.012 -10"><span class='ocrx_word' id='word_1_1' title='bbox 547 355 654 400; x_wconf 82' lang='lat' dir='ltr'><strong>oerrrc</strong></span> <span class='ocrx_word' id='word_1_2' title='bbox 671 357 691 398; x_wconf 85' lang='lat' dir='ltr'><strong>r.</strong></span> <span class='ocrx_word' id='word_1_3' title='bbox 708 356 821 400; x_wconf 78' lang='lat' dir='ltr'><strong>corrui</strong></span> <span class='ocrx_word' id='word_1_4' title='bbox 838 357 974 402; x_wconf 74' lang='lat' dir='ltr'><strong>caunos.</strong></span> <span class='ocrx_word' id='word_1_5' title='bbox 1308 345 1371 408; x_wconf 74' lang='grc'><strong>249</strong></span> 
     </span>
    </p>
   </div>
   <div class='ocr_carea' id='block_1_2' title="bbox 140 504 1458 792">
    <p class='ocr_par' dir='ltr' id='par_1_2' title="bbox 140 504 1458 792">
     <span class='ocr_line' id='line_1_2' title="bbox 140 504 1457 589; baseline 0 -21"><span class='ocrx_word' id='word_1_6' title='bbox 140 506 193 568; x_wconf 89' lang='lat' dir='ltr'><strong>ille</strong></span> <span class='ocrx_word' id='word_1_7' title='bbox 214 504 377 566; x_wconf 74' lang='lat' dir='ltr'><strong>seecundum</strong></span> <span class='ocrx_word' id='word_1_8' title='bbox 399 505 556 566; x_wconf 80' lang='lat' dir='ltr'><strong>humanam</strong></span> <span class='ocrx_word' id='word_1_9' title='bbox 579 513 713 569; x_wconf 87' lang='lat' dir='ltr'><strong>naturam</strong></span> <span class='ocrx_word' id='word_1_10' title='bbox 735 507 806 586; x_wconf 90' lang='lat' dir='ltr'><strong>ungi</strong></span> <span class='ocrx_word' id='word_1_11' title='bbox 828 507 945 581; x_wconf 88' lang='lat' dir='ltr'><strong>dicitur,</strong></span> <span class='ocrx_word' id='word_1_12' title='bbox 968 525 1025 568; x_wconf 85' lang='lat' dir='ltr'><strong>nos</strong></span> <span class='ocrx_word' id='word_1_13' title='bbox 1048 527 1168 583; x_wconf 84' lang='lat' dir='ltr'><strong>scmus,</strong></span> <span class='ocrx_word' id='word_1_14' title='bbox 1191 509 1240 589; x_wconf 90' lang='lat' dir='ltr'><strong>qui</strong></span> <span class='ocrx_word' id='word_1_15' title='bbox 1264 511 1295 570; x_wconf 90' lang='lat' dir='ltr'><strong>in</strong></span> <span class='ocrx_word' id='word_1_16' title='bbox 1317 509 1457 571; x_wconf 72' lang='lat' dir='ltr'><strong>iucem.</strong></span> 
     </span>
     <span class='ocr_line' id='line_1_3' title="bbox 142 604 1458 694; baseline 0.002 -25"><span class='ocrx_word' id='word_1_17' title='bbox 142 606 296 685; x_wconf 70' lang='lat' dir='ltr'><strong>ungimnrq</strong></span> <span class='ocrx_word' id='word_1_18' title='bbox 319 623 385 666; x_wconf 91' lang='lat' dir='ltr'><strong>enm</strong></span> <span class='ocrx_word' id='word_1_19' title='bbox 407 604 477 666; x_wconf 88' lang='lat' dir='ltr'><strong>item</strong></span> <span class='ocrx_word' id='word_1_20' title='bbox 498 605 676 686; x_wconf 85' lang='lat' dir='ltr'><strong>baptizatur,</strong></span> <span class='ocrx_word' id='word_1_21' title='bbox 700 623 755 666; x_wconf 87' lang='lat' dir='ltr'><strong>nos</strong></span> <span class='ocrx_word' id='word_1_22' title='bbox 779 605 808 667; x_wconf 92' lang='lat' dir='ltr'><strong>in</strong></span> <span class='ocrx_word' id='word_1_23' title='bbox 832 627 868 669; x_wconf 92' lang='lat' dir='ltr'><strong>eo</strong></span> <span class='ocrx_word' id='word_1_24' title='bbox 882 609 1075 689; x_wconf 88' lang='lat' dir='ltr'><strong>baptizamur.</strong></span> <span class='ocrx_word' id='word_1_25' title='bbox 1119 609 1161 670; x_wconf 82' lang='lat' dir='ltr'><strong>oe</strong></span> <span class='ocrx_word' id='word_1_26' title='bbox 1177 610 1283 688; x_wconf 89' lang='lat' dir='ltr'><strong>quibus</strong></span> <span class='ocrx_word' id='word_1_27' title='bbox 1300 629 1368 672; x_wconf 89' lang='lat' dir='ltr'><strong>om·</strong></span> <span class='ocrx_word' id='word_1_28' title='bbox 1450 682 1458 694; x_wconf 38' lang='grc' dir='ltr'>Ι</span> 
     </span>
     <span class='ocr_line' id='line_1_4' title="bbox 143 705 1370 792; baseline 0.004 -24"><span class='ocrx_word' id='word_1_29' title='bbox 143 707 231 769; x_wconf 88' lang='lat' dir='ltr'><strong>nibus</strong></span> <span class='ocrx_word' id='word_1_30' title='bbox 253 705 319 786; x_wconf 87' lang='lat' dir='ltr'><strong>ipae</strong></span> <span class='ocrx_word' id='word_1_31' title='bbox 341 705 475 768; x_wconf 79' lang='lat' dir='ltr'>Salvator</span> <span class='ocrx_word' id='word_1_32' title='bbox 496 705 613 790; x_wconf 44' lang='lat' dir='ltr'><strong>clarius,</strong></span> <span class='ocrx_word' id='word_1_33' title='bbox 628 705 672 766; x_wconf 88' lang='lat' dir='ltr'><strong>sic</strong></span> <span class='ocrx_word' id='word_1_34' title='bbox 692 706 771 766; x_wconf 87' lang='lat' dir='ltr'><strong>Patri</strong></span> <span class='ocrx_word' id='word_1_35' title='bbox 792 707 939 786; x_wconf 88' lang='lat' dir='ltr'><strong>loquitur:</strong></span> <span class='ocrx_word' id='word_1_36' title='bbox 973 707 1012 770; x_wconf 76' lang='lat' dir='ltr'><strong>Et</strong></span> <span class='ocrx_word' id='word_1_37' title='bbox 1033 725 1084 784; x_wconf 86' lang='lat' dir='ltr'><strong>eqo</strong></span> <span class='ocrx_word' id='word_1_38' title='bbox 1107 708 1252 786; x_wconf 79' lang='lat' dir='ltr'><strong>glorium,</strong></span> <span class='ocrx_word' id='word_1_39' title='bbox 1280 731 1370 792; x_wconf 78' lang='lat' dir='ltr'><strong>quom</strong></span> 
     </span>
    </p>
   </div>
   <div class='ocr_carea' id='block_1_3' title="bbox 140 806 1374 1283">
    <p class='ocr_par' dir='ltr' id='par_1_3' title="bbox 140 806 1374 1283">
     <span class='ocr_line' id='line_1_5' title="bbox 144 806 1372 885; baseline 0.002 -15"><span class='ocrx_word' id='word_1_40' title='bbox 144 810 254 871; x_wconf 77' lang='lat' dir='ltr'><strong>dedisti</strong></span> <span class='ocrx_word' id='word_1_41' title='bbox 273 807 360 878; x_wconf 85' lang='lat' dir='ltr'><strong>milli,</strong></span> <span class='ocrx_word' id='word_1_42' title='bbox 392 807 460 868; x_wconf 86' lang='lat' dir='ltr'><strong>dedi</strong></span> <span class='ocrx_word' id='word_1_43' title='bbox 479 806 558 875; x_wconf 79' lang='lat' dir='ltr'><strong>ttttr,</strong></span> <span class='ocrx_word' id='word_1_44' title='bbox 580 817 615 866; x_wconf 86' lang='lat' dir='ltr'><strong>ut</strong></span> <span class='ocrx_word' id='word_1_45' title='bbox 636 823 731 866; x_wconf 84' lang='lat' dir='ltr'><strong>unum</strong></span> <span class='ocrx_word' id='word_1_46' title='bbox 752 809 831 876; x_wconf 84' lang='lat' dir='ltr'><strong>rint,</strong></span> <span class='ocrx_word' id='word_1_47' title='bbox 854 807 1101 885; x_wconf 75' lang='lat' dir='ltr'><strong><em>quemadmodum</em></strong></span> <span class='ocrx_word' id='word_1_48' title='bbox 1123 825 1178 868; x_wconf 84' lang='lat' dir='ltr'><strong>nor</strong></span> <span class='ocrx_word' id='word_1_49' title='bbox 1201 828 1295 870; x_wconf 84' lang='lat' dir='ltr'><strong>uuum</strong></span> <span class='ocrx_word' id='word_1_50' title='bbox 1316 830 1372 874; x_wconf 82' lang='lat' dir='ltr'><strong>ru-</strong></span> 
     </span>
     <span class='ocr_line' id='line_1_6' title="bbox 142 905 1374 994; baseline 0.001 -24"><span class='ocrx_word' id='word_1_51' title='bbox 142 927 220 970; x_wconf 80' lang='lat' dir='ltr'><strong>mor.</strong></span> <span class='ocrx_word' id='word_1_52' title='bbox 265 907 393 986; x_wconf 82' lang='lat' dir='ltr'><strong>Propter</strong></span> <span class='ocrx_word' id='word_1_53' title='bbox 413 924 470 968; x_wconf 85' lang='lat' dir='ltr'><strong>noa</strong></span> <span class='ocrx_word' id='word_1_54' title='bbox 492 905 582 985; x_wconf 91' lang='lat' dir='ltr'><strong>igitur</strong></span> <span class='ocrx_word' id='word_1_55' title='bbox 605 905 693 967; x_wconf 87' lang='lat' dir='ltr'><strong>etiam</strong></span> <span class='ocrx_word' id='word_1_56' title='bbox 715 905 885 994; x_wconf 81' lang='lat' dir='ltr'><strong>postulabat</strong></span> <span class='ocrx_word' id='word_1_57' title='bbox 899 905 1034 984; x_wconf 80' lang='lat' dir='ltr'><strong>gloriam,</strong></span> <span class='ocrx_word' id='word_1_58' title='bbox 1056 905 1163 984; x_wconf 91' lang='lat' dir='ltr'><strong>illaque</strong></span> <span class='ocrx_word' id='word_1_59' title='bbox 1179 905 1265 966; x_wconf 86' lang='lat' dir='ltr'><strong>verba</strong></span> <span class='ocrx_word' id='word_1_60' title='bbox 1287 927 1374 972; x_wconf 84' lang='lat' dir='ltr'><strong>oere-</strong></span> 
     </span>
     <span class='ocr_line' id='line_1_7' title="bbox 140 1004 1372 1090; baseline -0.002 -18"><span class='ocrx_word' id='word_1_61' title='bbox 140 1015 202 1090; x_wconf 85' lang='lat' dir='ltr'><strong>pr&#39;t,</strong></span> <span class='ocrx_word' id='word_1_62' title='bbox 227 1011 366 1079; x_wconf 81' lang='lat' dir='ltr'><strong>donauit,</strong></span> <span class='ocrx_word' id='word_1_63' title='bbox 391 1007 540 1070; x_wconf 76' lang='lat' dir='ltr'><strong>enoltoar&#39;t</strong></span> <span class='ocrx_word' id='word_1_64' title='bbox 561 1004 636 1066; x_wconf 87' lang='lat' dir='ltr'><strong>dicta</strong></span> <span class='ocrx_word' id='word_1_65' title='bbox 660 1012 745 1079; x_wconf 88' lang='lat' dir='ltr'><strong>sunt,</strong></span> <span class='ocrx_word' id='word_1_66' title='bbox 768 1013 802 1066; x_wconf 90' lang='lat' dir='ltr'><strong>nt</strong></span> <span class='ocrx_word' id='word_1_67' title='bbox 824 1005 937 1066; x_wconf 88' lang='lat' dir='ltr'><strong>scilicet</strong></span> <span class='ocrx_word' id='word_1_68' title='bbox 957 1022 1014 1066; x_wconf 89' lang='lat' dir='ltr'><strong>nos</strong></span> <span class='ocrx_word' id='word_1_69' title='bbox 1036 1005 1260 1085; x_wconf 77' lang='lat' dir='ltr'><strong>acciperemus,</strong></span> <span class='ocrx_word' id='word_1_70' title='bbox 1285 1008 1372 1070; x_wconf 86' lang='lat' dir='ltr'><strong>nobis</strong></span> 
     </span>
     <span class='ocr_line' id='line_1_8' title="bbox 143 1106 1372 1188; baseline 0.002 -20"><span class='ocrx_word' id='word_1_71' title='bbox 143 1109 278 1180; x_wconf 88' lang='lat' dir='ltr'><strong>donaret,</strong></span> <span class='ocrx_word' id='word_1_72' title='bbox 302 1118 387 1188; x_wconf 90' lang='lat' dir='ltr'><strong>atque</strong></span> <span class='ocrx_word' id='word_1_73' title='bbox 410 1107 440 1168; x_wconf 93' lang='lat' dir='ltr'><strong>in</strong></span> <span class='ocrx_word' id='word_1_74' title='bbox 462 1107 512 1170; x_wconf 95' lang='lat' dir='ltr'><strong>illo</strong></span> <span class='ocrx_word' id='word_1_75' title='bbox 535 1106 742 1178; x_wconf 80' lang='lat' dir='ltr'><strong>exaltaremur,</strong></span> <span class='ocrx_word' id='word_1_76' title='bbox 764 1106 1009 1184; x_wconf 82' lang='lat' dir='ltr'><strong>quemadmodum</strong></span> <span class='ocrx_word' id='word_1_77' title='bbox 1028 1126 1063 1168; x_wconf 89' lang='lat' dir='ltr'><strong>se</strong></span> <span class='ocrx_word' id='word_1_78' title='bbox 1085 1107 1149 1187; x_wconf 87' lang='lat' dir='ltr'><strong>ipse</strong></span> <span class='ocrx_word' id='word_1_79' title='bbox 1165 1125 1285 1187; x_wconf 88' lang='lat' dir='ltr'><strong>quoque</strong></span> <span class='ocrx_word' id='word_1_80' title='bbox 1300 1125 1372 1170; x_wconf 86' lang='lat' dir='ltr'><strong>san-</strong></span> 
     </span>
     <span class='ocr_line' id='line_1_9' title="bbox 144 1207 752 1283; baseline -0.007 -13"><span class='ocrx_word' id='word_1_81' title='bbox 144 1209 258 1283; x_wconf 82' lang='lat' dir='ltr'><strong>ctificat,</strong></span> <span class='ocrx_word' id='word_1_82' title='bbox 281 1217 314 1270; x_wconf 90' lang='lat' dir='ltr'><strong>nt</strong></span> <span class='ocrx_word' id='word_1_83' title='bbox 335 1227 391 1270; x_wconf 82' lang='lat' dir='ltr'><strong>noe</strong></span> <span class='ocrx_word' id='word_1_84' title='bbox 413 1208 444 1269; x_wconf 93' lang='lat' dir='ltr'><strong>in</strong></span> <span class='ocrx_word' id='word_1_85' title='bbox 467 1228 503 1270; x_wconf 89' lang='lat' dir='ltr'><strong>eo</strong></span> <span class='ocrx_word' id='word_1_86' title='bbox 525 1207 752 1270; x_wconf 75' lang='lat' dir='ltr'><strong>sanctificemur.</strong></span> 
     </span>
    </p>
   </div>
   <div class='ocr_carea' id='block_1_4' title="bbox 140 1504 1459 3701">
    <p class='ocr_par' dir='ltr' id='par_1_4' title="bbox 140 1504 1459 3701">
     <span class='ocr_line' id='line_1_10' title="bbox 229 1504 1371 1584; baseline 0.002 -12"><span class='ocrx_word' id='word_1_87' title='bbox 229 1513 281 1574; x_wconf 80' lang='grc'><strong>49.</strong></span> <span class='ocrx_word' id='word_1_88' title='bbox 326 1509 414 1583; x_wconf 83' lang='lat' dir='ltr'><strong>Quod</strong></span> <span class='ocrx_word' id='word_1_89' title='bbox 436 1509 461 1571; x_wconf 87' lang='lat' dir='ltr'><strong>ai</strong></span> <span class='ocrx_word' id='word_1_90' title='bbox 484 1509 557 1572; x_wconf 87' lang='lat' dir='ltr'><strong>baec</strong></span> <span class='ocrx_word' id='word_1_91' title='bbox 578 1506 688 1570; x_wconf 85' lang='lat' dir='ltr'><strong>Psalmi</strong></span> <span class='ocrx_word' id='word_1_92' title='bbox 710 1504 814 1568; x_wconf 86' lang='lat' dir='ltr'><strong>rerba:</strong></span> <span class='ocrx_word' id='word_1_93' title='bbox 844 1505 964 1568; x_wconf 78' lang='lat' dir='ltr'><strong>Idcirco</strong></span> <span class='ocrx_word' id='word_1_94' title='bbox 986 1510 1077 1569; x_wconf 77' lang='lat' dir='ltr'><strong>uouit</strong></span> <span class='ocrx_word' id='word_1_95' title='bbox 1099 1520 1142 1584; x_wconf 87' lang='lat' dir='ltr'><strong>te,</strong></span> <span class='ocrx_word' id='word_1_96' title='bbox 1164 1509 1263 1582; x_wconf 78' lang='lat' dir='ltr'><strong>Deua,</strong></span> <span class='ocrx_word' id='word_1_97' title='bbox 1287 1509 1371 1574; x_wconf 79' lang='lat' dir='ltr'><strong>Dour</strong></span> 
     </span>
     <span class='ocr_line' id='line_1_11' title="bbox 145 1607 1370 1690; baseline 0.001 -17"><span class='ocrx_word' id='word_1_98' title='bbox 145 1625 227 1684; x_wconf 83' lang='lat' dir='ltr'><strong>tour,</strong></span> <span class='ocrx_word' id='word_1_99' title='bbox 251 1612 281 1671; x_wconf 90' lang='lat' dir='ltr'><strong>in</strong></span> <span class='ocrx_word' id='word_1_100' title='bbox 304 1630 390 1673; x_wconf 89' lang='lat' dir='ltr'><strong>suum</strong></span> <span class='ocrx_word' id='word_1_101' title='bbox 414 1629 535 1672; x_wconf 80' lang='lat' dir='ltr'><strong>sensum</strong></span> <span class='ocrx_word' id='word_1_102' title='bbox 559 1609 736 1688; x_wconf 88' lang='lat' dir='ltr'><strong>detorquere</strong></span> <span class='ocrx_word' id='word_1_103' title='bbox 758 1607 949 1679; x_wconf 89' lang='lat' dir='ltr'><strong>contendant,</strong></span> <span class='ocrx_word' id='word_1_104' title='bbox 972 1607 1135 1687; x_wconf 81' lang='lat' dir='ltr'><strong>intelligant</strong></span> <span class='ocrx_word' id='word_1_105' title='bbox 1152 1610 1370 1690; x_wconf 81' lang='lat' dir='ltr'><strong>scripturarum</strong></span> 
     </span>
     <span class='ocr_line' id='line_1_12' title="bbox 144 1707 1372 1792; baseline 0.001 -18"><span class='ocrx_word' id='word_1_106' title='bbox 144 1711 276 1792; x_wconf 89' lang='lat' dir='ltr'><strong>imperiti</strong></span> <span class='ocrx_word' id='word_1_107' title='bbox 298 1713 529 1789; x_wconf 84' lang='lat' dir='ltr'><strong>inventoresque</strong></span> <span class='ocrx_word' id='word_1_108' title='bbox 551 1709 729 1788; x_wconf 87' lang='lat' dir='ltr'><strong>impietatis,</strong></span> <span class='ocrx_word' id='word_1_109' title='bbox 758 1725 865 1768; x_wconf 85' lang='lat' dir='ltr'><strong>rursm</strong></span> <span class='ocrx_word' id='word_1_110' title='bbox 893 1727 966 1770; x_wconf 83' lang='lat' dir='ltr'><strong>voce</strong></span> <span class='ocrx_word' id='word_1_111' title='bbox 995 1707 1043 1770; x_wconf 93' lang='lat' dir='ltr'><strong>illa</strong></span> <span class='ocrx_word' id='word_1_112' title='bbox 1065 1708 1183 1772; x_wconf 84' lang='lat' dir='ltr'><strong>ldor&#39;rco</strong></span> <span class='ocrx_word' id='word_1_113' title='bbox 1206 1729 1266 1772; x_wconf 92' lang='lat' dir='ltr'><strong>non</strong></span> <span class='ocrx_word' id='word_1_114' title='bbox 1288 1731 1372 1782; x_wconf 87' lang='lat' dir='ltr'><strong>mer·,</strong></span> 
     </span>
     <span class='ocr_line' id='line_1_13' title="bbox 145 1807 1373 1888; baseline 0.001 -14"><span class='ocrx_word' id='word_1_115' title='bbox 145 1813 250 1874; x_wconf 88' lang='lat' dir='ltr'><strong>oedem</strong></span> <span class='ocrx_word' id='word_1_116' title='bbox 272 1811 388 1874; x_wconf 83' lang='lat' dir='ltr'><strong>uirtutis</strong></span> <span class='ocrx_word' id='word_1_117' title='bbox 412 1811 458 1872; x_wconf 84' lang='lat' dir='ltr'><strong>rel</strong></span> <span class='ocrx_word' id='word_1_118' title='bbox 479 1810 628 1872; x_wconf 78' lang='lat' dir='ltr'><strong>acdouum</strong></span> <span class='ocrx_word' id='word_1_119' title='bbox 649 1807 737 1870; x_wconf 78' lang='lat' dir='ltr'><strong>Verbi</strong></span> <span class='ocrx_word' id='word_1_120' title='bbox 760 1807 927 1888; x_wconf 83' lang='lat' dir='ltr'><strong>significari,</strong></span> <span class='ocrx_word' id='word_1_121' title='bbox 956 1809 1009 1870; x_wconf 87' lang='lat' dir='ltr'><strong>sed</strong></span> <span class='ocrx_word' id='word_1_122' title='bbox 1031 1827 1149 1872; x_wconf 71' lang='lat' dir='ltr'><strong>cauum</strong></span> <span class='ocrx_word' id='word_1_123' title='bbox 1173 1809 1292 1874; x_wconf 86' lang='lat' dir='ltr'><strong>eiusad</strong></span> <span class='ocrx_word' id='word_1_124' title='bbox 1315 1831 1373 1875; x_wconf 85' lang='lat' dir='ltr'><strong>noe</strong></span> 
     </span>
     <span class='ocr_line' id='line_1_14' title="bbox 146 1909 1373 1991; baseline 0.001 -18"><span class='ocrx_word' id='word_1_125' title='bbox 146 1911 290 1973; x_wconf 83' lang='lat' dir='ltr'><strong>adventus</strong></span> <span class='ocrx_word' id='word_1_126' title='bbox 317 1911 527 1989; x_wconf 87' lang='lat' dir='ltr'><strong>unctionisqce</strong></span> <span class='ocrx_word' id='word_1_127' title='bbox 556 1909 701 1989; x_wconf 84' lang='lat' dir='ltr'><strong>Spiritus,</strong></span> <span class='ocrx_word' id='word_1_128' title='bbox 733 1927 807 1988; x_wconf 89' lang='lat' dir='ltr'><strong>quae</strong></span> <span class='ocrx_word' id='word_1_129' title='bbox 834 1928 889 1989; x_wconf 87' lang='lat' dir='ltr'><strong>pro</strong></span> <span class='ocrx_word' id='word_1_130' title='bbox 918 1909 1006 1971; x_wconf 89' lang='lat' dir='ltr'><strong>nobis</strong></span> <span class='ocrx_word' id='word_1_131' title='bbox 1035 1911 1066 1972; x_wconf 88' lang='lat' dir='ltr'><strong>iu</strong></span> <span class='ocrx_word' id='word_1_132' title='bbox 1093 1911 1144 1972; x_wconf 94' lang='lat' dir='ltr'><strong>illo</strong></span> <span class='ocrx_word' id='word_1_133' title='bbox 1167 1913 1373 1991; x_wconf 80' lang='lat' dir='ltr'><strong>peragebatur.</strong></span> 
     </span>
     <span class='ocr_line' id='line_1_15' title="bbox 146 2010 1372 2086; baseline 0.002 -12"><span class='ocrx_word' id='word_1_134' title='bbox 146 2013 209 2074; x_wconf 85' lang='lat' dir='ltr'><strong>Nec</strong></span> <span class='ocrx_word' id='word_1_135' title='bbox 232 2011 310 2072; x_wconf 87' lang='lat' dir='ltr'><strong>enirn</strong></span> <span class='ocrx_word' id='word_1_136' title='bbox 331 2010 422 2072; x_wconf 86' lang='lat' dir='ltr'><strong>dixit:</strong></span> <span class='ocrx_word' id='word_1_137' title='bbox 445 2011 584 2084; x_wconf 85' lang='lat' dir='ltr'><strong>„lder&#39;rro</strong></span> <span class='ocrx_word' id='word_1_138' title='bbox 606 2011 692 2072; x_wconf 80' lang='lat' dir='ltr'><strong>nuxit</strong></span> <span class='ocrx_word' id='word_1_139' title='bbox 715 2017 753 2083; x_wconf 88' lang='lat' dir='ltr'><strong>te,</strong></span> <span class='ocrx_word' id='word_1_140' title='bbox 776 2017 809 2072; x_wconf 92' lang='lat' dir='ltr'><strong>ut</strong></span> <span class='ocrx_word' id='word_1_141' title='bbox 831 2011 919 2072; x_wconf 86' lang='lat' dir='ltr'><strong>lieres</strong></span> <span class='ocrx_word' id='word_1_142' title='bbox 942 2011 1032 2084; x_wconf 86' lang='lat' dir='ltr'><strong>Deus,</strong></span> <span class='ocrx_word' id='word_1_143' title='bbox 1055 2012 1101 2073; x_wconf 86' lang='lat' dir='ltr'><strong>rel</strong></span> <span class='ocrx_word' id='word_1_144' title='bbox 1123 2031 1185 2086; x_wconf 89' lang='lat' dir='ltr'><strong>rex,</strong></span> <span class='ocrx_word' id='word_1_145' title='bbox 1208 2012 1255 2074; x_wconf 86' lang='lat' dir='ltr'><strong>rel</strong></span> <span class='ocrx_word' id='word_1_146' title='bbox 1270 2013 1372 2086; x_wconf 81' lang='lat' dir='ltr'><strong>Pilius,</strong></span> 
     </span>
     <span class='ocr_line' id='line_1_16' title="bbox 147 2111 1372 2193; baseline 0.004 -20"><span class='ocrx_word' id='word_1_147' title='bbox 147 2113 222 2188; x_wconf 87' lang='lat' dir='ltr'><strong>„rel</strong></span> <span class='ocrx_word' id='word_1_148' title='bbox 245 2112 418 2186; x_wconf 84' lang='lat' dir='ltr'><strong>Verbcm;“</strong></span> <span class='ocrx_word' id='word_1_149' title='bbox 447 2112 476 2175; x_wconf 96' lang='lat' dir='ltr'><strong>id</strong></span> <span class='ocrx_word' id='word_1_150' title='bbox 506 2111 584 2174; x_wconf 86' lang='lat' dir='ltr'><strong>enirn</strong></span> <span class='ocrx_word' id='word_1_151' title='bbox 614 2121 699 2174; x_wconf 86' lang='lat' dir='ltr'><strong>antea</strong></span> <span class='ocrx_word' id='word_1_152' title='bbox 722 2120 785 2173; x_wconf 88' lang='lat' dir='ltr'><strong>erat</strong></span> <span class='ocrx_word' id='word_1_153' title='bbox 807 2120 838 2173; x_wconf 86' lang='lat' dir='ltr'><strong>et</strong></span> <span class='ocrx_word' id='word_1_154' title='bbox 859 2129 979 2191; x_wconf 86' lang='lat' dir='ltr'><strong>semper</strong></span> <span class='ocrx_word' id='word_1_155' title='bbox 1001 2120 1063 2180; x_wconf 89' lang='lat' dir='ltr'><strong>est,</strong></span> <span class='ocrx_word' id='word_1_156' title='bbox 1093 2111 1134 2174; x_wconf 88' lang='lat' dir='ltr'><strong>nti</strong></span> <span class='ocrx_word' id='word_1_157' title='bbox 1165 2113 1372 2193; x_wconf 79' lang='lat' dir='ltr'><strong>probavimus3</strong></span> 
     </span>
     <span class='ocr_line' id='line_1_17' title="bbox 144 2213 1371 2294; baseline 0.003 -18"><span class='ocrx_word' id='word_1_158' title='bbox 144 2215 197 2276; x_wconf 88' lang='lat' dir='ltr'><strong>sed</strong></span> <span class='ocrx_word' id='word_1_159' title='bbox 219 2214 337 2294; x_wconf 89' lang='lat' dir='ltr'><strong>potius:</strong></span> <span class='ocrx_word' id='word_1_160' title='bbox 361 2213 458 2288; x_wconf 83' lang='lat' dir='ltr'><strong>„Quia</strong></span> <span class='ocrx_word' id='word_1_161' title='bbox 480 2221 510 2275; x_wconf 88' lang='lat' dir='ltr'><strong>et</strong></span> <span class='ocrx_word' id='word_1_162' title='bbox 523 2215 601 2276; x_wconf 79' lang='lat' dir='ltr'><strong>lleus</strong></span> <span class='ocrx_word' id='word_1_163' title='bbox 620 2221 650 2274; x_wconf 93' lang='lat' dir='ltr'><strong>et</strong></span> <span class='ocrx_word' id='word_1_164' title='bbox 671 2231 722 2275; x_wconf 84' lang='lat' dir='ltr'><strong>rex</strong></span> <span class='ocrx_word' id='word_1_165' title='bbox 745 2231 788 2286; x_wconf 90' lang='lat' dir='ltr'><strong>es,</strong></span> <span class='ocrx_word' id='word_1_166' title='bbox 811 2214 925 2274; x_wconf 81' lang='lat' dir='ltr'><strong>idcirco</strong></span> <span class='ocrx_word' id='word_1_167' title='bbox 940 2221 1046 2274; x_wconf 88' lang='lat' dir='ltr'><strong>unctus</strong></span> <span class='ocrx_word' id='word_1_168' title='bbox 1061 2231 1111 2284; x_wconf 70' lang='lat' dir='ltr'><strong>esr</strong></span> <span class='ocrx_word' id='word_1_169' title='bbox 1133 2215 1371 2294; x_wconf 89' lang='lat' dir='ltr'><strong>quandoquidem</strong></span> 
     </span>
     <span class='ocr_line' id='line_1_18' title="bbox 145 2313 1373 2396; baseline 0.002 -20"><span class='ocrx_word' id='word_1_170' title='bbox 145 2335 263 2389; x_wconf 90' lang='lat' dir='ltr'><strong>„nemo</strong></span> <span class='ocrx_word' id='word_1_171' title='bbox 285 2316 360 2378; x_wconf 88' lang='lat' dir='ltr'><strong>alius</strong></span> <span class='ocrx_word' id='word_1_172' title='bbox 381 2325 498 2396; x_wconf 87' lang='lat' dir='ltr'><strong>poterat</strong></span> <span class='ocrx_word' id='word_1_173' title='bbox 519 2315 670 2378; x_wconf 89' lang='lat' dir='ltr'><strong>bominem</strong></span> <span class='ocrx_word' id='word_1_174' title='bbox 693 2331 760 2374; x_wconf 86' lang='lat' dir='ltr'><strong>cunr</strong></span> <span class='ocrx_word' id='word_1_175' title='bbox 782 2313 895 2392; x_wconf 89' lang='lat' dir='ltr'><strong>Spiritu</strong></span> <span class='ocrx_word' id='word_1_176' title='bbox 928 2323 1030 2375; x_wconf 87' lang='lat' dir='ltr'><strong>saneto</strong></span> <span class='ocrx_word' id='word_1_177' title='bbox 1052 2313 1231 2393; x_wconf 85' lang='lat' dir='ltr'><strong>coniungere</strong></span> <span class='ocrx_word' id='word_1_178' title='bbox 1253 2327 1373 2396; x_wconf 90' lang='lat' dir='ltr'><strong>praeter</strong></span> 
     </span>
     <span class='ocr_line' id='line_1_19' title="bbox 143 2411 1372 2496; baseline -0.002 -16"><span class='ocrx_word' id='word_1_179' title='bbox 143 2427 212 2492; x_wconf 90' lang='lat' dir='ltr'><strong>„te,</strong></span> <span class='ocrx_word' id='word_1_180' title='bbox 235 2417 285 2496; x_wconf 90' lang='lat' dir='ltr'><strong>qai</strong></span> <span class='ocrx_word' id='word_1_181' title='bbox 307 2418 403 2496; x_wconf 89' lang='lat' dir='ltr'><strong>imago</strong></span> <span class='ocrx_word' id='word_1_182' title='bbox 427 2436 460 2480; x_wconf 90' lang='lat' dir='ltr'><strong>es</strong></span> <span class='ocrx_word' id='word_1_183' title='bbox 482 2417 592 2490; x_wconf 87' lang='lat' dir='ltr'><strong>Patris,</strong></span> <span class='ocrx_word' id='word_1_184' title='bbox 614 2415 651 2475; x_wconf 87' lang='lat' dir='ltr'><strong>ad</strong></span> <span class='ocrx_word' id='word_1_185' title='bbox 674 2413 759 2474; x_wconf 86' lang='lat' dir='ltr'><strong>cuius</strong></span> <span class='ocrx_word' id='word_1_186' title='bbox 781 2411 1003 2476; x_wconf 83' lang='lat' dir='ltr'><strong>similitudinem</strong></span> <span class='ocrx_word' id='word_1_187' title='bbox 1024 2431 1081 2476; x_wconf 91' lang='lat' dir='ltr'><strong>nos</strong></span> <span class='ocrx_word' id='word_1_188' title='bbox 1103 2433 1220 2495; x_wconf 90' lang='lat' dir='ltr'><strong>quoque</strong></span> <span class='ocrx_word' id='word_1_189' title='bbox 1235 2416 1271 2478; x_wconf 90' lang='lat' dir='ltr'><strong>ab</strong></span> <span class='ocrx_word' id='word_1_190' title='bbox 1286 2417 1372 2480; x_wconf 91' lang='lat' dir='ltr'><strong>initio</strong></span> 
     </span>
     <span class='ocr_line' id='line_1_20' title="bbox 143 2513 1372 2594; baseline -0.002 -14"><span class='ocrx_word' id='word_1_191' title='bbox 143 2537 277 2592; x_wconf 86' lang='lat' dir='ltr'><strong>„sumus</strong></span> <span class='ocrx_word' id='word_1_192' title='bbox 300 2519 400 2580; x_wconf 87' lang='lat' dir='ltr'><strong>creati.</strong></span> <span class='ocrx_word' id='word_1_193' title='bbox 444 2517 519 2578; x_wconf 89' lang='lat' dir='ltr'><strong>Nam</strong></span> <span class='ocrx_word' id='word_1_194' title='bbox 540 2525 610 2577; x_wconf 89' lang='lat' dir='ltr'><strong>tuus</strong></span> <span class='ocrx_word' id='word_1_195' title='bbox 633 2521 681 2573; x_wconf 85' lang='lat' dir='ltr'><strong>est</strong></span> <span class='ocrx_word' id='word_1_196' title='bbox 702 2513 769 2592; x_wconf 88' lang='lat' dir='ltr'><strong>ipse</strong></span> <span class='ocrx_word' id='word_1_197' title='bbox 789 2513 950 2594; x_wconf 89' lang='lat' dir='ltr'><strong>Spiritus.“</strong></span> <span class='ocrx_word' id='word_1_198' title='bbox 993 2516 1056 2576; x_wconf 85' lang='lat' dir='ltr'><strong>Nee</strong></span> <span class='ocrx_word' id='word_1_199' title='bbox 1069 2516 1148 2577; x_wconf 90' lang='lat' dir='ltr'><strong>euim</strong></span> <span class='ocrx_word' id='word_1_200' title='bbox 1163 2533 1264 2578; x_wconf 86' lang='lat' dir='ltr'><strong>rerum</strong></span> <span class='ocrx_word' id='word_1_201' title='bbox 1281 2518 1372 2578; x_wconf 84' lang='lat' dir='ltr'><strong>lacta-</strong></span> 
     </span>
     <span class='ocr_line' id='line_1_21' title="bbox 141 2615 1375 2698; baseline -0.002 -17"><span class='ocrx_word' id='word_1_202' title='bbox 141 2638 207 2681; x_wconf 88' lang='lat' dir='ltr'><strong>rum</strong></span> <span class='ocrx_word' id='word_1_203' title='bbox 230 2627 336 2680; x_wconf 86' lang='lat' dir='ltr'><strong>natura</strong></span> <span class='ocrx_word' id='word_1_204' title='bbox 358 2619 393 2678; x_wconf 89' lang='lat' dir='ltr'><strong>ad</strong></span> <span class='ocrx_word' id='word_1_205' title='bbox 416 2619 476 2678; x_wconf 91' lang='lat' dir='ltr'><strong>boc</strong></span> <span class='ocrx_word' id='word_1_206' title='bbox 496 2633 606 2676; x_wconf 88' lang='lat' dir='ltr'><strong>munus</strong></span> <span class='ocrx_word' id='word_1_207' title='bbox 630 2621 693 2674; x_wconf 86' lang='lat' dir='ltr'><strong>erat</strong></span> <span class='ocrx_word' id='word_1_208' title='bbox 713 2615 834 2690; x_wconf 87' lang='lat' dir='ltr'><strong>idonea,</strong></span> <span class='ocrx_word' id='word_1_209' title='bbox 865 2635 931 2678; x_wconf 88' lang='lat' dir='ltr'><strong>curn</strong></span> <span class='ocrx_word' id='word_1_210' title='bbox 959 2625 990 2678; x_wconf 86' lang='lat' dir='ltr'><strong>et</strong></span> <span class='ocrx_word' id='word_1_211' title='bbox 1010 2617 1114 2695; x_wconf 79' lang='lat' dir='ltr'><strong>Angeli</strong></span> <span class='ocrx_word' id='word_1_212' title='bbox 1136 2617 1324 2698; x_wconf 83' lang='lat' dir='ltr'><strong>peccaverint</strong></span> <span class='ocrx_word' id='word_1_213' title='bbox 1345 2625 1375 2678; x_wconf 86' lang='lat' dir='ltr'><strong>et</strong></span> 
     </span>
     <span class='ocr_line' id='line_1_22' title="bbox 140 2713 1374 2796; baseline -0.005 -16"><span class='ocrx_word' id='word_1_214' title='bbox 140 2720 282 2780; x_wconf 89' lang='lat' dir='ltr'><strong>homines</strong></span> <span class='ocrx_word' id='word_1_215' title='bbox 304 2717 366 2778; x_wconf 84' lang='lat' dir='ltr'><strong>Deo</strong></span> <span class='ocrx_word' id='word_1_216' title='bbox 388 2733 495 2793; x_wconf 88' lang='lat' dir='ltr'><strong>parere</strong></span> <span class='ocrx_word' id='word_1_217' title='bbox 519 2713 678 2774; x_wconf 88' lang='lat' dir='ltr'><strong>noluerint.</strong></span> <span class='ocrx_word' id='word_1_218' title='bbox 722 2715 909 2796; x_wconf 83' lang='lat' dir='ltr'><strong>Quapropter</strong></span> <span class='ocrx_word' id='word_1_219' title='bbox 930 2717 993 2778; x_wconf 83' lang='lat' dir='ltr'><strong>lieo</strong></span> <span class='ocrx_word' id='word_1_220' title='bbox 1016 2733 1093 2794; x_wconf 87' lang='lat' dir='ltr'><strong>opus</strong></span> <span class='ocrx_word' id='word_1_221' title='bbox 1116 2723 1179 2778; x_wconf 88' lang='lat' dir='ltr'><strong>erat</strong></span> <span class='ocrx_word' id='word_1_222' title='bbox 1205 2715 1297 2788; x_wconf 86' lang='lat' dir='ltr'><strong>(Deus</strong></span> <span class='ocrx_word' id='word_1_223' title='bbox 1319 2733 1374 2775; x_wconf 87' lang='lat' dir='ltr'><strong>au-</strong></span> 
     </span>
     <span class='ocr_line' id='line_1_23' title="bbox 142 2813 1375 2895; baseline -0.004 -16"><span class='ocrx_word' id='word_1_224' title='bbox 142 2829 205 2879; x_wconf 89' lang='lat' dir='ltr'><strong>tem</strong></span> <span class='ocrx_word' id='word_1_225' title='bbox 228 2826 277 2876; x_wconf 86' lang='lat' dir='ltr'><strong>est</strong></span> <span class='ocrx_word' id='word_1_226' title='bbox 297 2815 456 2890; x_wconf 85' lang='lat' dir='ltr'><strong>Verbum),</strong></span> <span class='ocrx_word' id='word_1_227' title='bbox 480 2822 512 2875; x_wconf 88' lang='lat' dir='ltr'><strong>ut</strong></span> <span class='ocrx_word' id='word_1_228' title='bbox 533 2831 587 2874; x_wconf 86' lang='lat' dir='ltr'><strong>eos</strong></span> <span class='ocrx_word' id='word_1_229' title='bbox 609 2813 765 2888; x_wconf 87' lang='lat' dir='ltr'><strong>liberaret,</strong></span> <span class='ocrx_word' id='word_1_230' title='bbox 787 2817 838 2895; x_wconf 90' lang='lat' dir='ltr'><strong>qui</strong></span> <span class='ocrx_word' id='word_1_231' title='bbox 860 2817 930 2894; x_wconf 91' lang='lat' dir='ltr'><strong>iugo</strong></span> <span class='ocrx_word' id='word_1_232' title='bbox 953 2815 1170 2878; x_wconf 88' lang='lat' dir='ltr'><strong>maledictionis</strong></span> <span class='ocrx_word' id='word_1_233' title='bbox 1193 2813 1375 2892; x_wconf 88' lang='lat' dir='ltr'><strong>premeban-</strong></span> 
     </span>
     <span class='ocr_line' id='line_1_24' title="bbox 142 2913 1376 2993; baseline -0.002 -15"><span class='ocrx_word' id='word_1_234' title='bbox 142 2928 204 2978; x_wconf 88' lang='lat' dir='ltr'><strong>tur.</strong></span> <span class='ocrx_word' id='word_1_235' title='bbox 248 2915 350 2992; x_wconf 89' lang='lat' dir='ltr'><strong>ltaque</strong></span> <span class='ocrx_word' id='word_1_236' title='bbox 374 2913 400 2973; x_wconf 90' lang='lat' dir='ltr'><strong>ai</strong></span> <span class='ocrx_word' id='word_1_237' title='bbox 422 2931 458 2974; x_wconf 84' lang='lat' dir='ltr'><strong>ex</strong></span> <span class='ocrx_word' id='word_1_238' title='bbox 479 2913 572 2975; x_wconf 90' lang='lat' dir='ltr'><strong>nibilo</strong></span> <span class='ocrx_word' id='word_1_239' title='bbox 595 2923 692 2988; x_wconf 84' lang='lat' dir='ltr'><strong>esset,</strong></span> <span class='ocrx_word' id='word_1_240' title='bbox 720 2915 786 2993; x_wconf 87' lang='lat' dir='ltr'><strong>ipse</strong></span> <span class='ocrx_word' id='word_1_241' title='bbox 808 2933 869 2976; x_wconf 91' lang='lat' dir='ltr'><strong>non</strong></span> <span class='ocrx_word' id='word_1_242' title='bbox 898 2925 979 2978; x_wconf 81' lang='lat' dir='ltr'><strong>esset</strong></span> <span class='ocrx_word' id='word_1_243' title='bbox 1001 2916 1157 2986; x_wconf 86' lang='lat' dir='ltr'><strong>Christus,</strong></span> <span class='ocrx_word' id='word_1_244' title='bbox 1187 2913 1297 2992; x_wconf 89' lang='lat' dir='ltr'><strong>quippe</strong></span> <span class='ocrx_word' id='word_1_245' title='bbox 1325 2914 1376 2993; x_wconf 91' lang='lat' dir='ltr'><strong>qui</strong></span> 
     </span>
     <span class='ocr_line' id='line_1_25' title="bbox 144 3011 1375 3094; baseline 0 -18"><span class='ocrx_word' id='word_1_246' title='bbox 144 3017 225 3076; x_wconf 90' lang='lat' dir='ltr'><strong>inter</strong></span> <span class='ocrx_word' id='word_1_247' title='bbox 247 3030 297 3073; x_wconf 91' lang='lat' dir='ltr'><strong>res</strong></span> <span class='ocrx_word' id='word_1_248' title='bbox 321 3011 392 3074; x_wconf 88' lang='lat' dir='ltr'><strong>alias</strong></span> <span class='ocrx_word' id='word_1_249' title='bbox 415 3021 528 3075; x_wconf 89' lang='lat' dir='ltr'><strong>creatas</strong></span> <span class='ocrx_word' id='word_1_250' title='bbox 550 3021 580 3074; x_wconf 90' lang='lat' dir='ltr'><strong>et</strong></span> <span class='ocrx_word' id='word_1_251' title='bbox 602 3015 667 3092; x_wconf 85' lang='lat' dir='ltr'><strong>ipse</strong></span> <span class='ocrx_word' id='word_1_252' title='bbox 688 3015 783 3076; x_wconf 84' lang='lat' dir='ltr'><strong>locum</strong></span> <span class='ocrx_word' id='word_1_253' title='bbox 807 3015 931 3076; x_wconf 87' lang='lat' dir='ltr'><strong>baberet</strong></span> <span class='ocrx_word' id='word_1_254' title='bbox 953 3023 984 3076; x_wconf 86' lang='lat' dir='ltr'><strong>et</strong></span> <span class='ocrx_word' id='word_1_255' title='bbox 1011 3021 1095 3074; x_wconf 86' lang='lat' dir='ltr'><strong>esset</strong></span> <span class='ocrx_word' id='word_1_256' title='bbox 1124 3013 1260 3076; x_wconf 86' lang='lat' dir='ltr'><strong>similiter</strong></span> <span class='ocrx_word' id='word_1_257' title='bbox 1281 3015 1375 3094; x_wconf 88' lang='lat' dir='ltr'><strong>parti-</strong></span> 
     </span>
     <span class='ocr_line' id='line_1_26' title="bbox 146 3112 1375 3193; baseline 0.002 -18"><span class='ocrx_word' id='word_1_258' title='bbox 146 3133 229 3193; x_wconf 85' lang='lat' dir='ltr'><strong>ceps.</strong></span> <span class='ocrx_word' id='word_1_259' title='bbox 274 3115 311 3174; x_wconf 81' lang='lat' dir='ltr'><strong>nt</strong></span> <span class='ocrx_word' id='word_1_260' title='bbox 333 3112 399 3192; x_wconf 90' lang='lat' dir='ltr'><strong>quia</strong></span> <span class='ocrx_word' id='word_1_261' title='bbox 422 3112 500 3174; x_wconf 86' lang='lat' dir='ltr'><strong>lleus</strong></span> <span class='ocrx_word' id='word_1_262' title='bbox 523 3123 585 3187; x_wconf 90' lang='lat' dir='ltr'><strong>est,</strong></span> <span class='ocrx_word' id='word_1_263' title='bbox 608 3133 674 3174; x_wconf 89' lang='lat' dir='ltr'><strong>eum</strong></span> <span class='ocrx_word' id='word_1_264' title='bbox 697 3116 737 3176; x_wconf 87' lang='lat' dir='ltr'><strong>sit</strong></span> <span class='ocrx_word' id='word_1_265' title='bbox 757 3115 810 3176; x_wconf 83' lang='lat' dir='ltr'><strong>llei</strong></span> <span class='ocrx_word' id='word_1_266' title='bbox 831 3115 943 3186; x_wconf 82' lang='lat' dir='ltr'><strong>Pilius,</strong></span> <span class='ocrx_word' id='word_1_267' title='bbox 967 3113 1036 3192; x_wconf 90' lang='lat' dir='ltr'><strong>quia</strong></span> <span class='ocrx_word' id='word_1_268' title='bbox 1058 3113 1128 3174; x_wconf 88' lang='lat' dir='ltr'><strong>item</strong></span> <span class='ocrx_word' id='word_1_269' title='bbox 1150 3131 1203 3176; x_wconf 85' lang='lat' dir='ltr'><strong>rex</strong></span> <span class='ocrx_word' id='word_1_270' title='bbox 1225 3124 1272 3176; x_wconf 88' lang='lat' dir='ltr'><strong>est</strong></span> <span class='ocrx_word' id='word_1_271' title='bbox 1292 3135 1375 3178; x_wconf 85' lang='lat' dir='ltr'><strong>sem-</strong></span> 
     </span>
     <span class='ocr_line' id='line_1_27' title="bbox 144 3193 1373 3296; baseline 0.002 -21"><span class='ocrx_word' id='word_1_272' title='bbox 144 3215 300 3296; x_wconf 89' lang='lat' dir='ltr'><strong>piternus,</strong></span> <span class='ocrx_word' id='word_1_273' title='bbox 329 3231 395 3276; x_wconf 89' lang='lat' dir='ltr'><strong>eam</strong></span> <span class='ocrx_word' id='word_1_274' title='bbox 417 3213 456 3275; x_wconf 94' lang='lat' dir='ltr'><strong>sit</strong></span> <span class='ocrx_word' id='word_1_275' title='bbox 477 3215 620 3294; x_wconf 87' lang='lat' dir='ltr'><strong>splendor</strong></span> <span class='ocrx_word' id='word_1_276' title='bbox 642 3223 671 3276; x_wconf 87' lang='lat' dir='ltr'><strong>et</strong></span> <span class='ocrx_word' id='word_1_277' title='bbox 693 3216 785 3294; x_wconf 86' lang='lat' dir='ltr'><strong>ligura</strong></span> <span class='ocrx_word' id='word_1_278' title='bbox 807 3193 922 3287; x_wconf 75' lang='lat' dir='ltr'><strong>Patris,</strong></span> <span class='ocrx_word' id='word_1_279' title='bbox 951 3213 1060 3276; x_wconf 87' lang='lat' dir='ltr'><strong>ideirco</strong></span> <span class='ocrx_word' id='word_1_280' title='bbox 1089 3215 1298 3278; x_wconf 85' lang='lat' dir='ltr'><strong>convenienter</strong></span> <span class='ocrx_word' id='word_1_281' title='bbox 1318 3217 1373 3278; x_wconf 88' lang='lat' dir='ltr'><strong>ad·</strong></span> 
     </span>
     <span class='ocr_line' id='line_1_28' title="bbox 143 3314 1373 3395; baseline 0.001 -18"><span class='ocrx_word' id='word_1_282' title='bbox 143 3315 267 3377; x_wconf 86' lang='lat' dir='ltr'><strong>modurn</strong></span> <span class='ocrx_word' id='word_1_283' title='bbox 296 3315 361 3394; x_wconf 86' lang='lat' dir='ltr'><strong>ipse</strong></span> <span class='ocrx_word' id='word_1_284' title='bbox 394 3323 440 3376; x_wconf 87' lang='lat' dir='ltr'><strong>est</strong></span> <span class='ocrx_word' id='word_1_285' title='bbox 468 3315 517 3394; x_wconf 91' lang='lat' dir='ltr'><strong>qui</strong></span> <span class='ocrx_word' id='word_1_286' title='bbox 545 3314 772 3394; x_wconf 85' lang='lat' dir='ltr'><strong>exspectabatur</strong></span> <span class='ocrx_word' id='word_1_287' title='bbox 793 3315 946 3388; x_wconf 83' lang='lat' dir='ltr'><strong>Christus,</strong></span> <span class='ocrx_word' id='word_1_288' title='bbox 980 3333 1066 3395; x_wconf 89' lang='lat' dir='ltr'><strong>quern</strong></span> <span class='ocrx_word' id='word_1_289' title='bbox 1088 3315 1176 3377; x_wconf 89' lang='lat' dir='ltr'><strong>Pater</strong></span> <span class='ocrx_word' id='word_1_290' title='bbox 1202 3315 1373 3380; x_wconf 89' lang='lat' dir='ltr'><strong>bominibus</strong></span> 
     </span>
     <span class='ocr_line' id='line_1_29' title="bbox 144 3415 1459 3496; baseline 0.002 -20"><span class='ocrx_word' id='word_1_291' title='bbox 144 3415 381 3495; x_wconf 84' lang='lat' dir='ltr'><strong>praenunciavit,</strong></span> <span class='ocrx_word' id='word_1_292' title='bbox 404 3433 470 3477; x_wconf 89' lang='lat' dir='ltr'><strong>cnm</strong></span> <span class='ocrx_word' id='word_1_293' title='bbox 493 3433 560 3476; x_wconf 90' lang='lat' dir='ltr'><strong>enm</strong></span> <span class='ocrx_word' id='word_1_294' title='bbox 584 3416 694 3478; x_wconf 82' lang='lat' dir='ltr'><strong>sanetis</strong></span> <span class='ocrx_word' id='word_1_295' title='bbox 718 3416 783 3477; x_wconf 87' lang='lat' dir='ltr'><strong>suis</strong></span> <span class='ocrx_word' id='word_1_296' title='bbox 805 3416 963 3494; x_wconf 86' lang='lat' dir='ltr'><strong>Prophetis</strong></span> <span class='ocrx_word' id='word_1_297' title='bbox 985 3416 1142 3490; x_wconf 85' lang='lat' dir='ltr'><strong>revelaret,</strong></span> <span class='ocrx_word' id='word_1_298' title='bbox 1174 3425 1206 3478; x_wconf 91' lang='lat' dir='ltr'><strong>ut</strong></span> <span class='ocrx_word' id='word_1_299' title='bbox 1227 3417 1459 3496; x_wconf 65' lang='lat' dir='ltr'><strong>quemad-resi.</strong></span> 
     </span>
     <span class='ocr_line' id='line_1_30' title="bbox 143 3517 1375 3598; baseline 0 -20"><span class='ocrx_word' id='word_1_300' title='bbox 143 3517 264 3578; x_wconf 90' lang='lat' dir='ltr'><strong>modum</strong></span> <span class='ocrx_word' id='word_1_301' title='bbox 285 3535 342 3596; x_wconf 86' lang='lat' dir='ltr'><strong>per</strong></span> <span class='ocrx_word' id='word_1_302' title='bbox 369 3517 466 3595; x_wconf 87' lang='lat' dir='ltr'><strong>ipsum</strong></span> <span class='ocrx_word' id='word_1_303' title='bbox 490 3517 557 3578; x_wconf 86' lang='lat' dir='ltr'><strong>laeti</strong></span> <span class='ocrx_word' id='word_1_304' title='bbox 580 3518 705 3592; x_wconf 88' lang='lat' dir='ltr'><strong>luimus,</strong></span> <span class='ocrx_word' id='word_1_305' title='bbox 738 3517 777 3580; x_wconf 91' lang='lat' dir='ltr'><strong>ita</strong></span> <span class='ocrx_word' id='word_1_306' title='bbox 806 3518 938 3580; x_wconf 88' lang='lat' dir='ltr'><strong>omniurn</strong></span> <span class='ocrx_word' id='word_1_307' title='bbox 964 3527 1152 3598; x_wconf 87' lang='lat' dir='ltr'><strong>peccatorum</strong></span> <span class='ocrx_word' id='word_1_308' title='bbox 1175 3517 1319 3580; x_wconf 83' lang='lat' dir='ltr'><strong>redemtio</strong></span> <span class='ocrx_word' id='word_1_309' title='bbox 1343 3518 1375 3578; x_wconf 93' lang='lat' dir='ltr'><strong>in</strong></span> 
     </span>
     <span class='ocr_line' id='line_1_31' title="bbox 145 3617 1374 3701; baseline 0 -23"><span class='ocrx_word' id='word_1_310' title='bbox 145 3635 181 3678; x_wconf 92' lang='lat' dir='ltr'><strong>eo</strong></span> <span class='ocrx_word' id='word_1_311' title='bbox 203 3619 298 3692; x_wconf 88' lang='lat' dir='ltr'><strong>lieret,</strong></span> <span class='ocrx_word' id='word_1_312' title='bbox 321 3619 478 3697; x_wconf 86' lang='lat' dir='ltr'><strong>omniaque</strong></span> <span class='ocrx_word' id='word_1_313' title='bbox 502 3617 567 3680; x_wconf 86' lang='lat' dir='ltr'><strong>eina</strong></span> <span class='ocrx_word' id='word_1_314' title='bbox 589 3617 787 3682; x_wconf 87' lang='lat' dir='ltr'><strong>subderentur</strong></span> <span class='ocrx_word' id='word_1_315' title='bbox 808 3618 945 3701; x_wconf 88' lang='lat' dir='ltr'><strong>irnperio.</strong></span> <span class='ocrx_word' id='word_1_316' title='bbox 988 3619 1068 3682; x_wconf 85' lang='lat' dir='ltr'><strong>Haec</strong></span> <span class='ocrx_word' id='word_1_317' title='bbox 1082 3636 1172 3682; x_wconf 87' lang='lat' dir='ltr'><strong>causa</strong></span> <span class='ocrx_word' id='word_1_318' title='bbox 1195 3627 1252 3691; x_wconf 87' lang='lat' dir='ltr'><strong>est,</strong></span> <span class='ocrx_word' id='word_1_319' title='bbox 1275 3635 1328 3680; x_wconf 86' lang='lat' dir='ltr'><strong>cur</strong></span> <span class='ocrx_word' id='word_1_320' title='bbox 1342 3617 1374 3679; x_wconf 89' lang='lat' dir='ltr'><strong>ia</strong></span> 
     </span>
    </p>
   </div>
   <div class='ocr_carea' id='block_1_5' title="bbox 144 3793 1378 4472">
    <p class='ocr_par' dir='ltr' id='par_1_5' title="bbox 144 3793 1377 4327">
     <span class='ocr_line' id='line_1_32' title="bbox 145 3793 1376 3870; baseline 0.001 -22"><span class='ocrx_word' id='word_1_321' title='bbox 145 3793 243 3848; x_wconf 65' lang='grc' dir='ltr'><strong>ἑαυτὸν</strong></span> <span class='ocrx_word' id='word_1_322' title='bbox 260 3793 380 3865; x_wconf 74' lang='grc' dir='ltr'><strong>ἁγιάζει,</strong></span> <span class='ocrx_word' id='word_1_323' title='bbox 404 3793 436 3850; x_wconf 74' lang='lat' dir='ltr'><strong>‘lv&#39;</strong></span> <span class='ocrx_word' id='word_1_324' title='bbox 457 3796 533 3868; x_wconf 71' lang='grc' dir='ltr'><strong><em>ἡμεῖς</em></strong></span> <span class='ocrx_word' id='word_1_325' title='bbox 550 3797 731 3870; x_wconf 76' lang='grc' dir='ltr'>ἇγιασθῶμεν</span> <span class='ocrx_word' id='word_1_326' title='bbox 790 3807 833 3854; x_wconf 78' lang='lat' dir='ltr'><strong>0l.</strong></span> <span class='ocrx_word' id='word_1_327' title='bbox 852 3807 893 3856; x_wconf 85' lang='lat' dir='ltr'><strong>Sic</strong></span> <span class='ocrx_word' id='word_1_328' title='bbox 905 3803 1108 3865; x_wconf 69' lang='lat' dir='ltr'><strong>Sequenetlleg.</strong></span> <span class='ocrx_word' id='word_1_329' title='bbox 1144 3801 1171 3851; x_wconf 91' lang='lat' dir='ltr'><strong>lu</strong></span> <span class='ocrx_word' id='word_1_330' title='bbox 1190 3799 1244 3850; x_wconf 83' lang='lat' dir='ltr'><strong>aliie</strong></span> <span class='ocrx_word' id='word_1_331' title='bbox 1263 3809 1286 3850; x_wconf 87' lang='lat' dir='ltr'><strong>et</strong></span> <span class='ocrx_word' id='word_1_332' title='bbox 1304 3800 1376 3850; x_wconf 77' lang='lat' dir='ltr'><strong>editis</strong></span> 
     </span>
     <span class='ocr_line' id='line_1_33' title="bbox 145 3859 1376 3932; baseline 0 -18"><span class='ocrx_word' id='word_1_333' title='bbox 145 3861 175 3914; x_wconf 72' lang='grc' dir='ltr'><strong>ἐν</strong></span> <span class='ocrx_word' id='word_1_334' title='bbox 202 3859 276 3932; x_wconf 72' lang='grc' dir='ltr'><strong>αὐτῷ</strong></span> <span class='ocrx_word' id='word_1_335' title='bbox 302 3871 505 3931; x_wconf 83' lang='lat' dir='ltr'><strong>babentSegoer.</strong></span> <span class='ocrx_word' id='word_1_336' title='bbox 525 3873 614 3930; x_wconf 78' lang='lat' dir='ltr'><strong>¹lnglrc.</strong></span> <span class='ocrx_word' id='word_1_337' title='bbox 633 3873 731 3922; x_wconf 81' lang='lat' dir='ltr'><strong>Gobler.</strong></span> <span class='ocrx_word' id='word_1_338' title='bbox 782 3867 829 3918; x_wconf 82' lang='lat' dir='ltr'><strong>arui</strong></span> <span class='ocrx_word' id='word_1_339' title='bbox 846 3873 922 3920; x_wconf 80' lang='lat' dir='ltr'><strong>deest</strong></span> <span class='ocrx_word' id='word_1_340' title='bbox 959 3871 1033 3918; x_wconf 89' lang='lat' dir='ltr'><strong>Paulo</strong></span> <span class='ocrx_word' id='word_1_341' title='bbox 1053 3876 1109 3930; x_wconf 81' lang='lat' dir='ltr'><strong>poet</strong></span> <span class='ocrx_word' id='word_1_342' title='bbox 1127 3867 1264 3916; x_wconf 70' lang='lat' dir='ltr'><strong>toreuma.</strong></span> <span class='ocrx_word' id='word_1_343' title='bbox 1281 3879 1376 3931; x_wconf 77' lang='lat' dir='ltr'><strong>7qu-</strong></span> 
     </span>
     <span class='ocr_line' id='line_1_34' title="bbox 145 3934 1376 4001; baseline 0.002 -19"><span class='ocrx_word' id='word_1_344' title='bbox 145 3942 169 3984; x_wconf 86' lang='lat' dir='ltr'><strong>et</strong></span> <span class='ocrx_word' id='word_1_345' title='bbox 187 3935 290 3984; x_wconf 76' lang='lat' dir='ltr'><strong>aereum.</strong></span> <span class='ocrx_word' id='word_1_346' title='bbox 311 3937 332 3986; x_wconf 91' lang='lat' dir='ltr'><strong>l.</strong></span> <span class='ocrx_word' id='word_1_347' title='bbox 353 3936 628 4001; x_wconf 74' lang='lat' dir='ltr'><strong>legeratquellannins;</strong></span> <span class='ocrx_word' id='word_1_348' title='bbox 646 3938 735 3988; x_wconf 83' lang='lat' dir='ltr'><strong>derunt</strong></span> <span class='ocrx_word' id='word_1_349' title='bbox 785 3935 849 3984; x_wconf 75' lang='grc' dir='ltr'><em>τῶν.</em></span> <span class='ocrx_word' id='word_1_350' title='bbox 886 3936 945 3984; x_wconf 90' lang='lat' dir='ltr'><strong>lbid.</strong></span> <span class='ocrx_word' id='word_1_351' title='bbox 971 3936 1070 3996; x_wconf 79' lang='lat' dir='ltr'><strong>Segner.</strong></span> <span class='ocrx_word' id='word_1_352' title='bbox 1097 3934 1215 3990; x_wconf 68' lang='lat' dir='ltr'><strong>inplicari.</strong></span> <span class='ocrx_word' id='word_1_353' title='bbox 1236 3935 1333 3986; x_wconf 82' lang='lat' dir='ltr'><strong>Gobler.</strong></span> <span class='ocrx_word' id='word_1_354' title='bbox 1352 3941 1376 3985; x_wconf 86' lang='lat' dir='ltr'><strong>ot</strong></span> 
     </span>
     <span class='ocr_line' id='line_1_35' title="bbox 146 3987 1377 4063; baseline 0.002 -14"><span class='ocrx_word' id='word_1_355' title='bbox 146 4000 462 4060; x_wconf 74' lang='lat' dir='ltr'><strong>ioeeteriarteditis.,lbid</strong></span> <span class='ocrx_word' id='word_1_356' title='bbox 482 4004 734 4063; x_wconf 73' lang='lat' dir='ltr'><strong>Sequorltrgltasit.</strong></span> <span class='ocrx_word' id='word_1_357' title='bbox 786 4003 882 4052; x_wconf 77' lang='lat' dir='ltr'><strong>Felelrn</strong></span> <span class='ocrx_word' id='word_1_358' title='bbox 913 4002 934 4049; x_wconf 86' lang='lat' dir='ltr'><strong>l.</strong></span> <span class='ocrx_word' id='word_1_359' title='bbox 955 3992 1003 4048; x_wconf 69' lang='lat' dir='ltr'><strong>ota</strong></span> <span class='ocrx_word' id='word_1_360' title='bbox 1021 3987 1054 4058; x_wconf 75' lang='grc' dir='ltr'><strong>ἢν</strong></span> <span class='ocrx_word' id='word_1_361' title='bbox 1072 3991 1235 4056; x_wconf 73' lang='grc' dir='ltr'><strong>ἀξιόπιστος.</strong></span> <span class='ocrx_word' id='word_1_362' title='bbox 1263 4002 1377 4052; x_wconf 83' lang='lat' dir='ltr'><strong>Ceteriet</strong></span> 
     </span>
     <span class='ocr_line' id='line_1_36' title="bbox 145 4058 1187 4134; baseline 0.001 -18"><span class='ocrx_word' id='word_1_363' title='bbox 145 4067 235 4129; x_wconf 69' lang='lat' dir='ltr'><strong>anglie.</strong></span> <span class='ocrx_word' id='word_1_364' title='bbox 262 4077 283 4118; x_wconf 84' lang='lat' dir='ltr'><strong>et</strong></span> <span class='ocrx_word' id='word_1_365' title='bbox 304 4071 407 4120; x_wconf 66' lang='lat' dir='ltr'><strong>aarum.</strong></span> <span class='ocrx_word' id='word_1_366' title='bbox 423 4071 446 4120; x_wconf 85' lang='lat'><strong>5.</strong></span> <span class='ocrx_word' id='word_1_367' title='bbox 465 4069 652 4134; x_wconf 72' lang='grc' dir='ltr'><strong>προςκεῖσθαι</strong></span> <span class='ocrx_word' id='word_1_368' title='bbox 690 4069 736 4120; x_wconf 83' lang='lat' dir='ltr'><strong>llil</strong></span> <span class='ocrx_word' id='word_1_369' title='bbox 788 4069 844 4118; x_wconf 81' lang='lat' dir='ltr'><strong>editi</strong></span> <span class='ocrx_word' id='word_1_370' title='bbox 864 4058 912 4116; x_wconf 72' lang='lat' dir='ltr'><strong>oda</strong></span> <span class='ocrx_word' id='word_1_371' title='bbox 929 4059 1006 4115; x_wconf 75' lang='grc' dir='ltr'><strong><em>ἔστιν</em></strong></span> <span class='ocrx_word' id='word_1_372' title='bbox 1023 4059 1187 4123; x_wconf 73' lang='grc' dir='ltr'><strong>ἀξιόπιστος.</strong></span> 
     </span>
     <span class='ocr_line' id='line_1_37' title="bbox 144 4119 1376 4212; baseline 0.003 -30"><span class='ocrx_word' id='word_1_373' title='bbox 144 4144 168 4184; x_wconf 88' lang='lat' dir='ltr'><strong>et</strong></span> <span class='ocrx_word' id='word_1_374' title='bbox 186 4137 243 4186; x_wconf 82' lang='lat' dir='ltr'><strong>editi</strong></span> <span class='ocrx_word' id='word_1_375' title='bbox 261 4138 431 4201; x_wconf 70' lang='lat' dir='ltr'><strong>aperturam.</strong></span> <span class='ocrx_word' id='word_1_376' title='bbox 465 4139 516 4186; x_wconf 83' lang='lat' dir='ltr'><strong>llox</strong></span> <span class='ocrx_word' id='word_1_377' title='bbox 534 4141 634 4200; x_wconf 72' lang='lat' dir='ltr'><strong>Sequor.</strong></span> <span class='ocrx_word' id='word_1_378' title='bbox 646 4137 735 4198; x_wconf 84' lang='lat' dir='ltr'><strong>ellleg.</strong></span> <span class='ocrx_word' id='word_1_379' title='bbox 820 4151 842 4212; x_wconf 70' lang='lat' dir='ltr'><strong>g.</strong></span> <span class='ocrx_word' id='word_1_380' title='bbox 861 4139 961 4196; x_wconf 75' lang='lat' dir='ltr'><strong>segcer.</strong></span> <span class='ocrx_word' id='word_1_381' title='bbox 979 4119 1017 4187; x_wconf 76' lang='lat' dir='ltr'><strong>alr</strong></span> <span class='ocrx_word' id='word_1_382' title='bbox 1032 4133 1090 4182; x_wconf 73' lang='lat' dir='ltr'><strong>redu</strong></span> <span class='ocrx_word' id='word_1_383' title='bbox 1105 4129 1225 4186; x_wconf 73' lang='lat' dir='ltr'><strong>adnuo.</strong></span> <span class='ocrx_word' id='word_1_384' title='bbox 1249 4136 1301 4185; x_wconf 84' lang='lat' dir='ltr'><strong>llox</strong></span> <span class='ocrx_word' id='word_1_385' title='bbox 1313 4135 1376 4186; x_wconf 84' lang='lat' dir='ltr'><strong>idem</strong></span> 
     </span>
     <span class='ocr_line' id='line_1_38' title="bbox 144 4193 1375 4258; baseline 0.004 -6"><span class='ocrx_word' id='word_1_386' title='bbox 144 4195 217 4256; x_wconf 78' lang='grc' dir='ltr'><strong><em>θιός,</em></strong></span> <span class='ocrx_word' id='word_1_387' title='bbox 238 4194 253 4249; x_wconf 77' lang='grc' dir='ltr'><strong><em>ὃ</em></strong></span> <span class='ocrx_word' id='word_1_388' title='bbox 272 4197 335 4256; x_wconf 75' lang='lat' dir='ltr'><strong>bso&#39;r</strong></span> <span class='ocrx_word' id='word_1_389' title='bbox 353 4218 411 4255; x_wconf 85' lang='lat' dir='ltr'><strong>oon.</strong></span> <span class='ocrx_word' id='word_1_390' title='bbox 436 4206 463 4254; x_wconf 93' lang='lat' dir='ltr'><strong>ln</strong></span> <span class='ocrx_word' id='word_1_391' title='bbox 481 4205 537 4254; x_wconf 82' lang='lat' dir='ltr'><strong>aliis</strong></span> <span class='ocrx_word' id='word_1_392' title='bbox 556 4205 737 4256; x_wconf 81' lang='lat' dir='ltr'><strong>eleditisderst</strong></span> <span class='ocrx_word' id='word_1_393' title='bbox 787 4193 936 4258; x_wconf 71' lang='lat' dir='ltr'><strong>orostrae,</strong></span> <span class='ocrx_word' id='word_1_394' title='bbox 955 4201 1023 4252; x_wconf 66' lang='lat'><strong>³⁶⁰5</strong></span> <span class='ocrx_word' id='word_1_395' title='bbox 1040 4193 1098 4256; x_wconf 69' lang='lat' dir='ltr'><strong>vlle</strong></span> <span class='ocrx_word' id='word_1_396' title='bbox 1115 4195 1162 4254; x_wconf 71' lang='grc' dir='ltr'><strong>ὧν.</strong></span> <span class='ocrx_word' id='word_1_397' title='bbox 1196 4203 1260 4254; x_wconf 81' lang='lat' dir='ltr'><strong>Editl</strong></span> <span class='ocrx_word' id='word_1_398' title='bbox 1285 4211 1309 4252; x_wconf 78' lang='lat' dir='ltr'><strong>el</strong></span> <span class='ocrx_word' id='word_1_399' title='bbox 1335 4203 1375 4252; x_wconf 75' lang='lat' dir='ltr'><strong>alii</strong></span> 
     </span>
     <span class='ocr_line' id='line_1_39' title="bbox 146 4259 1181 4327; baseline 0.004 -13"><span class='ocrx_word' id='word_1_400' title='bbox 146 4259 243 4323; x_wconf 66' lang='lat' dir='ltr'><strong>dordr</strong></span> <span class='ocrx_word' id='word_1_401' title='bbox 262 4283 320 4320; x_wconf 85' lang='lat' dir='ltr'><strong>ooo.</strong></span> <span class='ocrx_word' id='word_1_402' title='bbox 786 4264 852 4326; x_wconf 73' lang='grc' dir='ltr'><strong><em>θεός</em></strong></span> <span class='ocrx_word' id='word_1_403' title='bbox 868 4264 937 4327; x_wconf 76' lang='lat' dir='ltr'><strong>loro,</strong></span> <span class='ocrx_word' id='word_1_404' title='bbox 955 4265 1001 4320; x_wconf 79' lang='lat' dir='ltr'><strong>aui</strong></span> <span class='ocrx_word' id='word_1_405' title='bbox 1018 4269 1085 4320; x_wconf 77' lang='lat' dir='ltr'><strong>orco</strong></span> <span class='ocrx_word' id='word_1_406' title='bbox 1103 4281 1149 4322; x_wconf 88' lang='lat' dir='ltr'><strong>ete.</strong></span> <span class='ocrx_word' id='word_1_407' title='bbox 1174 4300 1181 4318; x_wconf 82' lang='lat'><strong>.</strong></span> 
     </span>
    </p>

    <p class='ocr_par' dir='ltr' id='par_1_6' title="bbox 177 4330 1378 4472">
     <span class='ocr_line' id='line_1_40' title="bbox 177 4330 1378 4403; baseline 0.002 -16"><span class='ocrx_word' id='word_1_408' title='bbox 177 4339 200 4387; x_wconf 92' lang='lat' dir='ltr'><strong>d.</strong></span> <span class='ocrx_word' id='word_1_409' title='bbox 220 4339 317 4388; x_wconf 84' lang='lat' dir='ltr'><strong>Gobler.</strong></span> <span class='ocrx_word' id='word_1_410' title='bbox 337 4347 361 4388; x_wconf 85' lang='lat' dir='ltr'><strong>et</strong></span> <span class='ocrx_word' id='word_1_411' title='bbox 378 4339 482 4390; x_wconf 74' lang='lat' dir='ltr'><strong>Peleius.</strong></span> <span class='ocrx_word' id='word_1_412' title='bbox 505 4339 527 4389; x_wconf 88' lang='lat'><strong>1.</strong></span> <span class='ocrx_word' id='word_1_413' title='bbox 545 4330 695 4403; x_wconf 69' lang='grc' dir='ltr'><strong>κᾷνταῦθα.</strong></span> <span class='ocrx_word' id='word_1_414' title='bbox 822 4338 844 4388; x_wconf 89' lang='lat' dir='ltr'><strong>b.</strong></span> <span class='ocrx_word' id='word_1_415' title='bbox 863 4341 963 4402; x_wconf 84' lang='lat' dir='ltr'><strong>Segner.</strong></span> <span class='ocrx_word' id='word_1_416' title='bbox 981 4341 1073 4402; x_wconf 79' lang='lat' dir='ltr'><strong>luglie.</strong></span> <span class='ocrx_word' id='word_1_417' title='bbox 1092 4339 1190 4390; x_wconf 84' lang='lat' dir='ltr'><strong>Gobler.</strong></span> <span class='ocrx_word' id='word_1_418' title='bbox 1203 4336 1340 4387; x_wconf 80' lang='lat' dir='ltr'><strong>etl&#39;elrlnr.</strong></span> <span class='ocrx_word' id='word_1_419' title='bbox 1353 4337 1378 4390; x_wconf 88' lang='lat' dir='ltr'><strong>l.</strong></span> 
     </span>
     <span class='ocr_line' id='line_1_41' title="bbox 179 4399 1376 4472; baseline 0.002 -20"><span class='ocrx_word' id='word_1_420' title='bbox 179 4419 199 4452; x_wconf 83' lang='lat' dir='ltr'><strong>e.</strong></span> <span class='ocrx_word' id='word_1_421' title='bbox 224 4405 265 4455; x_wconf 85' lang='lat' dir='ltr'><strong>Sic</strong></span> <span class='ocrx_word' id='word_1_422' title='bbox 289 4408 382 4468; x_wconf 73' lang='lat' dir='ltr'><strong>Saguer</strong></span> <span class='ocrx_word' id='word_1_423' title='bbox 414 4415 437 4456; x_wconf 84' lang='lat' dir='ltr'><strong>et</strong></span> <span class='ocrx_word' id='word_1_424' title='bbox 455 4407 511 4470; x_wconf 70' lang='lat' dir='ltr'><strong>ling.</strong></span> <span class='ocrx_word' id='word_1_425' title='bbox 548 4412 576 4458; x_wconf 81' lang='lat' dir='ltr'><strong>lt</strong></span> <span class='ocrx_word' id='word_1_426' title='bbox 594 4409 692 4460; x_wconf 84' lang='lat' dir='ltr'><strong>Gobler.</strong></span> <span class='ocrx_word' id='word_1_427' title='bbox 711 4415 735 4458; x_wconf 85' lang='lat' dir='ltr'><strong>et</strong></span> <span class='ocrx_word' id='word_1_428' title='bbox 781 4399 905 4472; x_wconf 73' lang='grc' dir='ltr'><strong>χριστός.</strong></span> <span class='ocrx_word' id='word_1_429' title='bbox 941 4408 984 4458; x_wconf 80' lang='lat' dir='ltr'><strong>llii</strong></span> <span class='ocrx_word' id='word_1_430' title='bbox 1011 4417 1034 4456; x_wconf 84' lang='lat' dir='ltr'><strong>et</strong></span> <span class='ocrx_word' id='word_1_431' title='bbox 1052 4400 1226 4470; x_wconf 74' lang='lat' dir='ltr'><strong>editiadpror.</strong></span> <span class='ocrx_word' id='word_1_432' title='bbox 1261 4404 1312 4454; x_wconf 82' lang='lat' dir='ltr'><strong>llox</strong></span> <span class='ocrx_word' id='word_1_433' title='bbox 1330 4406 1376 4454; x_wconf 83' lang='lat' dir='ltr'><strong>Se·</strong></span> 
     </span>
    </p>
   </div>
   <div class='ocr_carea' id='block_1_6' title="bbox 36 4464 1376 4594">
    <p class='ocr_par' dir='ltr' id='par_1_7' title="bbox 36 4464 1376 4594">
     <span class='ocr_line' id='line_1_42' title="bbox 36 4464 1376 4540; baseline 0.002 -21"><span class='ocrx_word' id='word_1_434' title='bbox 36 4497 37 4512; x_wconf 79' lang='lat'><strong>.</strong></span> <span class='ocrx_word' id='word_1_435' title='bbox 146 4471 248 4522; x_wconf 81' lang='lat' dir='ltr'><strong>Pelctro.</strong></span> <span class='ocrx_word' id='word_1_436' title='bbox 263 4473 284 4521; x_wconf 92' lang='lat' dir='ltr'><strong>l.</strong></span> <span class='ocrx_word' id='word_1_437' title='bbox 304 4468 369 4528; x_wconf 73' lang='grc' dir='ltr'><strong>θεὸς</strong></span> <span class='ocrx_word' id='word_1_438' title='bbox 386 4465 404 4535; x_wconf 78' lang='lat' dir='ltr'><strong>r&#39;r&#39;</strong></span> <span class='ocrx_word' id='word_1_439' title='bbox 420 4489 465 4540; x_wconf 91' lang='lat' dir='ltr'><strong>pro</strong></span> <span class='ocrx_word' id='word_1_440' title='bbox 483 4469 549 4529; x_wconf 70' lang='grc' dir='ltr'><strong>θεὸς</strong></span> <span class='ocrx_word' id='word_1_441' title='bbox 565 4464 597 4526; x_wconf 78' lang='lat' dir='ltr'><strong>al.</strong></span> <span class='ocrx_word' id='word_1_442' title='bbox 634 4475 735 4526; x_wconf 70' lang='lat' dir='ltr'><strong>ilditlat</strong></span> <span class='ocrx_word' id='word_1_443' title='bbox 786 4477 892 4536; x_wconf 77' lang='lat' dir='ltr'><strong>guerino.</strong></span> <span class='ocrx_word' id='word_1_444' title='bbox 913 4466 1084 4539; x_wconf 72' lang='grc' dir='ltr'><strong>ἀπαγγέλλει,</strong></span> <span class='ocrx_word' id='word_1_445' title='bbox 1106 4482 1131 4521; x_wconf 85' lang='grc' dir='ltr'><strong>ιιι</strong></span> <span class='ocrx_word' id='word_1_446' title='bbox 1148 4471 1291 4522; x_wconf 83' lang='lat' dir='ltr'><strong>etllanninr</strong></span> <span class='ocrx_word' id='word_1_447' title='bbox 1310 4471 1376 4533; x_wconf 86' lang='lat' dir='ltr'><strong>legit.</strong></span> 
     </span>
     <span class='ocr_line' id='line_1_43' title="bbox 37 4527 1148 4594; baseline -0.002 -5"><span class='ocrx_word' id='word_1_448' title='bbox 37 4531 38 4548; x_wconf 59' lang='lat'>¹</span> <span class='ocrx_word' id='word_1_449' title='bbox 145 4537 185 4589; x_wconf 82' lang='lat' dir='ltr'><strong>alii</strong></span> <span class='ocrx_word' id='word_1_450' title='bbox 203 4527 227 4586; x_wconf 80' lang='lat' dir='ltr'><strong>el</strong></span> <span class='ocrx_word' id='word_1_451' title='bbox 244 4545 365 4594; x_wconf 85' lang='lat' dir='ltr'><strong>omittunt</strong></span> <span class='ocrx_word' id='word_1_452' title='bbox 786 4541 866 4593; x_wconf 78' lang='lat' dir='ltr'><strong>Ceteri</strong></span> <span class='ocrx_word' id='word_1_453' title='bbox 885 4549 908 4592; x_wconf 82' lang='lat' dir='ltr'><strong>rt</strong></span> <span class='ocrx_word' id='word_1_454' title='bbox 926 4543 983 4593; x_wconf 85' lang='lat' dir='ltr'><strong>editi</strong></span> <span class='ocrx_word' id='word_1_455' title='bbox 1001 4533 1148 4590; x_wconf 69' lang='lat' dir='ltr'><strong>tataros.</strong></span> 
     </span>
    </p>
   </div>
   <div class='ocr_carea' id='block_1_7' title="bbox 0 0 1644 5276">
    <p class='ocr_par' dir='ltr' id='par_1_8' title="bbox 0 0 1644 5276">
     <span class='ocr_line' id='line_1_44' title="bbox 0 0 1644 5276; baseline 0 0"><span class='ocrx_word' id='word_1_456' title='bbox 0 0 1644 5276; x_wconf 95' lang='lat' dir='ltr'><strong> </strong></span> 
     </span>
    </p>
   </div>
  </div>
 </body>
</html>
