3054 5236
439 362 555 414 course
565 365 788 410 nromrnanrurr
803 369 890 412 amsa
904 369 925 414 r.
1227 357 1289 422 867

30 518 245 587 equantur,
273 528 344 572 uum
372 509 403 573 iu
426 510 546 574 Petrum
574 515 739 594 praeceptis
768 515 920 590 incedant,
952 535 1023 580 num
1040 519 1215 584 manifestas
1237 523 1373 586 beiram.

29 629 131 672 occs
166 629 241 674 non
264 611 440 690 despiciant,
462 625 495 674 ut
517 631 552 674 er
574 615 758 694 propheticis
774 617 964 691 testimoniis,
987 621 1216 699 exetposlolicis
1232 623 1288 684 do-

29 712 209 774 umentis
241 721 271 774 et
297 730 335 774 ex
358 713 504 792 operibus
532 715 699 778 abomino
730 716 892 795 designatis
921 719 1053 798 veritatis
1082 722 1232 784 coolessio
1260 731 1290 804 et

29 813 164 875 rroris
194 807 363 878 confutatio
386 816 596 895 subsequatur.
640 817 830 895 Respondete
851 816 956 896 igitur,
985 830 1122 882 auctores
1143 801 1288 884 noriss-

28 915 188 978 :undum
215 937 271 980 ros
294 917 460 997 Evangelii,
482 935 549 979 cum
571 916 650 980 aliud
672 936 817 996 nusquam
841 919 883 980 sil
902 919 1107 1001 Evangelium:
1136 921 1288 988 Undenam
1390 899 1403 928 Ν

28 1015 128 1077 'obis
167 1017 377 1098 praedicatum
408 1025 470 1092 est,
498 1035 617 1080 manem
646 1018 810 1082 increatam
833 1038 901 1082 esse
923 1021 1094 1096 dicendam,
1120 1023 1373 1088 inurentem.

27 1119 204 1180 leitatem
228 1119 318 1184 Verbi
339 1121 369 1181 in
392 1138 511 1184 caruem
533 1120 675 1200 dilapsam
698 1129 728 1181 et
748 1127 890 1182 inunum
905 1122 1000 1184 luisse
1014 1124 1286 1200 comminiscamini,

27 1228 81 1280 rut
111 1223 342 1284 oeconomiam
364 1221 526 1302 passionis,
547 1222 654 1284 mortis
677 1231 707 1283 et
728 1222 957 1286 resurrectionis
975 1241 1087 1288 meram
1101 1227 1287 1306 phantasiam

27 1321 265 1386 existimetis?
308 1317 377 1385 Sola
400 1323 480 1386 euim
501 1331 601 1384 sancta
613 1321 743 1384 Trinitas
754 1321 878 1384 Deitatis
900 1331 947 1384 est
967 1324 1096 1386 increata
1112 1334 1142 1389 el
1155 1335 1286 1403 aeterna,

26 1424 255 1488 immutabilis
279 1435 309 1487 et
329 1424 520 1487 invariabilis.
566 1423 638 1486 Cum
661 1430 760 1488 aulem
773 1423 910 1500 Christus
932 1426 1095 1489 secundum
1116 1445 1235 1493 earnem
1250 1447 1285 1493 ex

27 1525 237 1588 hominihus
259 1527 377 1588 duxerit
399 1536 508 1599 ortum,
531 1525 643 1590 scilicet
664 1545 698 1587 ax
721 1521 862 1588 iratribus
877 1527 1002 1599 nostris,
1024 1535 1058 1591 ut
1072 1529 1215 1609 scriptum
1231 1541 1285 1606 est,

28 1637 73 1690 a'c
100 1628 271 1708 passibilis
294 1629 334 1689 sit
355 1638 385 1689 et
406 1627 619 1706 primogenitus
641 1645 677 1688 ex
698 1626 918 1690 resurrectione
938 1637 1135 1704 mortuorum,
1155 1631 1221 1710 lege
1237 1631 1285 1692 id·

35 1731 157 1808 ipsum
188 1728 438 1808 praenominum,
468 1728 619 1807 quomodo
647 1728 726 1808 quod
749 1728 911 1790 increatum
934 1737 980 1790 est
1000 1731 1143 1810 passibile
1164 1729 1286 1794 dicitis?
1328 1761 1333 1769 ¹

38 1839 101 1892 aut
129 1829 288 1909 quomodo
310 1830 390 1908 quod
411 1828 553 1909 passibile
576 1839 622 1892 est
642 1830 805 1892 increatum
827 1829 967 1912 vocatis?
1009 1831 1127 1894 Etenim
1148 1852 1216 1896 cum
1236 1834 1285 1896 in·

40 1938 189 1992 creatam
212 1931 300 1993 Verbi
330 1930 526 1992 substantiam
549 1931 719 2011 passibilem
741 1931 855 2006 dicitis,
884 1931 915 1992 in
936 1931 1123 1996 Divinitatem
1144 1933 1286 2014 blasphe-

43 2033 155 2094 matis.
203 2033 239 2094 Et
262 2033 332 2094 dum
354 2032 524 2112 passibilem
546 2051 674 2106 carnem,
698 2051 773 2112 quae
795 2032 928 2106 ossibus,
951 2035 1099 2114 sanguini,
1122 2035 1236 2097 animoa
1258 2042 1288 2118 et

45 2135 201 2196 universo
233 2143 340 2196 nostro
368 2133 488 2215 corpori
516 2134 651 2214 adaptata
680 2143 743 2207 est,
778 2151 911 2214 quaeque
931 2133 1088 2214 palpabilis
1111 2143 1143 2198 et
1161 2136 1286 2198 risibilis

48 2243 115 2309 est,
141 2237 302 2298 increatam
325 2237 438 2310 dicitis,
461 2234 570 2316 duplici
591 2235 678 2315 lapsu
701 2234 873 2309 conciditis;
901 2243 952 2297 aut
972 2235 1051 2298 enirn
1074 2236 1286 2309 exhibitionem
1350 2243 1355 2248 '

51 2347 84 2396 et
108 2338 299 2400 tolerantiam
321 2337 470 2418 passionis
492 2337 676 2417 phantasiam
692 2336 866 2400 existimatis
881 2336 960 2398 iuxta
975 2331 1210 2400 Manichaeorum
1226 2339 1284 2399 im·

53 2440 214 2516 pietatem,
237 2448 287 2502 aut
308 2440 396 2502 talem
419 2457 488 2501 esse
510 2437 641 2502 statuitis
662 2439 808 2501 increatae
829 2438 953 2500 Deitatis
975 2437 1182 2500 substantiam.
1225 2438 1284 2500 Ec·

54 2539 132 2616 quid
156 2540 252 2602 adhuc
272 2539 492 2620 reprehenditis
515 2558 577 2616 eos,
601 2540 649 2619 qui
671 2540 849 2604 inhumana
871 2541 966 2602 lorma
988 2539 1151 2602 secundum
1166 2557 1284 2602 carnem

57 2639 157 2702 Deum
180 2639 471 2703 comminiscuntur?
1257 2659 1262 2670 '

152 3053 180 3111 4.
224 3045 283 3110 Sed
306 3047 402 3110 dicitis
424 3048 584 3112 increatum
606 3050 716 3110 lactum
738 3064 822 3120 esse,
846 3046 925 3126 quod
946 3045 1062 3108 unitum
1083 3046 1126 3109 sit
1146 3067 1213 3110 cum
1236 3048 1267 3109 in
1352 3041 1356 3048 ’

69 3155 179 3209 creato.
221 3147 297 3210 Hinc
324 3158 421 3212 autern
450 3158 580 3212 vestrum
609 3166 742 3210 errorem
770 3166 837 3210 sese
866 3147 932 3210 lalsi
953 3165 1078 3226 arguere
1100 3148 1284 3210 ostendetur.

73 3249 145 3310 Nam
162 3249 255 3310 carnis
272 3267 337 3310 cum
349 3249 438 3312 Verbi
449 3247 789 3342 Divinitatecopiunctio
805 3237 941 3312 ox'utero
956 3251 1031 3312 lacta
1046 3257 1100 3340 est,
1123 3249 1193 3313 inde
1206 3249 1285 3314 enirn

71 3350 130 3429 ipsi
140 3349 272 3424 Verbum,
296 3369 361 3412 cum
385 3370 401 3412 e
423 3349 505 3413 caelo
528 3350 706 3422 advenisset,
730 3348 873 3428 originem
896 3348 986 3424 dedit,
1009 3349 1118 3430 quippe
1134 3369 1209 3430 quae
1223 3367 1286 3412 uon

70 3459 134 3512 erat
158 3455 309 3530 antequam
334 3451 462 3514 Verbum
484 3451 650 3524 adveniret,
685 3459 735 3512 aut
764 3459 833 3520 ante
853 3449 1008 3538 Beijrararn
1029 3449 1166 3526 hiariam,
1199 3452 1284 3516 cuius

74 3551 164 3613 solius
185 3553 266 3631 origo
290 3571 324 3614 ex
344 3553 458 3615 Adumo
481 3561 626 3630 elgerus
649 3569 684 3612 ox
706 3551 854 3614 Abraham
877 3560 908 3612 et
927 3550 1037 3614 Ilaride
1060 3559 1157 3614 ortum
1180 3569 1284 3614 narra-

75 3661 132 3726 tur,
154 3661 178 3714 et
199 3671 255 3714 una
278 3655 382 3733 sponsi
405 3654 453 3716 sui
474 3653 595 3733 loseph,
619 3651 668 3732 qui
692 3661 779 3714 erant
799 3651 904 3714 duoin
920 3667 1091 3724 carneuna,
1114 3652 1192 3714 sicul
1206 3653 1284 3714 scri·

76 3763 154 3833 pturn
174 3763 227 3824 est,
250 3771 311 3814 nou
333 3764 434 3816 mutua
455 3756 534 3814 inter
557 3773 590 3814 se
612 3753 816 3830 copulatione,
840 3751 893 3814 aed
916 3751 997 3830 quod
1020 3769 1055 3812 ex
1078 3770 1137 3812 uno
1160 3753 1284 3814 eodem·

78 3870 132 3932 quo
153 3852 289 3930 originem
312 3855 473 3926 ducerent3
494 3871 569 3931 ,nam
597 3852 677 3929 quod
701 3853 802 3914 illibati
824 3852 1042 3926 remanserint,
1066 3859 1206 3914 testatum
1228 3859 1284 3916 est.

81 4037 138 4086 Edili
160 4051 208 4084 roro
234 4045 257 4085 at
285 4035 324 4082 alii
349 4028 376 4090 ἐξ
400 4026 558 4101 ἀνθρώπου.
596 4035 655 4086 ltox.
701 4035 805 4082 Felcltm.
821 4034 842 4081 l.
884 4033 974 4082 ibidem
1001 4033 1090 4088 enslin.
1115 4035 1183 4086 solus
1212 4039 1285 4090 hahet

81 4104 147 4156 aaran
163 4095 236 4156 oete
256 4099 317 4150 aar.
356 4103 381 4152 tn
400 4105 470 4152 ocare
494 4113 517 4153 aa
541 4103 594 4154 tub
613 4095 649 4156 ab
700 4095 838 4155 ἄπιστον.
857 4109 930 4150 reue.
965 4099 1009 4150 elit
1028 4093 1161 4156 ἄπιστος.
1192 4105 1284 4154 ruram

83 4171 151 4220 deest.
621 4210 626 4219 .
700 4170 910 4230 nostres‘sgrrar.
930 4169 1026 4220 Gohler.
1046 4170 1190 4220 etFelclrm.
1211 4167 1284 4238 1.τῇ

115 4271 133 4334 e
149 4255 182 4304 Sic
197 4254 294 4333 S'egrror.
314 4254 411 4305 Guhler.
422 4262 445 4304 st
456 4255 559 4306 Felcim.
572 4255 595 4303 l.
620 4255 646 4304 ln
698 4229 809 4354 {zaim
824 4249 913 4352 zm:
933 4237 1112 4300 l’fl‘l‘mitione
1129 4229 1168 4293 ἐῢ
1188 4240 1283 4302 ‘imin
1305 4287 1313 4298 .

85 4323 146 4373 ‘d'm
161 4334 273 4418 nemu.
733 4373 749 4421 i.
772 4319 918 4420 acirone
934 4371 1003 4422 deest
1026 4374 1056 4425 iu.
1073 4373 1130 4424 edit.
1154 4373 1282 4432 Commu,
1319 4366 1322 4381 ⁴

116 4409 129 4456 π’
146 4407 248 4502 “Q
267 4421 290 4454 ,ῃ
309 4405 408 4501 δείξω
499 4486 506 4502 ,
541 4487 548 4504 ,
607 4491 619 4504 ,
698 4439 741 4492 sed
760 4438 847 4502 legitor
865 4440 888 4488 in
907 4440 1007 4490 maxima
1024 4441 1283 4504 partemaunscriptn·

116 4505 134 4552 l·
149 4485 643 4556 B¹⁵¹¹·''⁷¹⁰2“Fflf0'ly1‘l‘³¹⁶⁸‘'llud''-
689 4521 761 4558 sum.
797 4509 873 4574 lnlra¹
885 4499 925 4555 ἐκ.
938 4517 993 4560 aula
1010 4506 1061 4556 τοῦ
1077 4501 1167 4570 Aeeta
1181 4506 1284 4556 habetur

117 4575 137 4622 h.
152 4563 186 4622 iu
201 4575 267 4625 deest
285 4577 307 4625 ln
326 4577 489 4640 Segoeriano,
506 4578 604 4628 Gohlar.
623 4583 647 4628 et
697 4575 721 4626 iu
740 4573 799 4627 solo
814 4577 913 4637 Seguar.
1064 4654 1081 4691 t

1025 4657 1058 4707 δῦ
