3236 5286
240 371 301 436 178
636 371 1072 424 ειτιιιιιειιιεαιιεειεασει

153 553 232 602 m.
326 539 376 600 16.
423 527 593 596 Τοιούτων
622 514 743 618 όὴίοῦν
766 519 905 592 ύτόπων
926 525 980 591 καί
1002 522 1097 610 παρὰ
1117 522 1176 609 τὴν
1199 515 1361 611 ἇλήθειαν
1384 519 1466 592 ἂνα-
1507 589 1512 598 ,

240 637 449 723 φαινομένων
471 631 647 715 λογισμῶν,
671 621 792 714 ἀνάγκη
814 625 920 712 λέγειν
941 624 981 692 τὸ
1003 624 1039 693 έν
1059 626 1117 711 τῆς
1132 617 1249 708 οῦσίας
1262 627 1321 692 τοῦ
1336 626 1466 713 πατρὸς

238 735 327 802 ίόων
349 727 450 800 αὐτοῦ
473 729 609 814 σύμπαν
632 722 718 798 εἶναι
737 726 795 794 τὸν
817 725 907 794 υἱόν·
934 723 1056 813 τὸγὰρ
1080 721 1166 804 ὅλως
1185 731 1387 811 μετέχεσθαι
1406 725 1464 793 τὸν

238 835 321 903 θεὸν
344 828 418 924 λσόν
441 831 513 898 ἐστι
533 831 639 916 λέγειν
662 824 716 895 ότι
736 829 792 894 καί
812 831 927 915 γεννᾷ·
949 826 1006 894 Ιτὸ
1029 828 1065 894 δέ
1086 829 1200 914 γεννᾷν
1221 833 1257 894 τί
1278 821 1467 914 σημαίνειῆ

238 934 329 1016 αίόνς
363 927 465 1000 αύτοῦ
486 933 565 1017 γοῦν
585 931 645 996 τοῦ
667 929 740 996 υἱοῦ
761 935 890 1013 μετέχει
910 927 953 995 τὰ
974 928 1086 996 πάντα
1100 927 1183 996 κατὰ
1197 928 1256 1014 τὴν
1269 932 1329 996 τοῦ
1345 928 1467 998 1’πνεύ-

238 1058 344 1120 ματος
364 1038 536 1120 γινομένην
556 1025 635 1118 παρ’
660 1027 762 1098 αὐτοῦ
782 1029 888 1117 χάριν,
910 1032 965 1097 καί
988 1028 1131 1118 φανερὸν
1147 1028 1182 1097 ἐκ
1195 1028 1315 1098 τούτου
1330 1037 1464 1117 γίνεται,

240 1131 293 1202 ότι
315 1131 414 1213 αι’πὸς
433 1135 494 1218 μὲν
517 1127 535 1198 ό
553 1131 629 1220 1υίὸς
650 1127 785 1211 οὐδενὸς
804 1136 941 1216 μετέχει,
964 1129 1004 1197 τὸ
1026 1131 1063 1198 δὲ
1084 1130 1120 1198 έκ
1141 1133 1200 1198 τοῦ
1222 1130 1352 1218 πατρὸς
1372 1157 1468 1217 μετε-

237 1234 385 1320 χόμενον,
407 1233 507 1301 τοῦτό
530 1232 619 1301 ἐστιν
643 1228 661 1298 ό
684 1231 772 1312 υίός·
795 1225 896 1299 αὐτοῦ
917 1231 979 1318 γὰρ
1001 1235 1077 1298 ετοῦ
1099 1233 1174 1300 υἱοῦ
1195 1238 1386 1317 μετέχοντες
1406 1235 1467 1300 τοῦ

221 1339 323 1403 ’θεοῦ
344 1341 489 1420 μετέχειν
512 1333 688 1420 λεγόμεθα,
702 1335 766 1400 Ικαὶ
787 1332 886 1400 τοῦτό
909 1331 1009 1413 έστιν,
1033 1331 1052 1398 ὃ
1075 1332 1181 1418 έλεγεν
1203 1328 1222 1398 ό
1241 1337 1387 1417 Πέτρος·
1409 1333 1468 1400 ἵνα

225 1442 381 1524 Δγένησθε
409 1441 508 1515 θείας
537 1437 691 1502 κοινωνοὶ
720 1432 853 1523 φύσεως
861 1437 897 1514 ¹),
931 1430 999 1513 ’τός
1028 1455 1112 1522 φησι
1138 1432 1194 1501 καί
1217 1429 1235 1498 ό
1258 1429 1466 1513 ἇπόσῦολος·

181 1621 182 1626 ¹
240 1531 299 1606 οῦκ
321 1537 435 1604 οἴδατε
457 1533 510 1604 ότι
532 1534 611 1615 ναὸς
630 1537 715 1602 θεοῦ
738 1533 863 1617 έστεἿς
889 1541 960 1602 καί·
981 1531 1077 1620 ἡμεῖς
1090 1533 1151 1622 γὰρ
1173 1533 1253 1614 ναὸς
1266 1537 1350 1601 θεοῦ
1367 1533 1466 1617 έσμεν
1555 1565 1560 1574 ·

240 1637 400 1719 ζῶντος’).
444 1643 499 1706 καί
528 1631 627 1704 αὐτὸν
655 1637 692 1703 δέ
719 1635 778 1703 τὸν
800 1635 872 1704 υἱὸν
894 1637 1073 1720 βλέποντες
1095 1631 1222 1721 ὁρῶμεν
1243 1633 1301 1700 τόν
1323 1639 1465 1722 πατέρα,

240 1733 260 1824 ἦ
287 1737 349 1824 γὰρ
380 1740 439 1804 τοῦ
468 1737 677 1806 νίοῦένιοια
697 1739 752 1804 καὶ
773 1735 961 1824 κατάληψις
980 1739 1101 1823 γνῶσίς
1123 1736 1195 1804 έστι
1215 1735 1295 1823 περὶ
1315 1737 1375 1802 τοῦ
1398 1759 1468 1803 πα-

138 1844 147 1855 ’
238 1837 332 1925 τρός,
356 1837 474 1906 διὰτὸ
498 1837 533 1906 έκ
553 1841 613 1925 τῆς
634 1832 751 1916 οὐσίας
772 1831 875 1905 αῦτοῦ
897 1838 985 1906 ἰ’όιον
1008 1833 1094 1906 εἶναι
1114 1843 1271 1924 γέννημα·
1295 1833 1406 1922 ὥςπερ
1430 1837 1467 1904 δὲ

238 1937 279 2006 τό
299 1945 499 2025 μετέχεσθαι
520 1932 579 2005 οῦκ
601 1936 642 2006 ῦν
662 1964 714 2018 τις
735 1935 827 2024 ῦμοῦν
849 1940 900 2006 έιι
919 1938 1037 2018 πόθος
1059 1940 1153 2006 ε’ίποι
1165 1940 1219 2006 καί
1234 1936 1395 2024 μερισμὸν
1408 1940 1468 2024 τῆς

154 2061 232 2108 am.
239 2042 299 2106 τοῦ
321 2043 405 2107 θεοῦ
429 2031 545 2118 οῦσίας
565 2045 588 2118 ί·
595 2040 778 2127 δεδήλωται
798 2038 860 2125 γὰρ
882 2042 937 2106 καί
960 2035 1171 2128 ὡμολόγηται
1190 2045 1391 2124 μετέχεσθαι
1408 2037 1466 2105 τὸν

239 2140 332 2220 θεόν,
355 2143 410 2207 καί
431 2143 552 2207 ταῦτον
574 2133 661 2208 εἶναι
679 2147 881 2225 μετέχεσθαι
900 2143 954 2206 καὶ
976 2145 1114 2228 γεννᾷν),
1139 2137 1244 2220 οῦτως
1265 2139 1304 2206 τὸ
1326 2144 1468 2226 γέννημα

240 2235 279 2308 ού
307 2241 423 2320 πάθος
454 2235 532 2308 οῦδὲ
552 2241 714 2327 μερισμός
736 2241 807 2310 ἐστι
828 2243 887 2329 τῆς
907 2249 1072 2327 μακαρίας
1094 2242 1216 2329 ἐκείνης
1237 2235 1363 2320 οῦσίας.
1408 2233 1467 2306 οῦκ

240 2338 385 2409 ἄπιστον
408 2340 473 2428 ἄρα
495 2342 585 2410 ἐστίν
608 2342 680 2410 υίὸν
703 2343 786 2426 έχειν
808 2341 868 2408 τὸν
890 2341 983 2423 θεόν,
1006 2345 1065 2429 τῆς
1087 2343 1174 2422 ίόίας
1196 2336 1314 2421 οῦσίας
1334 2341 1373 2408 τὸ
1395 2347 1468 2429 γέν-

240 2463 342 2530 νημα·
366 2436 440 2510 οὐδ’
465 2441 530 2530 ι’ύρα
551 2443 668 2524 πάθος
689 2447 743 2510 καί
765 2443 929 2530 μερισμὸν
950 2446 1008 2529 τῆς
1030 2438 1145 2522 οῦσίας
1165 2446 1225 2510 τοῦ
1245 2446 1331 2511 θεοῦ
1348 2449 1468 2530 σημαί-

240 2567 348 2628 νομεν,
372 2545 521 2630 λέγοντες
541 2543 615 2612 υἱὸν
636 2547 690 2612 καί
712 2549 865 2631 γέννημα,
889 2539 975 2612 ἀλλὰ
994 2545 1120 2629 μᾶλλον
1142 2543 1182 2609 τὸ
1202 2543 1337 2633 γνήσιον
1358 2542 1468 2611 καὶτὸ

241 2640 404 2732 ἀληθινὸν
425 2648 484 2742 καί
501 2645 542 2711 τὸ
562 2646 738 2732 μονογενὲς
758 2646 835 2711 ῖτοῦ
855 2649 941 2713 θεοῦ
962 2644 1178 2732 γινώσκοντες
1200 2640 1288 2711 οῦτω
1309 2644 1469 2712 πιστεύο-

240 2771 310 2830 μεν.
353 2744 479 2814 τοῦτον
502 2747 539 2814 δέ
567 2742 672 2824 οῦτως
698 2750 916 2833 πεφασμένου
944 2749 999 2813 καὶ
1028 2747 1234 2830 δεικνυμένου
1241 2795 1251 2826 ,
1285 2741 1340 2813 ότι
1366 2744 1406 2812 τὸ
1434 2745 1470 2813 έκ

169 2839 194 2938 ι’
241 2850 300 2934 τῆς
318 2849 379 2914 τοῦ
401 2847 531 2936 πατρὸς
553 2841 668 2926 σῦσίας
689 2852 832 2935 γέννημα
853 2845 951 2913 τοῦτό
974 2847 1064 2914 ἔστιν
1087 2843 1105 2913 ὃ
1127 2845 1207 2927 υἱός,
1224 2841 1333 2914 οῦδενλ
1348 2845 1469 2914 λοιπὸν

243 2941 431 3038 ἀμφίβολον
464 2943 549 3016 ἀλλὰ
575 2951 630 3014 καί
657 2946 826 3036 πρόδηλον
849 2941 890 3014 ἂν
912 2947 978 3035 εἴη,
1014 2944 1067 3015 ότι
1087 2947 1187 3015 τοῦτό
1209 2943 1298 3017 ἐστίν
1320 2943 1341 3035 ἡ
1364 2954 1471 3035 σοφία

242 3051 296 3116 καί
330 3045 348 3116 ό
381 3049 477 3136 λόγος
508 3050 568 3116 τοῦ
597 3045 740 3135 πατρός,
776 3047 810 3116 έν
839 3036 867 3134 ηῦ
887 3052 943 3116 καὶ
966 3043 1012 3116 δι’
1037 3037 1076 3116 οῦ
1097 3048 1141 3116 τὰ
1160 3049 1272 3115 πάντα
1292 3043 1394 3130 κτίζει
1415 3046 1472 3115 καὶ

242 3159 346 3228 ποιεῖ,
369 3155 423 3218 καί
445 3149 545 3218 τοῦτό
567 3149 657 3218 έστιν
681 3145 781 3217 αύτοῦ
803 3148 843 3215 τὸ
866 3146 1079 3234 ἀπαύγασμα,
1103 3149 1157 3218 Ιέν
1172 3138 1200 3236 ᾧ
1214 3147 1256 3216 τὰ
1270 3149 1383 3217 πάντα
1398 3175 1471 3238 φω-

243 3249 325 3326 τίζει
345 3252 400 3316 καί
424 3245 696 3318 ἀποκαλύπτεται
717 3245 769 3331 οἷς
791 3249 848 3319 ἐὰν
862 3252 956 3338 θέλῃ,
973 3249 1072 3318 τοῦτό
1087 3251 1177 3319 ἔστιν
1192 3244 1293 3318 αὐτοῦ
1306 3249 1469 3338 χαρακτὴρ

244 3348 298 3414 καί
327 3347 437 3428 είκιόν,
468 3349 502 3418 έν
531 3340 566 3437 ᾦ
579 3357 762 3437 θεωρείτω
783 3353 837 3418 καλ
858 3349 1071 3436 γινώσκεται,
1100 3349 1231 3419 διὸκαὶ
1253 3345 1352 3430 αῦτὸς
1372 3353 1426 3420 καί
1450 3347 1470 3418 ό

177 3469 185 3481 ·
244 3446 355 3536 πατὴρ
377 3448 411 3516 έν
434 3448 502 3517 εἰσι
523 3453 589 3528 (καί
610 3450 671 3538 γὰρ
695 3445 714 3517 ό
728 3451 846 3516 τοῦτον
859 3450 995 3536 βλέπων
1007 3452 1127 3539 βλέπει
1140 3456 1194 3520 καί
1209 3451 1267 3520 τὸν
1281 3456 1410 3538 πατέρα
1416 3455 1438 3533 ⁴)
1446 3458 1469 3534 ),

243 3547 342 3616 τοῦτό
365 3548 454 3618 ἐστιν
477 3545 667 3635 όΧριστός,
691 3550 725 3618 ἐν
747 3538 776 3636 ᾧ
796 3548 839 3616 τὰ
859 3550 971 3621 πάντα
991 3551 1202 3640 λελύτρωται,
1224 3557 1280 3622 καί
1294 3552 1397 3622 πάλιν
1411 3551 1470 3640 την

244 3649 358 3738 καινὴν
381 3648 557 3738 εἰργάσατο
579 3654 726 3732 πείσει’).
764 3652 843 3718 ιτοῦ
866 3651 903 3720 δέ
924 3654 998 3721 υἱοῦ
1019 3653 1125 3722 πόλιν
1147 3651 1252 3735 οὕτως
1274 3651 1380 3735 ὄντος,
1403 3647 1469 3738 οῦχ’

134 3746 137 3754 ’
246 3745 390 3837 ολρμόζει,
415 3745 500 3820 ἀλλὰ
520 3749 578 3821 καὶ
598 3753 673 3820 λίαν
696 3751 904 3820 ἐπικίνδυνόν
927 3752 1019 3822 ἔστιν
1039 3755 1146 3824 είπεῖν
1160 3759 1279 3824 τοῦτον
1294 3755 1330 3836 ἐξ
1344 3750 1402 3822 οὐκ
1417 3751 1473 3822 όν-

244 3876 311 3920 των
332 3858 472 3966 ποίημα,
495 3848 517 3942 ἢ
539 3847 598 3923 σῦκ
618 3843 658 3944 ἦν
679 3856 761 3942 πρὶν
782 3858 934 3944 γεννηθῇ.
980 3851 999 3922 ό
1020 3853 1081 3943 γὰρ
1104 3854 1144 3924 τὸ
1165 3858 1255 3925 έδισν
1276 3860 1335 3944 τῆς
1357 3849 1473 3934 οὐσίας

316 4039 341 4102 1)
359 4039 383 4091 ν.
401 4042 466 4095 νεα.
486 4043 509 4105 1,
527 4043 551 4095 ι.
621 4043 867 4108 211.cor.³‚16.
936 4045 962 4104 ε)
981 4045 1004 4096 2.
1024 4045 1122 4108 cone,
1143 4045 1182 4096 16.
1256 4006 1370 4106 αιειιι.Ι
1390 4045 1472 4108 M·

247 4105 492 4172 bJ2c0r.5,17.

283 4257 305 4291 ι.
323 4241 372 4294 Sic.
391 4242 490 4306 Sofluor.
513 4242 565 4294 -Alii
583 4257 639 4295 vero
657 4238 833 4310 τλδίγεννᾷ.
920 4259 941 4298 ε.
960 4237 1100 4308 Εεςαετίειι.
1124 4245 1197 4296 Βειίί.
1215 4246 1307 4308 anglie„
1332 4246 1433 4299 θαλίαι.
1451 4255 1475 4297 α

283 4309 308 4360 b.
325 4309 367 4362 Sic
383 4309 524 4373 saguntina.
542 4309 641 4364 Goblor.
658 4319 682 4362 ιι
695 4312 800 4364 ῈιΙιίιαι.
814 4314 836 4365 l.
886 4313 992 4376 Eelekm.
1009 4313 1035 4382 ¹·.
1050 4311 1100 4362 τοῦ
1122 4303 1184 4372 οἱοῦ
1206 4308 1374 4380 μετέχοντες.
1410 4313 1474 4366 Ειίίίί

250 4383 323 4440 utque
346 4377 378 4428 ita
407 4377 465 4440 Ιεςίι
487 4377 604 4428 Nunnius.
646 4378 709 4430 Είίιὶ
732 4374 837 4448 πατρὸς
886 4378 936 4430 τοῦ
953 4371 1015 4429 vlo&
1030 4376 1200 4446 μετέχοντος.

249 4439 437 4564 τινα,
445 4443 837 4577 wama-¹123
920 4443 1217 4500 ⁰¹¹¹*
1230 4439 1530 4569 κοιλαίνο-

249 4576 349 4630 τοιίτον
366 4574 511 4631 δείκνυται.
912 4529 954 4632 λῡ
971 4573 1053 4646 ἔσμεν
1071 4531 1186 4641 cdxx,
1206 4553 1232 4636 ύι
1242 4528 1390 4636 maza?
1399 4583 1475 4650 aliq'ui
