3176 5304
241 349 283 432 lio
781 343 955 424 emisero.
984 345 988 358 ⁸

241 541 309 612 apta
332 541 362 594 et
382 530 518 612 apposite
540 527 724 604 distributis,
748 529 805 592 etsi
825 527 926 610 potius
948 535 1057 611 suopte
1078 528 1198 609 ingenio
1221 515 1308 611 quana
1332 529 1493 594 elabora-

242 634 323 696 tione
344 631 496 695 adhibitis.
538 629 633 694 linitas
656 631 751 693 oratio
772 648 922 710 nunquam
945 629 1048 704 effluit,
1071 649 1222 709 uunquam
1237 631 1354 711 longius
1377 651 1490 712 vaga-

240 739 327 798 tur.“
393 732 540 796 Postlraee
575 731 664 793 variis
706 730 843 794 laudibus
882 731 1033 811 praedicat
1070 731 1286 810 praestantiora
1315 733 1484 796 Athanasii

242 851 348 915 opera,
387 834 552 896 orationem
592 841 695 894 contm
725 832 856 903 fientes.
895 833 1051 913 epistolam
1079 831 1116 893 de
1145 832 1290 896 sententia
1322 833 1481 914 Dionysii,

242 936 398 1016 epistolam
436 934 472 995 ad
504 933 711 1006 haessonum,
749 932 901 996 orationes
938 942 1053 996 contra·
1073 933 1215 1006 Arianos,
1249 934 1401 1014 apologias
1434 937 1485 998 de

241 1039 309 1116 luga
338 1044 368 1098 et
396 1036 431 1097 ad
455 1035 675 1108 Constantium,
710 1033 798 1096 etiam
828 1035 979 1096 orationes
1008 1041 1111 1096 eontra
1132 1033 1361 1113 Apollinarium,
1391 1055 1481 1116 quas

242 1137 430 1202 acutissimas
470 1155 539 1198 esse
572 1137 630 1210 ait,
670 1144 702 1199 ut
723 1136 764 1196 dn
797 1135 834 1198 iis
867 1135 1051 1198 inveniamus
1083 1135 1274 1198 Athanasium
1306 1137 1481 1198 Athanasio

244 1234 448 1324 δριμύτερον.
508 1237 653 1318 Deinceps
687 1255 762 1317 quae
794 1245 961 1316 sequuntur
996 1236 1033 1298 de
1065 1236 1226 1298 Athanasio
1262 1255 1367 1315 aspere
1399 1257 1479 1300 eum

241 1340 399 1404 haereticis
433 1348 554 1418 agente,
591 1357 623 1400 ea
654 1357 743 1418 supra
776 1338 937 1400 leetoribue
968 1335 1098 1400 exhibui.
1150 1337 1286 1398 Extrema
1316 1337 1479 1400 Moutlou-

243 1441 321 1502 conii
344 1441 381 1502 de
403 1441 479 1520 stylo
499 1440 651 1502 Athanasii
673 1440 762 1502 verba
784 1448 855 1502 sunt
876 1439 964 1502 haec:
988 1438 1105 1512 „lliotio
1126 1439 1191 1500 eius
1213 1457 1288 1518 pura
1302 1449 1333 1502 et
1347 1439 1476 1518 elegans

238 1553 290 1628 est
311 1541 541 1621 utplurimum:
571 1559 627 1604 nec
647 1541 763 1602 inticior
783 1549 880 1603 umen
904 1539 1054 1602 nonnullis
1084 1541 1148 1601 eius
1176 1539 1317 1618 operibus
1340 1540 1477 1621 aliquam

239 1643 480 1723 peregrinitatem
503 1641 638 1704 attulisse
661 1642 783 1704 Latinae
804 1642 920 1721 liuguae
942 1659 1045 1716 usumq
1067 1642 1153 1720 quale
1175 1639 1246 1702 illud
1268 1653 1331 1714 est,
1355 1637 1474 1726 ἐκκλη-

242 1747 317 1808 σίαι
341 1740 459 1810 taem
482 1739 529 1819 εἰς
550 1740 692 1826 nectar,
724 1739 913 1828 βπεράνος,
947 1742 1052 1804 atalia
1074 1742 1103 1804 id
1126 1759 1231 1822 genus.
1274 1741 1474 1822 impetratum

241 1845 391 1908 sciliceta
414 1845 628 1932 consuetudine
650 1845 761 1919 luerat,
785 1857 818 1906 ut
840 1844 866 1906 si
889 1863 925 1906 ex
951 1843 1122 1923 quotidiana
1143 1843 1317 1904 Latinorum
1340 1843 1472 1904 familia·

240 1947 327 2010 ritate
355 1945 468 2026 aliquae
497 1945 667 2010 huiusmodi
698 1947 844 2010 dictiones
866 1947 897 2007 in
920 1945 1039 2008 buccam
1062 1945 1213 2016 venirent,
1243 1962 1279 2006 ue
1302 1943 1398 2006 abiis
1421 1945 1472 2008 uel

241 2049 351 2110 Graece
382 2047 538 2126 peritiores
568 2047 760 2110 abstinerent
804 2047 888 2109 Licet
916 2055 1012 2108 autern
1042 2044 1167 2108 insidias
1195 2043 1316 2106 auribus
1346 2045 1472 2108 minima

239 2156 333 2229 paret,
355 2148 475 2210 lectoris
499 2149 556 2210 sihi
579 2157 688 2222 tamen,
711 2148 857 2212 illecebris
881 2145 982 2210 nescio
1005 2147 1131 2226 quihus,
1153 2146 1387 2208 benevolentiam
1411 2165 1466 2208 ca-

239 2260 311 2330 ptat.
356 2249 434 2312 Nihil
464 2268 605 2312 morosus
633 2249 824 2330 inexordiis
853 2263 913 2324 est,
943 2248 997 2310 sed
1026 2248 1126 2310 statim
1148 2246 1184 2309 ab
1206 2247 1291 2309 initio
1313 2247 1343 2308 io
1367 2265 1468 2310 arcem
1524 2259 1528 2266 ·

239 2369 346 2415 causae
379 2351 507 2422 invadit,
542 2360 572 2412 et
604 2359 706 2412 contm
739 2351 905 2412 haereticos
940 2349 1018 2411 canit
1047 2348 1266 2428 quodammodo
1298 2347 1467 2410 classicum.

238 2452 371 2516 Platonis
394 2451 576 2531 Homerique
596 2451 691 2514 libros
713 2451 784 2531 legit
805 2452 935 2524 assidue,
957 2467 1013 2512 uec
1035 2468 1095 2511 uon
1118 2449 1242 2512 aliorum
1266 2457 1408 2522 veterum,
1433 2459 1466 2511 ut

241 2573 274 2616 ex
299 2553 433 2616 oratione
465 2552 700 2616 contradentes
733 2561 763 2614 et
791 2572 827 2614 ex
854 2551 918 2614 aliis
952 2551 1017 2613 eius
1050 2549 1191 2630 operibus
1222 2550 1373 2629 propalam
1407 2558 1464 2612 eet.

240 2655 355 2727 Quodsi
377 2654 539 2734 Gregorius
561 2654 763 2716 Nazianzenus
785 2653 865 2716 illum
888 2653 944 2715 hac
965 2653 994 2714 in
1015 2661 1099 2731 parte
1114 2635 1302 2713 mediocriter
1316 2651 1466 2715 dumtaxat

240 2755 387 2818 eruditum
409 2756 502 2818 luisse
524 2764 640 2828 narret,
670 2755 699 2816 id
721 2755 860 2816 nimirum
885 2753 1029 2833 Gregorio
1051 2753 1144 2815 visum
1167 2751 1235 2825 luit,
1258 2752 1308 2832 qui
1330 2771 1463 2832 magnam

239 2857 343 2919 aetatis
366 2875 437 2918 suae
458 2865 572 2937 partem
595 2857 642 2920 his
666 2857 695 2918 iu
718 2856 824 2918 studiis
847 2855 994 2918 contrivit
1038 2854 1111 2942 Aliis
1134 2862 1230 2915 autem
1253 2853 1317 2916 iure
1332 2853 1465 2916 videatur

238 2941 415 3021 Athanasius
439 2954 620 3043 φιλολόγος
642 2957 741 3020 ethis
764 2957 794 3018 in
817 2956 907 3019 rebus
930 2956 1024 3036 probe
1047 2954 1212 3017 eruditus.“
1257 2953 1290 3016 Si
1319 2973 1397 3033 quae
1418 2956 1463 3016 vir

238 3058 429 3122 doctissimus
462 3059 615 3139 copiosius
655 3058 812 3131 disseruit,
846 3065 987 3136 quemme
1018 3055 1182 3135 probabilia
1217 3065 1303 3129 sunt,
1335 3056 1464 3118 breviter

238 3160 394 3239 complecti
427 3161 515 3235 velis,
548 3159 798 3242 pronuntiandum
821 3168 882 3232 est,
910 3157 1065 3228 ,Athanasii
1097 3157 1292 3234 eloquentiam
1322 3175 1383 3218 nou
1404 3165 1461 3220 tam
1569 3169 1570 3176 ’

238 3257 331 3320 luisse
354 3259 445 3320 studii
468 3271 499 3322 et
520 3261 607 3334 artis,
637 3280 725 3340 quam
747 3259 893 3322 facultatis
916 3265 1058 3320 enatura
1080 3259 1231 3336 proiectae
1259 3277 1383 3336 eamque
1404 3258 1460 3320 illis

236 3358 364 3420 manime
396 3358 572 3419 excelluisse
605 3360 779 3426 virtutibus,
813 3377 888 3436 quae
918 3357 1071 3419 doctorem
1101 3367 1131 3420 et
1152 3357 1367 3438 disputatorem
1400 3359 1460 3420 sire

238 3460 415 3538 scriptorem
437 3457 613 3518 didacticum
635 3467 665 3520 et
685 3457 862 3538 polemicum
885 3467 993 3520 ornant
1014 3457 1100 3537 eique
1122 3458 1225 3532 tidem,
1248 3461 1460 3532 seueritatem,

236 3561 343 3622 lamam
365 3557 532 3622 condiunt.
576 3557 741 3620 Dictiouem
763 3566 861 3621 autem
883 3559 932 3640 qui
954 3559 1082 3622 voluerit
1103 3560 1138 3621 ad
1155 3578 1290 3624 nomam
1313 3563 1458 3626 sermonis

236 3659 323 3723 Attici
346 3658 474 3738 exigere,
495 3656 640 3736 intelliget
660 3677 721 3720 nou
743 3667 857 3722 uatum
878 3659 1082 3734 barbarismis,
1105 3660 1207 3739 quales
1228 3663 1342 3725 notavit
1362 3664 1458 3728 hlont·

236 3761 408 3834 laucooius‚
444 3769 474 3822 et
495 3758 602 3824 usitato
625 3759 673 3822 illa
695 3767 788 3822 aetate
810 3759 971 3844 κοιιισμῷ
1003 3761 1175 3822 maculatam
1199 3780 1285 3836 esse,
1320 3764 1372 3826 sed
1396 3763 1456 3826 aliis

236 3879 355 3942 quoque
376 3861 467 3938 vitiis,
490 3879 565 3941 quae
588 3861 674 3924 etiam
698 3859 871 3940 cultissimis
887 3860 997 3941 alioqui
1020 3861 1161 3924 ecclesiae
1184 3881 1305 3942 graecae
1326 3865 1456 3946 patribus

236 3964 403 4026 commuuio
432 3972 501 4025 suut
530 3982 586 4025 uec
607 3969 769 4043 potueruut
794 3963 900 4024 abesse
923 3962 960 4024 ah
991 3963 1110 4043 seriptis
1132 3983 1253 4038 eorum,
1283 3975 1315 4028 ut
1335 3966 1457 4028 basilius

234 4065 274 4127 hl.
296 4065 405 4126 latetur
426 4064 457 4126 iu
479 4064 603 4144 epistola
625 4064 662 4126 ad
684 4063 839 4128 Lihauium
862 4064 1062 4128 cccxxxix.
1079 4065 1157 4146 Opp.
1180 4067 1226 4128 ed.
1241 4065 1350 4128 Boued.
1374 4067 1457 4128 Tam.

234 4165 286 4228 lll.
308 4183 339 4246 p.
362 4169 436 4230 455.
457 4165 493 4227 l).
517 4165 583 4227 coll.
606 4183 654 4245 ep.
676 4163 819 4228 ccccvi.
843 4170 959 4246 petil.
981 4165 1015 4228 Ε.
1059 4167 1205 4230 Nimirum
1225 4165 1378 4252 Athanasii
1400 4185 1456 4232 nau

234 4274 305 4330 suut
315 4265 524 4328 contendendi
547 4265 780 4330 conhibente.
823 4268 861 4330 lii
883 4264 1050 4344 λεξειδιωι
1072 4263 1258 4352 θηράτορες
1286 4268 1359 4332 nihil
1380 4269 1455 4332 acti·

233 4366 322 4446 quius
344 4365 514 4430 hahuerunt
534 4385 622 4448 quam
644 4375 679 4430 ut
700 4369 885 4432 orationibus
914 4367 977 4430 suis
1000 4368 1112 4430 Atticae
1141 4368 1317 4430 elocutionis
1341 4370 1455 4447 elegau-
1567 4379 1568 4386 ’

233 4467 305 4530 uam
338 4477 368 4530 et
399 4477 584 4532 venustatem
617 4470 828 4550 exprimerent.
871 4469 931 4532 illis
965 4459 1113 4530 ἁλιεῦσιν
1145 4459 1339 4551 ἀνθρώπων
1372 4484 1454 4530 curae

233 4569 374 4649 cordique
403 4579 450 4632 est
477 4589 526 4632 res
560 4571 720 4656 christiana
743 4582 773 4635 et
794 4572 875 4634 salus
897 4567 1151 4642 Christianorum,
1185 4567 1231 4630 oui
1253 4569 1455 4644 inservientes,
