3226 5280
532 339 728 385 namrouaa
743 339 1065 386 ssrrmrunrormsu.
1354 333 1414 400 11⁵

178 493 293 556 habere
314 491 582 554 existimationem:
606 491 713 554 Omnia
735 496 813 556 carba
835 491 920 555 eluro
933 503 1006 556 auat
1020 493 1260 574 r'atellipeatihua
1275 510 1306 561 ea
1327 511 1499 564 recrearas.

177 595 405 658 manantibus
427 597 591 656 edentulam.
637 593 880 673 Quandoquidem
895 603 993 658 autem
1008 595 1176 658 Catholicae
1189 597 1338 662 Ecclesia
1353 601 1412 664 lide

177 715 243 760 nou
267 695 378 758 eruditi
397 696 430 758 in
450 695 631 776 impietatem
652 703 723 758 aunt
751 695 893 775 collapsi,
925 713 960 756 ao
985 703 1087 756 mente
1115 695 1243 776 denique
1268 701 1412 764 excaecati

178 816 258 878 quae
280 805 362 860 reeta
390 803 461 858 sunt
483 793 601 875 obliqua
629 795 817 869 existimant,
846 795 1008 874 dicuntque
1035 795 1131 856 lucam
1162 797 1298 860 tenebras
1325 809 1496 864 tene-rsa.

178 897 313 976 hrasque
333 897 429 960 lucem
451 896 648 971 arbitrantur3
678 914 788 975 operae
805 896 936 976 pretium
958 895 1058 968 luerit,
1080 903 1113 958 nt
1140 895 1264 958 aliarum
1286 898 1413 979 Dionysii

177 998 378 1080 epistolarum
399 997 488 1061 rerba
509 997 721 1071 adhibeamus,
750 995 847 1059 allatis
876 997 913 1058 ad
934 996 1077 1058 maiorem
1098 997 1320 1062 haereticorum
1342 1019 1414 1063 con·

179 1100 358 1164 tutationem
381 1118 482 1162 aarum
504 1098 730 1161 eminentiorum
752 1097 869 1172 causis;
892 1111 1021 1178 quarum¹
1037 1098 1125 1158 lectio
1148 1117 1207 1161 nos
1229 1100 1266 1162 ad
1290 1101 1358 1164 talia
1379 1103 1416 1164 de

179 1201 252 1264 liro
276 1199 430 1264 sentienda
452 1211 541 1280 atque
563 1199 713 1279 loquenda
733 1197 858 1262 indruit

136 1622 141 1630 ·
271 1607 322 1671 13.
366 1605 449 1667 llaec
475 1621 545 1666 vero
570 1621 659 1666 causa
679 1601 723 1664 illi
745 1602 800 1665 luit
821 1602 894 1664 alias
916 1603 1122 1668 ccusuibendi
1143 1605 1296 1686 epistmm.
1340 1607 1414 1672 Cum

180 1706 347 1787 Dionysius
369 1705 539 1787 episcopus,
561 1713 721 1784 postquam
743 1703 781 1765 de
797 1703 1029 1782 Pentapolitania
1051 1704 1102 1766 illa
1123 1705 1275 1782 didicerat,
1298 1709 1414 1790 episto-

180 1808 256 1882 lam,
278 1807 321 1868 uti
342 1807 401 1868 iarn
423 1804 501 1878 dixi,
523 1813 627 1868 contra
649 1803 770 1866 Ssbellii
790 1804 936 1866 haeresim
959 1805 996 1866 ad
1015 1806 1206 1869 Ammonium
1228 1819 1258 1872 et
1280 1809 1415 1889 Euphra-

185 1926 293 1970 norem
314 1907 414 1968 studio
436 1905 589 1984 religionis
609 1913 765 1987 permotus
789 1905 979 1987 scripsisset,
1003 1906 1122 1986 quidam
1143 1927 1179 1970 ex
1199 1909 1334 1973 Ecclesia
1354 1911 1416 1972 lra-

184 2019 267 2083 tres,
289 2027 381 2072 sanae
403 2008 520 2088 quidem
542 2007 694 2070 doctrinae
716 2007 872 2080 homines,
894 2025 956 2068 non
978 2005 1118 2069 sciscitati
1140 2017 1236 2073 tamma
1257 2029 1336 2087 eum,
1359 2029 1416 2094 qua

182 2111 219 2174 de
242 2129 333 2175 cauea
354 2110 394 2173 ita
415 2110 600 2190 scripsisset,
620 2109 745 2172 Romam
768 2127 803 2172 se
826 2107 979 2170 contulere
999 2107 1141 2189 illumque
1161 2114 1238 2192 apud
1258 2111 1414 2194 cognomi·

179 2233 249 2276 nem
270 2212 446 2294 Dionysium
467 2213 635 2276 Romanum
657 2211 833 2293 episcopum
862 2219 1048 2272 acerrume
1094 2211 1208 2286 Quibus
1235 2215 1283 2278 ille
1305 2215 1414 2278 auditis

179 2335 239 2380 una
260 2315 384 2397 scripsit
404 2323 434 2378 et
455 2323 559 2378 contra
581 2313 701 2376 Sabellii
723 2320 890 2376 sectatores
914 2320 944 2373 et
958 2319 1061 2374 canna
1076 2331 1139 2388 eos,
1161 2316 1212 2394 qui
1232 2316 1296 2380 dus
1311 2326 1414 2380 essent

178 2419 366 2489 sententiae,
389 2435 477 2496 quarn
497 2435 567 2480 cum
590 2423 662 2494 post
681 2415 769 2476 Arius
790 2413 982 2493 protulisset,
1010 2413 1048 2476 ab
1069 2414 1202 2478 Ecclesia
1223 2424 1271 2480 est
1291 2418 1415 2492 eiectus,

176 2519 335 2598 aequalem
357 2517 440 2579 aiens
460 2516 532 2578 licet
555 2533 592 2576 ex
615 2513 756 2576 diametro
778 2517 945 2596 oppositam
963 2515 1084 2578 Sabellii
1106 2516 1288 2597 impietatem
1312 2537 1417 2580 eorum
1517 2507 1524 2520 '

181 2616 401 2696 blasphemiae,
422 2617 473 2693 qui
495 2615 616 2686 dicunt,
637 2613 763 2676 Verbum
785 2614 838 2676 het
859 2623 1038 2688 creaturam,
1060 2617 1212 2695 cpilicium
1235 2625 1265 2678 et
1285 2635 1351 2678 rem
1373 2617 1419 2678 la·

186 2723 269 2776 cmm
291 2732 369 2776 esse.
410 2714 491 2775 hlisit
512 2731 632 2792 quoqne
653 2713 691 2776 ad
709 2714 884 2794 Dionysium
905 2717 1038 2789 litteras,
1060 2725 1093 2778 ut
1113 2715 1277 2788 indicaret,
1306 2735 1362 2794 qua
1384 2715 1420 2778 de

188 2831 226 2876 re
249 2820 405 2876 accusatus
426 2813 463 2875 ab
484 2813 544 2876 illis
566 2813 681 2875 luisset.
711 2815 765 2876 llle
785 2833 856 2876 vero
879 2797 1095 2896 quamprimum
1110 2815 1158 2878 sui
1173 2813 1321 2894 purgandi
1335 2832 1422 2878 causa

184 2913 288 2976 libros
311 2912 413 2987 edidit,
435 2931 511 2994 quos
532 2912 688 2993 inscripsit
708 2913 856 2976 Elcnchus
878 2921 909 2974 et
929 2914 1080 2994 apologia.
1125 2914 1183 2974 llic
1207 2913 1421 2978 animadvertas

184 3015 279 3078 velim
302 3015 493 3078 cremandam
516 3013 629 3077 Christi
651 3013 783 3076 hostium
805 3013 963 3088 officinam,
987 3023 1017 3075 ot
1036 3033 1097 3092 qao
1112 3020 1200 3092 pacto
1216 3013 1251 3075 ad
1266 3031 1350 3078 suam
1364 3015 1420 3096 ipsi

185 3116 384 3199 ignominiam
405 3117 478 3180 baec
499 3105 660 3178 moverinl.
705 3115 778 3176 Cum
807 3114 887 3176 enim
910 3113 1069 3192 Dionysius
1090 3113 1242 3176 Romanus
1264 3115 1417 3198 episcopus

180 3219 331 3298 Quorsus
354 3235 407 3279 ees
430 3219 520 3280 etiam
542 3216 708 3296 scripserit,
733 3217 784 3296 qui
807 3213 909 3276 dicunt
922 3212 1028 3276 Filium
1044 3213 1097 3276 Dei
1119 3223 1281 3278 creaturam
1303 3225 1332 3279 et
1351 3237 1415 3280 rem

183 3321 292 3382 lectam
316 3337 394 3392 esse,
415 3320 529 3399 liquido
552 3325 680 3392 constat,
702 3336 765 3380 non
787 3315 975 3396 iamprimum
999 3317 1051 3378 sed
1066 3315 1135 3378 olim
1151 3335 1266 3402 qaoque
1287 3318 1324 3380 ab
1347 3338 1415 3382 om·

184 3419 274 3482 nibus
305 3419 490 3482 anathemate
524 3420 689 3482 damnatam
711 3419 805 3482 luisse
828 3417 937 3480 Christi
959 3417 1087 3480 hostium
1109 3419 1287 3482 mianorum
1307 3419 1417 3482 baere-

185 3519 253 3584 sim.
298 3519 412 3582 Deinde
440 3541 507 3582 oum
529 3521 690 3600 Dionysius
712 3509 927 3583 Alexandrinus
957 3519 1114 3600 episcopos
1143 3521 1180 3582 dc
1208 3519 1335 3600 epistola
1363 3537 1418 3580 sua

188 3639 258 3682 sese
279 3621 421 3700 purgarit,
443 3622 538 3702 palam
562 3631 609 3685 est
629 3622 713 3684 illum
735 3639 790 3684 nec
811 3621 876 3684 eius
897 3621 992 3683 fuisse
1014 3622 1193 3694 sententiae,
1215 3639 1304 3700 quam
1319 3618 1346 3681 ei
1361 3619 1418 3681 ad·

186 3719 333 3795 scribunt,
354 3740 449 3802 neque
471 3723 593 3785 omnino
614 3741 705 3803 prava
724 3723 788 3786 trit
809 3723 945 3784 doctrina
965 3721 1113 3784 imbutum
1134 3720 1237 3782 luisse.

53 4035 66 4046 -
185 4009 253 4056 sosii
277 4008 335 4056 liber
359 4008 484 4058 secundus.
521 4005 591 4056 Colb.
619 4013 643 4055 et
666 4005 713 4055 les.
731 4001 780 4052 roal
868 4018 890 4066 q.
908 4002 956 4050 sot
977 4003 1045 4054 deest
1068 4003 1091 4054 in
1117 4003 1212 4056 lando.
1237 4015 1263 4058 st
1286 4006 1332 4056 les
1368 4003 1419 4054 lhi-

188 4063 277 4120 aaron
301 4064 383 4138 λόγος
405 4075 431 4138 β,
473 4071 521 4124 Sed
553 4080 781 4136 consequentuer
834 4071 888 4120 darn
908 4071 1004 4122 Tauria.
1022 4069 1124 4122 etCelb.
1142 4069 1275 4138 γεννητόν
1293 4071 1418 4122 mendose.

189 4141 304 4255 ⁹⁰⁰de
324 4147 464 4256 ossenpateg
482 4154 516 4258 ea¹
529 4139 738 4258 praeceeffieutibos
832 4138 886 4216 hof
899 4139 965 4254 ἕεις..
979 4141 1076 4255 {alarin
1096 4139 1231 4256 clllb'dl'l's'
1250 4149 1278 4253 e}
1292 4139 1356 4255 Ὗ.
1369 4131 1418 4253 Ξὺν

226 4223 247 4256 e.
301 4219 412 4255 τιναυτ
465 4222 557 4257 acero
598 4223 648 4257 e.
832 4219 882 4254 roo
934 4219 965 4254 oo
1033 4219 1072 4254 ov.
1122 4221 1294 4256 nerisca
1329 4219 1389 4254 eea.

226 4275 243 4322 l.
262 4275 359 4324 Tauria.
379 4221 429 4326 leel
445 4265 568 4340 ἀδελφοί.
598 4276 664 4325 lnlra
683 4275 780 4324 l'aorlo.
867 4275 890 4323 b.
910 4275 965 4336 lter.
983 4219 1083 4324 Toalarin.
1107 4273 1175 4324 cota.
1204 4275 1251 4322 les.
1265 4263 1421 4337 χριστομᾶ-

189 4339 261 4390 cota.
281 4333 320 4394 ele
337 4334 507 4408 ῐὴνῬώμην.
534 4343 595 4392 Editi
613 4335 783 4409 ethopuqu
828 4335 898 4408 χωῖ.
933 4343 995 4391 Editi
1013 4333 1171 4404 θωμάζων.

188 4401 242 4466 τὴν
255 4399 369 4474 Ῥώμην.
395 4408 470 4459 Porro
488 4409 781 4474 epistolaellionysiiito·
867 4411 883 4458 i.
898 4399 1100 4474 χριστομάχων
1124 4406 1191 4455 deest
1215 4405 1239 4453 in
1258 4405 1331 4456 Tana.
1349 4401 1422 4452 colb

192 4477 256 4524 mani
275 4476 339 4526 intra
358 4485 505 4527 memoratae
529 4476 593 4526 baud
620 4478 704 4538 erigus
723 4490 781 4540 pars
834 4475 915 4526 lesait.
1257 4517 1268 4548 ἵ

188 4541 301 4592 adlertor
317 4546 341 4592 in
361 4545 514 4606 praecedenti
534 4549 635 4593 tractatu
655 4557 722 4594 nom.
740 4541 780 4592 26.
869 4544 891 4590 t.
910 4541 1010 4590 Tauria.
1030 4538 1098 4587 Colh.
1118 4537 1164 4584 les.
1183 4529 1223 4587 olo
1236 4545 1323 4582 oum

1185 4614 1223 4663 8*
