3054 5236
412 379 528 426 eoum
541 379 758 425 motarumrcn
773 377 860 422 cnse
873 377 906 422 n.
1111 399 1114 408 ,
1210 365 1273 428 aar

107 537 153 602 3.
205 535 396 614 Quapropter
421 531 525 615 unctio
552 532 629 593 lacta
659 538 705 592 est
731 547 792 591 oon
815 527 894 608 qnod
917 527 997 590 liene
1026 528 1166 592 unctione
1193 531 1358 592 inni-eoo.

7 645 106 700 ‘eret
136 655 206 699 nec
226 635 306 716 qood
327 635 439 713 absque
461 631 523 696 lieo
546 630 647 694 unctio
669 632 771 704 lieret,
805 629 858 692 sed
885 629 948 690 lieo
977 628 1150 691 romonem
1177 631 1274 711 appli-

7 747 106 802 ante
148 739 311 819 ipsamque
339 737 369 797 in
397 753 526 816 corpore
553 732 703 804 unctionis
736 749 842 810 capace
870 729 1042 808 recipiente.
1085 731 1274 794 Manifestum

7 843 114 921 gitur
145 849 216 914 est,
245 837 375 901 Verbum
397 854 459 898 non
481 835 595 914 absque
616 834 744 896 hnmana
766 849 855 893 earne
877 830 1026 892 Christum
1048 831 1156 894 iudom
1179 834 1273 896 inisse

7 962 65 1005 tec
105 959 195 1004 sese
223 937 381 1002 diuidendo
411 937 442 997 in
471 936 569 997 carnis
599 933 730 1013 speciem
757 941 787 994 et
808 931 923 994 animae
945 931 1186 1007 similitudinem,
1218 935 1271 996 sed
1343 939 1348 946 '

7 1061 165 1106 manens
190 1042 273 1122 qnod
294 1046 359 1102 erat
378 1039 503 1100 formam
526 1025 604 1098 servi
626 1033 795 1114 accepisse,
827 1051 888 1094 non
911 1033 1082 1096 destitutam
1106 1035 1271 1110 existentia,

7 1147 144 1226 quippe
172 1161 251 1223 quae
272 1159 328 1222 per
349 1139 531 1219 passionem,
553 1137 806 1199 resurrectionem
830 1143 860 1200 et
881 1138 1047 1200 nniversam
1067 1139 1272 1201 oeconomiam
1281 1156 1356 1200 nan.

7 1266 92 1308 sese
122 1243 294 1324 proderet,
322 1249 356 1304 ut
381 1241 524 1320 scriptum
553 1248 584 1302 et
611 1237 836 1318 comprobatum
864 1245 921 1300 est.
964 1237 1058 1301 Dicite
1085 1239 1191 1318 igitur,
1221 1259 1275 1303 our

7 1349 126 1409 lieum
156 1346 191 1408 in
213 1343 337 1406 Nazaret
357 1345 465 1432 ledum
488 1361 556 1404 esse
578 1340 772 1413 existimatis3
804 1340 883 1419 qnod
916 1357 1021 1402 omnes
1045 1339 1144 1403 solent
1164 1344 1273 1404 haere·
1305 1343 1311 1354 '
1346 1395 1348 1402 .
1421 1407 1426 1414 ,

7 1451 67 1512 tici
96 1445 286 1529 prolerrel=
316 1443 355 1507 Ut
380 1444 489 1506 Paulus
517 1441 739 1505 Samosatensis
767 1441 862 1503 Deum
891 1459 926 1502 ex
954 1440 1075 1521 Virgine
1105 1443 1272 1517 confltetur,

7 1552 126 1612 Deum
157 1567 196 1610 ex
217 1547 343 1610 Naaoret
364 1545 471 1618 risum,
493 1563 528 1605 ac
548 1543 599 1624 qni
621 1542 690 1604 inde
713 1561 780 1604 cum
803 1541 948 1604 existendi
972 1549 1033 1606 tum
1054 1545 1196 1624 regnandi
1212 1546 1272 1606 ini-

9 1654 101 1714 tium
131 1651 266 1722 duxerit,
288 1646 477 1724 verbumque
499 1663 568 1706 esse
589 1663 625 1706 ex
646 1642 727 1706 caelo
751 1644 864 1717 efficax,
886 1643 916 1704 in
937 1661 997 1724 quo
1013 1645 1188 1724 sapientiam
1204 1666 1272 1710 esse

8 1753 219 1824 confitetur,
242 1747 321 1830 quod
343 1745 552 1828 praefinitione
574 1745 692 1824 quidem
715 1754 783 1806 ante
806 1744 922 1808 saecula
944 1745 998 1818 sit,
1021 1745 1179 1809 adstantia
1201 1767 1271 1810 vero

13 1873 58 1915 ex
85 1852 227 1913 Nazaret
247 1849 288 1912 sit
308 1847 430 1922 editum,
454 1855 509 1920 „nt
529 1845 620 1922 Deus,
646 1847 752 1926 inquit,
775 1865 852 1909 unus
875 1846 924 1909 ille
946 1847 995 1918 sit,
1017 1849 1067 1927 qni
1089 1867 1182 1928 super·
1203 1868 1270 1912 om-

7 1954 110 2029 „nia
136 1952 224 2013 Deus
245 1957 293 2035 est
313 1949 433 2025 Pater.“
477 1945 558 2009 Talis
585 1955 631 2013 est
659 1947 941 2028 huius-impietae..
968 1947 1099 2014 Marcion
1121 1957 1218 2012 autem
1243 1960 1274 2012 et
1336 1981 1340 1984 ·

17 2053 231 2116 Manichacus
253 2051 365 2124 dimna,
386 2049 480 2112 Deum
503 2049 533 2110 in
551 2049 700 2128 Virginem
721 2049 878 2112 advenisse
899 2069 934 2112 ac
955 2049 1078 2112 intuctili
1092 2052 1183 2113 modo
1197 2070 1271 2131 pro·

7 2157 142 2240 Idiisse,
169 2171 226 2215 nec
246 2170 382 2234 capacem
405 2152 499 2214 luisse
524 2150 759 2212 communicandi
782 2169 849 2213 oum
871 2160 975 2214 natura
996 2151 1124 2215 humana
1146 2153 1177 2214 in
1199 2172 1271 2234 pec·
1302 2176 1308 2184 “

7 2269 135 2324 ,catum
160 2257 243 2337 lapsa
265 2273 300 2317 ac
319 2253 450 2334 Principi
473 2253 622 2332 nequitiae
645 2252 786 2316 subiecta.
832 2252 886 2326 „Si
908 2254 1005 2328 enim,
1033 2255 1092 2328 ait,
1121 2255 1199 2317 banc
1220 2272 1271 2316 as·

7 2358 189 2435 „sumsit
212 2366 242 2420 et
262 2356 393 2436 Principi
415 2355 564 2435 nequitiae
586 2354 720 2417 Christus
742 2353 878 2416 subditus
900 2356 957 2420 erit
978 2363 1009 2416 et
1030 2356 1141 2434 peccati
1164 2373 1270 2434 expers

7 2443 129 2534 „,non
156 2459 229 2530 erit,
259 2457 313 2520 sed
335 2456 487 2537 propriam
517 2473 636 2518 carnem
658 2455 828 2518 exhibuisse
851 2456 989 2536 inquiunt
1010 2475 1045 2516 ex
1069 2474 1138 2518 sese
1159 2475 1193 2518 ea
1215 2475 1271 2535 qna

7 2559 158 2636 „,lihuit
179 2557 389 2631 similitudine,
420 2575 456 2618 ex
484 2558 565 2622 caelo
598 2557 711 2618 scilicet
732 2557 861 2620 exhibita
883 2565 913 2618 et
933 2557 964 2617 in
987 2556 1099 2619 caelum
1121 2575 1271 2637 regressa,

7 2662 190 2736 ,demum
212 2675 287 2738 qnae
309 2665 370 2720 tola
393 2658 435 2719 sit
455 2658 626 2720 divinitae.“
671 2658 843 2722 Valentinus
871 2665 975 2719 contra
1009 2675 1127 2720 carnem
1148 2659 1272 2722 Deitatis

7 2829 8 2846 ,
30 2770 158 2844 partem
180 2779 249 2822 esse
269 2767 455 2822 commentos
477 2760 650 2840 passionem
669 2759 804 2823 Trinitati
821 2777 1009 2821 communem
1032 2760 1124 2822 luisse
1146 2768 1271 2822 conten·

33 2865 89 2926 dit.
138 2861 228 2923 Arius
250 2879 320 2924 aero
349 2877 467 2922 carnem
496 2860 589 2922 solam
612 2862 648 2924 ad
672 2861 898 2924 occultationem
920 2859 1082 2923 divinitatis
1104 2861 1270 2934 confitetur,

33 2965 102 3026 uice
125 2971 224 3025 antem
245 2962 400 3023 interioris
423 2962 520 3023 nostri
543 2963 674 3025 bominis
696 2964 724 3024 id
741 2970 786 3024 est
801 2961 917 3023 animae
931 2961 1061 3024 Verbum
1077 2962 1120 3024 ait
1138 2963 1272 3025 incarne

37 3065 197 3135 extitisse,
227 3063 400 3142 passionem
423 3069 452 3124 et
474 3063 510 3124 ab
534 3063 638 3125 inieris
662 3064 912 3124 resurrectionem
934 3063 1078 3125 divinitati
1101 3063 1272 3126 adscribere

38 3185 144 3229 ausus.
189 3162 335 3226 Sabellins
364 3172 462 3225 autem
491 3164 573 3225 Pauli
596 3164 817 3226 Samosatensis
847 3165 972 3243 eiusque
1000 3145 1170 3245 sequacium
1192 3184 1269 3228 sen-

40 3268 166 3330 lentiam
187 3265 304 3344 probat,
327 3265 438 3328 veritos
461 3266 540 3326 enim
562 3265 623 3326 Arii
646 3264 821 3327 divisionem
843 3265 875 3326 in
898 3283 1051 3342 errorem,
1075 3267 1125 3346 qui
1149 3269 1270 3347 [perso-
1380 3297 1385 3305 ·

40 3371 108 3448 nas]
133 3365 290 3429 demedio
313 3365 408 3440 tollit,
431 3365 570 3447 delapsus
594 3374 649 3428 est
694 3366 753 3428 Vos
776 3375 875 3430 antem
896 3366 1012 3429 cuinam
1036 3368 1203 3429 adhaeretis
1225 3367 1271 3430 rel

42 3472 158 3532 cuinam
180 3468 317 3547 opitulari
339 3467 453 3530 vulliel
495 3467 573 3530 Num
595 3468 675 3548 qnod
697 3468 856 3547 proverbio
880 3470 975 3532 lerlur
996 3469 1157 3531 cuiuslibet
1174 3469 1271 3531 tribus
1312 3475 1317 3488 ’

45 3569 140 3632 estis?
181 3569 254 3630 Nam
282 3569 352 3632 dum
375 3570 479 3632 unioni
500 3570 587 3632 tidem
617 3570 747 3648 negatis,
781 3570 850 3631 dum
883 3570 1060 3648 plenitudini
1087 3571 1270 3650 repugnetis,

45 3691 108 3734 oum
132 3657 268 3732 omnibus
291 3689 381 3751 supra
404 3671 576 3733 memoratis
599 3669 756 3734 haereticis
779 3671 968 3745 consentitis,
990 3681 1131 3752 metuque
1146 3672 1272 3734 divisio-

47 3774 108 3844 nis,
142 3779 173 3832 ut
202 3770 430 3842 censideemini,
464 3771 500 3832 ad
531 3773 701 3849 [personas]
734 3772 909 3833 auferendas
942 3772 1074 3833 animum
1105 3772 1270 3851 adpulislis.

49 3875 153 3934 Verum
174 3877 205 3930 nt
226 3869 277 3948 qui
298 3869 434 3930 dividunt
454 3870 608 3931 insaniunt
629 3878 658 3931 et
679 3871 729 3949 qui
752 3869 911 3932 dehabent
932 3877 1049 3946 errant,
1084 3871 1128 3932 sic
1155 3871 1205 3950 qui
1234 3873 1271 3933 de

82 4057 97 4104 l.
117 4055 210 4115 Sequor.
227 4047 275 4102 καὶ
297 4045 365 4102 acio
382 4043 497 4118 ddayaic.
535 4055 561 4103 lo
587 4069 630 4104 eo·
682 4068 745 4117 quos
763 4055 896 4117 sequimur.
930 4053 992 4104 liditi
1010 4068 1067 4102 raro
1086 4043 1139 4102 ἀλλ’
1158 4047 1268 4122 ὁμοίαν.

51 4125 101 4172 dem
121 4121 178 4170 inira
194 4115 242 4168 καί
259 4121 326 4171 deest
353 4129 407 4170 ante
431 4113 523 4169 πάντα
541 4112 631 4169 ἇνεπι-
683 4122 733 4171 bloa
752 4121 824 4171 iidem
844 4135 902 4171 mss.
920 4113 949 4176 ἐξ
966 4113 1060 4169 αὐτοῦ.

54 4185 173 4241 atnoe·
231 4248 239 4268 ι
411 4250 418 4268 ,
456 4248 465 4268 ⁸
604 4253 616 4266 ‚
716 4207 730 4254 i.
751 4205 850 4276 sepner.
875 4206 972 4256 Gobler.
992 4213 1016 4255 et
1033 4204 1173 4256 Felclm.l.
1193 4199 1271 4272 ἡμῶν

85 4273 105 4319 q.
123 4259 216 4318 Sequar.
225 4267 436 4319 υποπεπτωκυιᾳ
449 4251 573 4324 αμαρτὶᾳ
583 4267 631 4314 aar
683 4264 843 4340 ἀνθρώπου,

53 4319 140 4377 κακίας
154 4317 195 4372 eol
213 4316 289 4372 duaa
327 4325 467 4388 Segestica.
490 4333 513 4373 et
531 4325 630 4375 Gobler.
786 4357 794 4374 ,
976 4355 984 4375 ,

55 4386 250 4455 ὑποπεπτωκυίᾳ
268 4391 301 4460 τῇ
319 4384 442 4460 ἁμαρτίᾳ
460 4391 509 4452 τῆς
524 4385 627 4446 κακίας,
716 4366 737 4416 ¹⁴·
755 4361 901 4446 ‚WWQ
916 4377 1050 4444 7⁸7⁰&ss
1059 4379 1144 4416 ⁰¹¹¹⁰⁰⁸
1156 4367 1206 4444 f‘f?
1217 4383 1269 4417 Μ·

55 4452 123 4508 qm
158 4461 206 4510 ΗΜ
229 4463 328 4524 Sem
352 4470 409 4525 po„
431 4454 534 4519 ταύτην
558 4460 630 4509 habe,
681 4443 806 4499 nnsortptr.
841 4429 1267 4525 Edtttteronnpqadotyeyoroeta.

58 4523 129 4592 φησί.
163 4529 233 4578 Paulo
251 4536 307 4593 post
325 4528 395 4578 Basti.
413 4522 459 4576 καὶ
477 4520 525 4577 οὐκ
541 4520 610 4576 ἔστι.
716 4525 731 4576 l.
750 4527 848 4586 Sequar.
867 4527 958 4589 anglic.
978 4527 1075 4579 Gobler.
1088 4535 1112 4577 et
1125 4528 1230 4576 Felelm.
1247 4524 1270 4572 l.

89 4595 110 4642 h.
127 4595 157 4644 lta
173 4596 268 4658 Segner.
293 4597 392 4648 Gobler.
425 4605 448 4646 et
472 4597 577 4647 Felclm.
597 4597 629 4658 l.,
681 4587 840 4664 διαιρέσεως
857 4588 993 4652 διάνοιαν,
1014 4597 1092 4646 minna
1111 4603 1184 4644 recte.
