3234 5282
573 375 681 422 omno
697 377 729 420 ιι.
747 377 863 424 cosrna
877 379 1013 424 rennos.
1335 368 1400 432 43³

168 523 274 599 liberi,
305 542 435 604 roreque
456 525 488 586 in
508 533 686 606 perpetuum
707 535 933 606 permanerent,
966 528 1187 594 immortalitate
1210 541 1241 594 et
1262 510 1486 598 incorrat-enai.

166 626 276 706 ptione
312 633 472 706 postquam
508 625 747 688 resurrexissent
776 627 881 690 induti.
925 627 1057 708 Namque
1089 640 1245 712 postquam
1272 636 1402 714 Verbrnu

162 733 290 790 minem
311 727 423 800 induit,
454 734 487 790 ut
508 745 599 807 saepe
621 727 732 790 dictum
756 736 817 802 est,
841 727 878 790 ab
901 748 935 790 ea
957 730 1102 792 extinctus
1123 736 1242 812 penitus
1265 743 1312 798 est
1332 756 1400 800 ser·

159 828 269 910 pontis
292 847 429 902 morsus,
453 836 484 889 et
505 827 645 908 quicquid
665 827 736 890 meli
758 827 948 890 exoriebatur
971 845 1007 890 ex
1028 831 1125 892 caruis
1147 835 1288 910 motibus,
1310 853 1400 916 prae·

159 929 266 992 cisum
294 929 417 991 omuino
446 937 508 1002 est,
541 947 577 990 ac
597 929 727 1010 denique
754 929 821 1011 ipsa
849 947 932 992 mors
965 931 1080 1010 peccati
1107 951 1208 994 comos
1236 934 1291 995 luit
1313 937 1401 1000 simul

157 1031 339 1106 interemto,
359 1039 393 1092 nt
414 1029 480 1110 ipse
494 1027 640 1094 Dominus
660 1030 834 1094 huiusmodi
855 1031 955 1094 verbis
978 1031 1122 1113 declaret:
1148 1032 1233 1098 Venit
1254 1033 1400 1118 Princeps

156 1134 262 1198 dnm
283 1133 392 1196 modi
411 1144 441 1196 rt
462 1131 541 1196 nibil
561 1134 595 1194 r‘n
615 1151 662 1194 nse
683 1137 814 1205 rnem't,
844 1142 889 1194 et:
922 1134 962 1196 ln
988 1134 1043 1198 lior
1066 1137 1145 1198 eninr
1166 1138 1330 1218 apparuit,
1358 1136 1401 1200 uti

156 1234 294 1315 scripsit
311 1232 453 1308 loannes,
482 1243 518 1296 art
541 1233 689 1296 desolent
712 1253 806 1315 opero
828 1235 949 1298 dioboli.
991 1235 1046 1298 llis
1067 1243 1165 1298 autem
1188 1253 1276 1300 cerne
1298 1236 1400 1300 disso-

156 1335 261 1408 lutis,
291 1353 396 1398 omnes
417 1343 541 1428 propter
562 1333 659 1397 cornis
682 1334 888 1414 cognationem
910 1335 1027 1398 liberati
1054 1355 1175 1411 sumus,
1204 1336 1321 1418 iamque
1342 1355 1400 1400 noa

159 1437 260 1501 etium
287 1455 355 1499 oum
383 1435 479 1498 Verbo
510 1436 639 1516 copulati
667 1436 789 1499 isumus.
833 1437 931 1500 Porro
965 1455 1032 1500 cnm
1059 1437 1122 1502 lieo
1156 1437 1306 1502 coniuncti
1339 1455 1401 1502 nou

159 1538 295 1619 amplius
316 1537 348 1598 in
366 1543 447 1600 terra
469 1535 706 1612 remanebimus,
740 1537 795 1600 sed
818 1544 851 1600 ut
871 1539 937 1618 ipse
958 1539 1048 1614 dixit,
1080 1538 1131 1602 ubi
1159 1539 1207 1602 ille
1235 1541 1307 1616 erit,
1339 1559 1399 1602 nos

137 1633 290 1722 fqnoque
312 1638 436 1711 erimus,
458 1655 515 1699 nso
536 1635 706 1718 serpentem
728 1639 857 1718 amplios
871 1655 976 1702 summ
990 1640 1188 1704 terminaturi.
1220 1641 1400 1722 Prodigetun

162 1741 250 1804 cuim
271 1739 321 1801 ille
342 1747 390 1801 est
410 1759 427 1801 e
450 1738 603 1801 Salrstore
630 1759 700 1802 eum
725 1742 757 1802 io
786 1759 841 1802 sun
868 1759 957 1804 cerua
985 1749 1184 1824 pmequema
1211 1761 1245 1804 ac
1266 1743 1398 1806 dicente:
1467 1754 1471 1760 “

167 1841 251 1906 Vade
268 1851 343 1922 post
362 1861 425 1913 me,
451 1850 579 1912 antmre,
606 1850 694 1922 etque
715 1841 756 1903 ita
778 1849 860 1904 extre
881 1843 1051 1922 pendisum
1072 1841 1103 1904 in
1125 1843 1225 1922 iguem
1247 1850 1401 1906 aeternum

166 1951 219 2006 est
239 1941 383 2004 deiectars
420 1941 481 2005 Neo
502 1940 589 2004 etiam
613 1941 689 2006 ullae
711 1942 845 2006 mulieris
861 1942 1016 2006 illecebrae
1031 1943 1178 2008 carffldao
1192 1943 1281 2004 nobis
1297 1949 1399 2006 erum:

165 2045 207 2108 ln
236 2047 464 2108 resurrectione
497 2048 577 2107 nura
602 2063 657 2108 nec
688 2045 810 2110 nubant
841 2063 896 2108 nee
928 2045 1103 2117 nubuntur,
1137 2045 1190 2108 sed
1220 2054 1293 2108 sunt
1320 2047 1401 2108 sicut

167 2149 283 2228 Arretii.
328 2145 367 2207 Et
387 2149 421 2208 irs
443 2145 565 2209 Clrr‘sto
587 2145 656 2210 lesu
678 2166 760 2211 nouo
783 2157 929 2210 ereatura
950 2147 1023 2222 erit,
1053 2165 1147 2228 nsque
1168 2146 1322 2210 munim
1345 2155 1401 2209 aot

166 2251 298 2329 semino,
325 2249 380 2311 sed
400 2251 502 2312 orosio
523 2261 554 2312 st
572 2250 608 2311 in
629 2249 767 2312 morbus
790 2248 848 2310 erit
871 2248 1021 2328 Clerirtarr.
1063 2247 1120 2311 llbi
1142 2257 1239 2312 autem
1261 2248 1422 2320 Christus,

170 2349 263 2426 adest,
286 2349 352 2432 quis
375 2349 464 2412 timor
485 2349 534 2412 rel
554 2349 626 2429 quid
647 2347 772 2429 periculi
794 2349 893 2428 possit
912 2347 1069 2414 aoeiduet

254 2654 305 2713 70.
347 2649 382 2710 ld
411 2655 510 2712 eutem
544 2649 652 2710 samum
683 2646 805 2711 minime
836 2651 958 2726 luisset,
993 2650 1018 2712 si
1048 2649 1120 2730 qnid
1153 2655 1284 2711 ereetum
1317 2654 1402 2708 esset

170 2747 309 2812 Verbum.
352 2749 426 2810 Nero
455 2747 608 2824 diabolus,
625 2749 692 2830 ‘qrri
720 2759 750 2812 et
777 2752 843 2832 ipse
871 2759 1007 2815 meatura
1035 2759 1097 2824 est,
1131 2757 1309 2829 perpetuum
1331 2763 1399 2810 otuu

169 2860 302 2914 meatum
324 2849 471 2931 gessisset
498 2849 623 2926 bellum,
651 2859 682 2912 ct
695 2851 817 2926 -bomo,
850 2854 1029 2934 oscinumque
1056 2850 1164 2912 luisset
1190 2847 1399 2922 intermedius,

44 2989 53 3004 ·
167 2953 259 3016 morli
281 2970 401 3033 semper
422 2951 571 3014 subiectus
599 2953 723 3027 luisset,
756 2954 867 3034 quippe
895 2949 946 3032 qui
969 2949 1043 3024 nibil
1063 2949 1203 3024 baberet,
1232 2949 1263 3010 in
1286 2965 1346 3028 quo
1368 2956 1399 3010 et

164 3072 222 3135 per
249 3053 330 3136 qnod
362 3071 429 3116 cum
456 3051 519 3114 lieo
548 3053 724 3116 coniunctus
745 3053 822 3114 liber
844 3053 929 3114 fieret
950 3051 988 3112 ab
1010 3050 1091 3114 omui
1113 3057 1205 3112 metu.
1250 3048 1398 3124 Quocirte

122 3177 127 3184 ·
167 3157 233 3236 ipsa
255 3155 364 3220 veritas
395 3153 541 3226 ostendit,
573 3151 703 3216 Verbum
725 3171 787 3214 non
809 3170 878 3214 esse
900 3170 917 3214 e
942 3151 1028 3214 laetis
1056 3149 1162 3225 rebus,
1197 3149 1250 3213 sed
1278 3149 1395 3216 illarum

165 3257 267 3338 potius
289 3274 359 3318 esse
379 3263 543 3318 auctorem.
575 3255 620 3316 lta
643 3253 723 3316 enim
746 3271 856 3334 corpus
878 3254 987 3315 lactum
1010 3260 1040 3314 et
1059 3253 1220 3315 bunenum
1242 3251 1395 3328 assumsit,

165 3355 290 3419 utillud
313 3363 450 3436 tunquam
472 3354 570 3438 opifex
592 3353 731 3417 reliceret
752 3363 782 3418 at
803 3352 935 3416 divinum
959 3351 990 3415 in
1012 3353 1113 3434 seipso
1135 3353 1282 3428 redderet,
1305 3360 1395 3433 utque

164 3458 223 3520 boc
243 3465 330 3538 paeto
358 3475 416 3519 nos
444 3474 549 3519 omnes
577 3456 614 3518 ad
641 3455 721 3520 illius
749 3455 972 3518 similitudinem
994 3455 1025 3516 in
1047 3453 1160 3517 eaelum
1181 3453 1394 3519 introduceret.

163 3559 251 3639 Atqui
272 3559 363 3620 bomo
386 3577 453 3620 cunr
468 3566 611 3620 recreata
634 3557 810 3619 coniunctus
832 3574 894 3618 nou
917 3555 1065 3637 potuisset
1085 3555 1203 3618 divinus
1226 3554 1313 3629 effici,
1336 3553 1395 3616 nisi
1403 3574 1479 3618 nass

163 3657 255 3722 Filius
277 3677 365 3721 verus
386 3657 466 3721 Deus
488 3665 579 3733 essct,
600 3675 697 3740 neque
718 3659 809 3720 homo
826 3677 860 3720 se
875 3657 956 3720 Patri
978 3657 1086 3719 sistere
1107 3675 1199 3719 ausus
1222 3662 1313 3726 esset,
1335 3653 1394 3715 nisi

164 3759 202 3834 is,
225 3751 275 3840 oui
297 3777 406 3839 corpus
427 3759 533 3838 induit,
555 3761 689 3824 naturale
711 3769 742 3824 et
762 3779 865 3823 rerum
881 3759 946 3822 eius
961 3767 1045 3822 esset
1059 3757 1199 3820 Verbum.
1232 3755 1273 3818 dc
1288 3773 1394 3835 quem-

199 3995 221 4042 ς.
241 3980 345 4031 l'elolm.
357 3979 381 4030 b.
400 3971 437 4031 air
453 3971 482 4027 oi
497 3943 615 4042 irruet
838 3991 871 4026 m.
882 3975 1049 4027 Theodorctne
1064 3974 1164 4037 liielogo
1174 3972 1207 4034 ²,
1226 3961 1296 4038 quiri
1323 3965 1331 3984 ¹
1368 3985 1396 4020 o·

198 4064 222 4113 b.
241 4064 341 4125 segnes.
359 4063 458 4114 Gentes,
477 4061 580 4112 Fercem,
593 4061 649 4111 1,οι
666 4061 691 4111 4,
709 4063 753 4112 fla.
804 4057 853 4097 roc
869 4043 893 4093 id
909 4052 947 4094 est
962 4046 1098 4108 imensnrrrr
1114 4041 1262 4102 inscribitur,
1283 4043 1345 4090 bone
1366 4056 1396 4090 o·

165 4131 224 4182 dunt
240 4123 328 4186 ἔσται,
348 4130 413 4195 qnod
431 4131 455 4179 in
474 4130 527 4180 aliis
546 4138 570 4179 et
587 4129 658 4180 editis
676 4129 752 4222 deest.
800 4112 967 4226 fflyffiioiv
979 4097 1409 4242 ῦῖἒωὲἕὲοὲῑψλιῇῑξαῐνκεέζῖἴ

161 4213 661 4378 ,rrcrnntltrrnr·
684 4225 754 4280 ''‘⁰‘
803 4238 1007 4378 tnrtnn
1023 4236 1395 4364 rrtznnnrnnrn

197 4369 221 4418 k·
238 4367 330 4430 mim
347 4375 498 4431 mma
757 4436 762 4446 .
802 4390 872 4448 Ρῑῐῐῦ
891 4380 914 4432 ³·
933 4395 985 4446 otu·
1007 4379 1030 4430 l·
1049 4377 1170 4444 pastro.
1189 4385 1328 4444 postremae
1342 4377 1395 4428 edi-

196 4451 213 4502 l.
237 4452 339 4514 Sernes.
364 4450 438 4500 besil.
460 4451 518 4514 lien.
536 4450 628 4514 anglie.
653 4450 764 4503 Gobler.¹
802 4450 885 4508 tionis,
904 4448 944 4498 obi
962 4449 1093 4510 genuerim
1112 4447 1265 4498 inscribitur:
1284 4441 1396 4520 rodaru-

163 4518 302 4570 lelcbm.l.
321 4525 346 4569 et
362 4518 386 4568 l.
405 4509 489 4568 citeri
505 4510 594 4584 λόγος.
631 4517 711 4568 Ceteri
729 4525 754 4568 et
803 4509 901 4581 moino
921 4506 1087 4564 Ἀθανασίου
1109 4506 1139 4563 is
1161 4511 1212 4561 τοῦ
1235 4503 1305 4559 κατὰ
1323 4502 1396 4574 orni-

162 4588 220 4638 editi
239 4577 323 4635 odrod
341 4577 356 4634 i
373 4581 460 4652 λόγος.
805 4593 876 4631 osor
892 4573 985 4647 λόγου.

197 4675 327 4720 druannsn
339 4683 391 4719 orn.
404 4683 477 4718 noer.
490 4683 540 4716 ιιι..
1157 4659 1191 4708 28
