3054 5236
522 325 668 368 urrerem
683 324 720 366 an
735 325 917 371 menemus.
1267 320 1326 384 851

15 469 182 532 rumino
217 471 350 536 dicet:
372 474 487 538 Recede
509 493 526 536 a
549 491 686 554 corpore,
709 483 743 536 ut
764 484 794 538 te
815 475 961 539 ederem?
1002 469 1061 540 vet
1077 480 1146 560 quis
1160 499 1197 544 ea
1212 482 1414 548 devenissem.

4 571 248 650 impietatis,
280 583 327 636 ut
353 595 419 637 cum
442 575 556 638 insanis
578 575 696 638 iudaeis
719 576 815 638 eidem
837 587 961 658 prepter
982 598 1092 658 eorpus
1108 581 1208 644 dicat:¹
1225 583 1331 670 Qasre

12 682 57 734 ιιι
88 672 207 736 bema
241 693 336 738 eum
356 682 401 739 aia
422 679 501 757 faeie
523 681 651 758 teipsam
672 675 795 740 Deum?
837 678 923 758 arqui
947 679 1012 740 tedis
1033 699 1095 742 nnn
1116 681 1171 744 fait
1190 683 1328 766 leprosus

11 772 102 848 ilde3
141 773 272 838 Deum
305 777 392 839 enim
415 779 446 840 in
468 796 596 858 empore
618 777 795 840 existentem
817 778 965 850 adoravit.
994 799 1121 862 eumque
1141 783 1237 847 Deum
1258 803 1329 848 esse
1405 801 1408 810 ’

16 875 81 937 bis
111 876 276 956 agnovit
305 877 429 941 verbis:
453 879 588 950 Domine,
611 881 641 940 si
659 884 716 950 eis,
739 890 824 960 petes
845 897 892 942 me
912 883 1071 945 mandare.
1116 883 1178 946 Nee
1190 885 1328 948 serdille

20 977 93 1038 Dei
121 977 298 1042 Verbum
339 979 499 1042 arbitratus
533 988 579 1040 est
605 988 730 1060 propter
758 998 877 1042 earnem
903 999 967 1044 rem
997 992 1124 1045 creatam
1154 1001 1238 1058 esse,
1271 1003 1328 1050 nee
1356 973 1371 990 ⁵
1415 1025 1420 1028 -

26 1078 120 1157 quia
145 1079 319 1142 Verbum
342 1099 442 1142 rernm
466 1081 598 1142 omnium
621 1071 786 1142 creatarum
799 1082 909 1161 ,opifex
930 1089 987 1155 est,
1010 1101 1139 1160 earnem,
1162 1103 1219 1164 qua
1236 1085 1325 1148 indn-

12 1189 116 1241 -eum
146 1190 243 1256 erat,
272 1181 446 1262 vilipendit,
470 1182 524 1244 sed
545 1181 676 1244 universi
699 1190 862 1244 creatorem
885 1190 1024 1262 tanquam
1046 1183 1078 1245 in
1099 1193 1199 1248 creato
1214 1186 1325 1266 tempto

40 1281 214 1344 adoravit
250 1285 446 1364 effectusque
478 1283 607 1345 mundns
635 1282 701 1361 ipse
724 1290 779 1344 eet
824 1281 874 1344 sie
895 1284 983 1346 etiam
1004 1285 1126 1359 mulier,
1155 1305 1230 1366 quae
1252 1305 1324 1350 san-

43 1381 171 1460 guinis
210 1385 340 1446 fluxum
363 1384 545 1464 patiebatur,
578 1383 718 1456 eredidit,
749 1384 896 1464 tactisque
914 1386 1121 1448 tantummode
1137 1387 1209 1452 eius
1231 1389 1324 1452 restis

49 1483 208 1546 fimbriis
249 1494 359 1548 sanata
389 1494 450 1560 est3
478 1503 560 1546 mare
583 1482 719 1546 similiter
740 1483 880 1562 agitatum
903 1485 1042 1552 ductibus
1064 1485 1176 1552 audivit
1195 1487 1325 1566 Verbum

49 1603 203 1646 earnem
233 1589 362 1659 saetam,
385 1604 420 1648 ac
441 1586 542 1648 sedata
565 1593 728 1664 tempestas
752 1593 814 1660 est3
837 1604 942 1648 caecus
964 1587 1035 1650 item
1049 1595 1137 1650 natus
1152 1596 1241 1669 sputo
1257 1607 1323 1650 ear-
1420 1593 1422 1600 “

55 1687 117 1747 uis
145 1695 294 1748 sanatus
316 1707 333 1748 a
355 1687 453 1750 Verba
476 1695 531 1748 est
576 1687 664 1760 Quod
686 1695 784 1748 autem
805 1685 901 1748 maius
923 1696 971 1749 est
985 1697 1014 1750 et
1028 1689 1230 1755 admirabilius
1246 1691 1323 1763 (sor-

57 1787 171 1848 tassis
209 1787 298 1848 enim
328 1789 358 1850 id
389 1788 575 1868 impiissimis
604 1781 662 1848 illis
684 1787 853 1850 seandalum
876 1788 960 1864 suit),
988 1790 1076 1852 etiam
1098 1791 1129 1852 iu
1151 1791 1216 1870 ipsa
1238 1809 1324 1854 mnes

59 1887 245 1967 pendente
270 1887 397 1950 Domine
426 1894 514 1963 (nam
536 1889 601 1950 eins
630 1898 693 1950 erat
720 1907 829 1967 eorpus
858 1889 889 1951 iu
912 1909 1009 1970 eoque
1031 1899 1095 1952 erat
1114 1890 1256 1966 Verbum)
1278 1892 1324 1954 sal

63 1989 276 2052 obscuratus
300 1999 356 2064 est,
380 1999 457 2052 terra
480 1991 611 2063 tremuit,
633 1997 735 2068 petrae
757 1989 871 2052 scissae
893 1999 964 2054 sunt
986 2000 1017 2052 ut
1039 1990 1194 2071 et'l'empli
1215 1991 1322 2066 velum,

24 2131 25 2136 η
66 2097 106 2150 et
129 2090 238 2151 multa
263 2091 440 2165 Sanctorum
463 2109 600 2171 corpora,
623 2091 672 2170 qui
696 2091 889 2166 dormierant,
912 2079 1115 2154 surrexerunt.

20 2459 25 2476 p
177 2401 212 2460 4.
260 2397 341 2459 Haee
361 2395 480 2477 quidem
502 2393 543 2455 ita
566 2393 735 2472 eontigere,
757 2408 907 2474 nemoque
929 2393 971 2472 uti
994 2411 1074 2454 nune
1094 2391 1324 2466 audent.driapi

23 2543 26 2550 ,
79 2513 199 2555 seeum
228 2497 382 2570 dubitarit,
405 2505 504 2558 utrum
527 2493 680 2555 incarnato
695 2492 792 2556 Verbo
815 2491 1216 2572 eredendumetparendum
1232 2501 1323 2568 esset,

22 2670 25 2678 Ι
82 2593 143 2654 sed
177 2593 224 2656 itti
253 2597 404 2658 hominem
433 2596 583 2656 intuentes
606 2593 730 2656 eundem
753 2594 889 2675 opificem
912 2611 981 2656 esse
1003 2611 1090 2656 suum
1112 2593 1324 2673 intelligebant,

84 2695 316 2776 humanamque
344 2696 499 2758 audientes
526 2712 630 2756 recem
658 2683 842 2776 nequaquam
864 2703 988 2776 propter
1009 2694 1167 2756 humanam
1189 2703 1324 2757 naturam

88 2795 227 2858 Verbum
249 2816 313 2860 rem
332 2803 464 2859 creatam
488 2794 606 2858 aiebant
627 2814 712 2864 esse.
740 2797 795 2857 sed
816 2795 910 2874 magis
934 2793 1022 2854 etiam
1044 2793 1323 2866 conmemiseebant

91 2915 228 2976 eumque
257 2898 350 2959 nihilo
379 2897 477 2959 seeins
506 2895 708 2977 suspiciebant
729 2915 764 2958 ae
784 2897 811 2956 si
833 2915 849 2957 e
871 2893 995 2973 Templo
1017 2902 1120 2956 saneto
1141 2893 1322 2974 loqueretur.

92 2997 159 3059 Cur
189 2997 280 3076 igitur
306 3017 367 3060 nen
394 3008 534 3060 verentur
560 2997 644 3076 impii
673 2996 830 3067 homines,
852 3014 906 3066 ne,
929 2998 1009 3057 sicut
1030 3013 1093 3058 aee
1110 2995 1324 3075 probauerant

98 3097 199 3160 Deum
226 3101 342 3170 babere,
357 3103 390 3161 ie
410 3105 534 3169 aetitia,
563 3097 717 3158 tradantur
739 3100 771 3157 ia
793 3097 956 3174 reprobam
978 3114 1116 3166 sensnm,
1146 3105 1181 3158 ιιι
1206 3098 1324 3176 fneinat

97 3217 143 3270 ee,
167 3219 241 3282 pane
262 3219 325 3262 aaa
349 3197 553 3263 conuenerat?
597 3197 659 3258 Nee
687 3195 766 3258 euim
793 3213 855 3257 rem
878 3204 1006 3258 creatam
1027 3196 1133 3258 adorat
1148 3215 1203 3258 res
1225 3203 1323 3258 ereata

94 3319 194 3380 neque
216 3319 323 3363 rursus
345 3301 383 3362 ob
406 3319 526 3362 carnem
547 3296 706 3360 Dominum
728 3315 814 3358 suum
836 3296 945 3376 refugit
965 3297 1100 3370 adorare,
1123 3296 1177 3358 sed
1198 3296 1271 3358 vidit
1291 3296 1321 3356 in

28 3459 29 3466 ,
97 3418 225 3480 corpore
246 3410 411 3483 preaterem
434 3419 532 3474 snum,
556 3407 643 3478 atque
665 3402 698 3458 ιἰι
719 3401 840 3460 semine
861 3395 932 3460 Iesu
955 3415 1040 3460 eatae
1059 3415 1138 3476 penu
1153 3397 1262 3460 flexum
1277 3404 1324 3457 est

100 3511 132 3562 et
157 3503 291 3564 flectetur
320 3501 507 3573 caelestium,
537 3503 732 3565 terrestrium
755 3510 784 3561 et
805 3500 1017 3577 infernorum,
1046 3504 1077 3560 et
1099 3502 1195 3560 emate
1218 3498 1324 3577 liapua

98 3602 296 3678 confitebitur,
321 3605 440 3666 tametsi
461 3601 578 3665 Arianis
602 3619 662 3662 non
684 3599 789 3680 placet,
812 3603 882 3680 pnrb
902 3600 1050 3662 Damasus
1073 3597 1158 3662 teras
1183 3598 1323 3661 Christus

100 3708 132 3765 iu
162 3703 259 3785 pteris
291 3715 337 3766 eat
357 3704 417 3766 Dei
437 3703 551 3766 Petris.
595 3702 697 3780 Neque
725 3701 807 3762 enim
836 3700 963 3764 dedecus
991 3699 1089 3762 Verbo
1118 3717 1187 3761 earo
1216 3697 1322 3771 attulit,

100 3803 184 3876 absit,
207 3804 260 3864 sed
281 3803 346 3883 ipsa
368 3803 469 3881 potius
491 3802 527 3864 ab
551 3801 602 3863 idio
624 3797 747 3880 gloriam
771 3801 892 3880 aeeepit.
936 3801 998 3862 Nee
1020 3801 1091 3862 item
1113 3799 1183 3878 quie
1196 3800 1322 3860 formam

136 3990 158 4038 b.
174 3980 259 4045 πάσης
277 3987 345 4036 deest
362 3989 385 4036 in
403 3986 494 4048 daglie.
731 3974 871 4062 idpemvpi.
908 3983 973 4032 Idem
998 3997 1043 4096 im
1069 3976 1112 4061 (ζεῖ
1132 3981 1205 4031 babet
1222 3975 1272 4042 dri,
1300 3990 1324 4031 et

139 4087 268 4166 ΜΨ·
286 4086 376 4150 Μὴ·
396 4086 496 4138 ⁰⁰b¹⁰¹·
513 4091 538 4135 ⁸²
546 4084 650 4134 ΝΜ·
660 4083 682 4134 ¹·
733 4047 1187 4180 ⁹¹⁰0.”iiiiiiiirminianiiiiiii.
1218 4114 1262 4166 ιιι
1279 4129 1323 4168 ιι-

102 4167 232 4220 ww*
737 4193 784 4236 tem
804 4194 828 4234 er
846 4185 901 4234 adiri
920 4177 1037 4250 φύσεως.
1073 4185 1148 4235 Pande
1166 4191 1323 4248 postmane-

140 4255 160 4304 d.
176 4254 212 4306 Sie
229 4254 328 4316 Seguer.
363 4255 391 4304 dt
413 4251 486 4304 basii.
505 4252 595 4314 duplic.
615 4250 684 4302 sont.
736 4253 819 4316 scripti
838 4243 854 4312 ἢ
873 4241 917 4301 itt
933 4245 962 4302 la
978 4249 1048 4301 ναοῦ
1065 4255 1162 4314 babent,
1180 4241 1264 4310 editiri
1278 4239 1324 4299 irs
1348 4273 1358 4294 ι

110 4315 253 4386 ἓτρόμαξεν.
292 4323 352 4372 Edit.
373 4321 490 4372 camuel.
509 4321 591 4370 etalii
610 4311 685 4383 ἐτρό-
735 4311 764 4369 ln
780 4318 856 4368 ναοῦ.

109 4385 191 4455 pudes.
223 4390 297 4441 Panto
309 4398 364 4454 post
381 4391 480 4452 Segusa.
499 4389 571 4438 babet
588 4399 686 4454 aparte·
771 4389 787 4437 i.
806 4387 879 4438 dasii.
897 4395 921 4438 et
938 4385 1027 4448 tuate
1048 4381 1097 4436 τὸν
1109 4377 1235 4454 χριστόν.

110 4453 273 4523 sompnium
289 4461 343 4508 siae
360 4473 417 4508 rece
433 4449 527 4522 ἁγίων.
563 4456 686 4506 lacedem
771 4469 794 4518 3.
812 4457 853 4506 Sic
870 4457 1010 4518 Sepaerian.
1030 4456 1128 4506 Gobler.
1141 4465 1166 4506 et
1183 4453 1288 4504 aelam.
1300 4449 1324 4498 l.

114 4521 159 4570 νῦν
173 4533 222 4588 pest
239 4517 326 4591 denso
346 4526 448 4589 iegitur,
472 4525 497 4575 in
521 4526 608 4576 ceteris
631 4529 688 4588 pest
737 4523 800 4574 Editi
817 4537 874 4574 vero
891 4531 916 4574 at
932 4524 973 4574 atii
990 4515 1151 4590 ἱκάμιιτιιο.

1060 4602 1119 4655 w
