3236 5286
502 463 507 472 ,
575 411 683 464 omrro
698 411 719 456 r.
735 411 850 458 conrss
864 413 999 457 rennos.
1337 397 1400 462 ala
1429 475 1432 486 ¹

172 561 299 623 adenem
320 579 382 623 non
404 569 452 624 est
473 560 509 624 ab
531 561 648 625 illerum
669 563 797 625 haeresi.
841 561 913 625 Cum
936 563 1013 625 euim
1036 563 1129 626 Deum
1152 583 1169 626 o
1191 564 1283 627 nibllo
1307 580 1486 626 error-m.

173 671 234 725 tum
256 661 412 724 etlilium
434 671 564 744 ereatqm
586 663 644 726 sibi
666 663 819 738 linxerint,
847 681 909 724 uon
937 664 1086 726 immerito
1115 664 1285 728 huiusmodi
1308 685 1398 729 usur·
1451 747 1453 755 Ι

172 781 401 845 paraeneseos,
423 783 497 844 quae
518 764 608 827 rebus
631 765 738 826 ereatis
760 765 947 827 conveniant.
986 763 1232 842 Quandoquidem
1253 785 1325 828 vero
1341 766 1399 849 ipsi

173 866 202 927 in
224 865 493 944 disputationibus,
521 884 594 946 quas
622 883 688 928 erm
710 865 861 928 Ecclesiae
885 863 955 926 viris
978 863 1107 936 babent,
1136 881 1247 943 eosque
1274 885 1340 928 eum
1362 868 1399 929 de

172 985 242 1028 vero
265 975 296 1028 et
317 967 382 1028 solo
404 967 501 1029 Patris
523 966 620 1030 Verbo
643 966 827 1028 disserentes
850 964 987 1038 audiunt,
1017 963 1084 1026 talia
1114 982 1175 1026 uon
1206 976 1344 1028 verentur
1365 968 1401 1028 de

173 1085 208 1129 eo
230 1067 327 1148 loqui,
355 1067 426 1148 quid
454 1087 566 1148 quaeso
595 1067 643 1130 illa
666 1067 801 1130 doctrina
828 1065 973 1145 impurius
997 1065 1090 1128 rideri
1112 1065 1233 1146 possiti
1278 1067 1353 1140 Quis
1376 1068 1401 1130 si

172 1167 238 1230 illos
260 1169 307 1230 rel
329 1177 443 1231 tautum
465 1169 609 1242 audierit,
639 1167 756 1230 etiamsi
779 1166 980 1230 contradicere
1000 1185 1063 1234 uon
1085 1167 1194 1240 valeat,
1218 1186 1279 1229 non
1303 1167 1402 1230 statim

172 1270 360 1350 perturbetur
381 1289 530 1350 auresque
551 1287 612 1332 non
637 1269 789 1342 obstruat,
819 1267 905 1330 novis
933 1267 979 1331 bis
1001 1269 1109 1332 merito
1131 1269 1289 1349 perculsus
1312 1287 1404 1331 voees

171 1371 264 1443 bulis,
286 1391 362 1451 quae
384 1381 415 1434 et
435 1373 476 1434 illi
499 1379 645 1452 usurpant
667 1370 784 1451 etipse
805 1370 900 1443 audit,
923 1365 1056 1450 quaeque
1076 1371 1142 1451 ipsa
1164 1391 1200 1433 ex
1223 1389 1256 1432 se
1278 1371 1324 1432 rel
1347 1388 1401 1431 so-

171 1473 231 1535 lum
251 1474 366 1553 prelata
388 1483 519 1554 apertam
541 1473 715 1554 praeierunt
735 1470 976 1552 blasphemiam?
1019 1471 1092 1533 Nam
1114 1474 1141 1533 si
1163 1471 1291 1534 Verbum
1326 1471 1400 1534 verti

172 1581 201 1636 et
221 1577 327 1652 mutari
350 1583 460 1655 petest,
482 1575 533 1637 ubi
556 1593 668 1655 quaeso
692 1573 799 1647 stabit,
822 1572 954 1652 qualisve
977 1573 1042 1634 eius
1064 1573 1237 1636 inerementi
1259 1574 1326 1635 bnis
1349 1576 1398 1636 lu·

171 1685 255 1739 turus
288 1675 360 1738 est?
394 1677 440 1738 vel
468 1677 619 1756 quemodo
648 1675 798 1738 mutabilis
827 1673 999 1736 immutabili
1027 1675 1138 1753 poterit
1165 1692 1235 1736 esse
1266 1673 1400 1738 similis?

172 1777 332 1849 Quomodo
354 1778 426 1838 item
449 1777 499 1855 qui
521 1777 690 1839 mutabilem
713 1775 828 1850 viderit,
850 1775 1059 1840 immutabilem
1082 1775 1249 1845 sevidisse
1272 1777 1400 1840 arbitra·
1512 1816 1514 1824 ,

172 1875 277 1937 bituri
305 1877 340 1937 ln
355 1895 486 1955 quonam
508 1885 605 1938 autem
627 1877 691 1938 eius
713 1883 790 1938 statu
812 1878 922 1956 poterit
943 1877 972 1938 in
996 1877 1046 1939 illo
1062 1877 1154 1938 videri
1171 1875 1281 1939 Pater?
1315 1877 1400 1940 Certe

175 1975 283 2055 liquet,
313 1977 395 2056 quod
422 1994 510 2039 uerno
540 1995 658 2056 semper
684 1977 716 2039 in
743 1977 793 2038 illo
817 1979 933 2040 Patrem
957 1986 1004 2040 est
1024 1978 1157 2052 risurus,
1185 1997 1253 2040 eum
1282 1995 1402 2058 semper

177 2077 424 2140 mutetur'l'illus
452 2077 657 2158 mutabilisque
685 2079 726 2141 sit
752 2087 884 2142 naturae.
933 2081 1064 2160 Namque
1093 2079 1181 2142 Pater
1208 2081 1399 2144 immutabilis

176 2185 223 2238 est
244 2179 400 2260 omnisque
422 2199 529 2262 expers
552 2183 767 2258 conversionis,
791 2175 969 2262 dbmperque
984 2181 1106 2243 elidem
1129 2191 1159 2244 et
1181 2184 1285 2246 eodem
1307 2185 1398 2246 modo

174 2287 228 2340 est.
274 2280 332 2342 Sed
354 2283 511 2356 sibillae,
534 2291 567 2345 ut
588 2284 736 2357 sentiunt,
770 2292 817 2346 est
838 2283 987 2346 mutabilis
1008 2303 1064 2346 nec
1086 2303 1206 2364 semper
1226 2285 1320 2360 idem,
1344 2286 1483 2352 sedena.

172 2380 236 2443 eius
258 2390 393 2456 naturae,
415 2403 490 2465 quae
513 2403 632 2466 semper
653 2393 801 2460 murelum
823 2389 875 2464 qul
895 2385 960 2448 lleri
983 2393 1093 2466 petest,
1118 2395 1150 2448 ut
1171 2385 1219 2447 ille
1241 2387 1280 2448 sit
1301 2387 1398 2466 imago

169 2481 279 2557 Patris,
310 2485 358 2565 qui
388 2487 516 2550 similem
546 2505 607 2548 non
635 2487 742 2548 babeat
769 2485 1060 2550 immutabilitatem?
1103 2487 1167 2549 lrno
1195 2488 1346 2567 quomodo
1368 2487 1399 2549 in

166 2583 253 2648 Patre
275 2605 344 2648 esse
371 2590 495 2650 omnino
514 2589 639 2668 possit,
672 2588 722 2668 qui
752 2589 886 2670 ambigua
916 2598 963 2652 est
991 2586 1168 2651 voluntate?
1211 2575 1301 2650 Forte
1328 2607 1398 2650 rere

167 2705 233 2748 eum
256 2688 296 2747 sit
317 2689 466 2750 mutabilis
489 2699 520 2750 et
541 2691 664 2769 siugulis
687 2689 790 2752 diebus
818 2691 971 2771 proficiat,
1003 2691 1153 2767 perlectus
1182 2688 1314 2748 nondum
1344 2695 1400 2747 est.

169 2786 230 2846 Sed
250 2787 345 2870 valeat
365 2795 424 2847 tam
447 2789 572 2850 insanus
594 2791 769 2852 brianeruru
792 2810 893 2859 error,
922 2791 1091 2868 fulgentque
1113 2787 1239 2860 veritas,
1268 2803 1344 2864 quae
1373 2795 1402 2847 et

171 2903 226 2946 eos
247 2883 385 2962 desipere
407 2888 504 2965 palam
527 2889 671 2949 ostendat.
716 2891 774 2960 Qut
803 2889 881 2950 enim
911 2889 974 2949 lieri
1007 2895 1114 2968 potest
1130 2895 1163 2948 ut
1184 2885 1233 2946 ille
1254 2887 1402 2965 perlectus

172 2981 314 3056 nonsit,
343 2984 393 3062 qui
421 2983 551 3062 aequalis
572 2985 634 3046 lieo
658 2985 728 3046 est?
770 2989 828 3048 dut
854 2987 1004 3067 quomodo
1033 2985 1225 3048 immutabilis
1254 3003 1315 3047 uon
1345 2974 1414 3060 ests

173 3083 223 3162 qui
247 3101 338 3144 unum
361 3101 428 3145 eum
450 3085 539 3145 Patre
566 3093 613 3147 est
640 3085 762 3164 eiusque
791 3095 912 3149 naturae
939 3085 1081 3164 proprius
1103 3093 1150 3147 est
1170 3085 1284 3148 Fidus?
1329 3085 1399 3150 Cum

173 3183 265 3262 igitur
284 3184 381 3246 Patris
404 3191 509 3246 natura
532 3184 572 3246 sil
592 3185 794 3260 immutabilis,
818 3205 877 3248 non
901 3185 1022 3248 dubium
1045 3195 1101 3260 est,
1124 3187 1194 3267 quin
1210 3189 1398 3252 immutabilis

172 3303 291 3366 quoque
314 3285 352 3348 sit
373 3285 515 3366 proprius
538 3288 587 3365 qui
610 3305 646 3349 ex
669 3305 703 3348 ea
727 3286 860 3349 exoritur
880 3287 966 3350 letus.
1012 3285 1094 3362 Quae
1115 3307 1180 3352 eum
1202 3289 1240 3352 ita
1262 3291 1337 3365 sint,
1371 3291 1396 3352 ei

171 3386 300 3449 Verbum
323 3371 462 3450 mutabile
485 3405 551 3450 esse
573 3397 697 3469 pergent
718 3389 794 3451 lalso
817 3389 1012 3464 contendere,
1043 3391 1159 3453 rideant
1186 3401 1327 3474 quantum
1357 3392 1397 3454 sit

85 3543 115 3578 .·
171 3487 201 3549 iu
224 3473 369 3552 eiusmodi
393 3507 533 3551 sermone
556 3489 729 3569 perieulum.
773 3473 905 3570 Namque
933 3511 968 3553 ex
996 3493 1091 3555 lruetu
1118 3494 1208 3556 arbor
1236 3495 1394 3574 cognesci-

170 3597 234 3662 tur3
263 3590 333 3652 bine
353 3591 402 3669 qui
426 3591 497 3652 vidit
517 3591 639 3666 rutum,
669 3591 742 3654 vidit
762 3591 896 3668 Patrem,
924 3601 955 3656 et
981 3594 1046 3656 Filii
1075 3595 1204 3676 cognitio
1226 3595 1325 3658 Patris
1349 3601 1397 3655 est

171 3692 309 3770 cognitio.

223 3969 231 3976 μ
256 3895 306 3957 36.
352 3893 539 3973 Quapropter
559 3893 750 3957 immutabilis
772 3893 826 3957 Dei
848 3894 944 3972 imago
974 3891 1167 3954 immutabilis
1190 3911 1308 3973 qunque
1331 3894 1397 3973 ipsa

172 3991 212 4054 sit
233 3994 355 4055 neeesse
377 4003 431 4056 est.
476 3993 628 4072 Siquidem
657 3994 743 4056 lesus
767 3993 907 4056 cbristus
938 3993 1061 4054 borist
1090 3993 1176 4056 bodie
1201 3997 1277 4058 idem
1306 4005 1335 4059 et
1364 3999 1397 4058 ia

205 4225 225 4260 e.
244 4211 342 4273 sepner.
361 4213 458 4266 Gobler.
477 4219 501 4262 et
518 4212 652 4263 lelctruru.
675 4211 696 4261 l.
714 4205 760 4259 aral
810 4211 914 4262 l'elelm.
936 4212 958 4262 l.
976 4219 1000 4262 et
1017 4211 1041 4264 b.
1060 4202 1130 4264 alda
1147 4205 1224 4262 τοῦθ’
1245 4205 1331 4266 οὕτως
1348 4211 1398 4262 τοῦ

171 4267 213 4326 o’rsi
232 4271 365 4334 acestae.
809 4274 899 4344 λόγου.
937 4273 1065 4340 renaldi
1082 4279 1132 4328 τοῦ
1149 4273 1227 4328 τοῦθ’
1249 4271 1336 4332 odrae
1354 4271 1398 4326 ὅν-

206 4347 222 4396 l.
241 4348 381 4410 Sequeriru.
406 4347 541 4398 Geblon'au.
569 4345 757 4398 celerrime.
807 4359 864 4464 pope
886 4345 936 4396 τοῦ
953 4341 1043 4413 λόγου.
1080 4347 1141 4399 Editi
1160 4340 1184 4397 el
1201 4341 1232 4397 di
1249 4345 1299 4397 reri
1317 4339 1398 4401 ὄντος

172 4427 189 4461 α
219 4425 285 4463 sorr.
859 4429 898 4466 ou.

191 4404 227 4544 τε.
247 4481 345 4546 Sequor.
365 4483 420 4545 neg.
439 4491 462 4534 el
480 4482 552 4534 besil.
572 4475 586 4530 d
605 4469 651 4531 loa
669 4479 735 4547 erp.
824 4429 1027 4544 obsnsqner.
1062 4481 1107 4551 dlii
1125 4497 1181 4533 rere
1201 4488 1224 4531 et
1242 4481 1298 4532 editi
1316 4469 1398 4543 γινώ-

204 4551 228 4599 b.
247 4551 287 4601 Sie
304 4553 400 4614 Sequor.
436 4549 464 4599 dt
487 4549 558 4599 besil.
585 4557 608 4600 et
625 4549 716 4612 duplis.
734 4541 760 4600 εἰ
810 4561 911 4607 umet,
930 4543 975 4598 sei
993 4542 1040 4597 aad
1057 4545 1138 4596 τοῦτο
1158 4541 1185 4596 de

171 4608 202 4664 dl
224 4613 273 4667 red
296 4610 382 4672 ὅπως
399 4611 477 4671 ὄντος
493 4613 583 4682 λόγου.
620 4617 757 4669 Gobleriou.
