<?xml version="1.0" encoding="UTF-8"?>
<!DOCTYPE html PUBLIC "-//W3C//DTD XHTML 1.0 Transitional//EN"
    "http://www.w3.org/TR/xhtml1/DTD/xhtml1-transitional.dtd">
<html xmlns="http://www.w3.org/1999/xhtml" xml:lang="en" lang="en">
 <head>
  <title>
</title>
<meta http-equiv="Content-Type" content="text/html;charset=utf-8" />
  <meta name='ocr-system' content='tesseract 3.04.00' />
  <meta name='ocr-capabilities' content='ocr_page ocr_carea ocr_par ocr_line ocrx_word'/>
</head>
<body>
  <div class='ocr_page' id='page_1' title='image "./sanctiathanasii00athagoog_0049.png"; bbox 0 0 3176 5304; ppageno 0'>
   <div class='ocr_carea' id='block_1_1' title="bbox 255 327 1085 389">
    <p class='ocr_par' dir='ltr' id='par_1_1' title="bbox 255 327 1085 389">
     <span class='ocr_line' id='line_1_1' title="bbox 255 327 1085 389; baseline 0.002 -7"><span class='ocrx_word' id='word_1_1' title='bbox 255 327 275 389; x_wconf 78' lang='lat'><em>2</em></span> <span class='ocrx_word' id='word_1_2' title='bbox 650 341 676 384; x_wconf 86' lang='lat' dir='ltr'><strong><em>s.</em></strong></span> <span class='ocrx_word' id='word_1_3' title='bbox 691 341 847 384; x_wconf 73' lang='lat' dir='ltr'><strong><em>srmaesn</em></strong></span> <span class='ocrx_word' id='word_1_4' title='bbox 861 341 1085 385; x_wconf 76' lang='lat' dir='ltr'><strong><em>sscmsrtsaoet</em></strong></span> 
     </span>
    </p>
   </div>
   <div class='ocr_carea' id='block_1_2' title="bbox 180 489 1581 4194">
    <p class='ocr_par' dir='ltr' id='par_1_2' title="bbox 180 489 1581 4194">
     <span class='ocr_line' id='line_1_2' title="bbox 180 489 1494 572; baseline 0.008 -22"><span class='ocrx_word' id='word_1_5' title='bbox 180 496 393 554; x_wconf 76' lang='lat' dir='ltr'><strong><em>nonrs&#39;siensis</em></strong></span> <span class='ocrx_word' id='word_1_6' title='bbox 421 495 497 552; x_wconf 87' lang='lat' dir='ltr'><strong><em>anni</em></strong></span> <span class='ocrx_word' id='word_1_7' title='bbox 519 492 610 554; x_wconf 79' lang='grc'><strong>1643.</strong></span> <span class='ocrx_word' id='word_1_8' title='bbox 634 501 704 552; x_wconf 91' lang='lat' dir='ltr'><strong><em>tom.</em></strong></span> <span class='ocrx_word' id='word_1_9' title='bbox 722 489 775 552; x_wconf 85' lang='lat' dir='ltr'><strong><em>tx.</em></strong></span> <span class='ocrx_word' id='word_1_10' title='bbox 794 491 947 572; x_wconf 83' lang='lat' dir='ltr'><strong><em>p.131.¹)</em></strong></span> <span class='ocrx_word' id='word_1_11' title='bbox 977 493 1112 553; x_wconf 88' lang='lat' dir='ltr'><strong><em>meminit</em></strong></span> <span class='ocrx_word' id='word_1_12' title='bbox 1141 491 1236 553; x_wconf 83' lang='lat' dir='ltr'><strong><em>libelli</em></strong></span> <span class='ocrx_word' id='word_1_13' title='bbox 1255 490 1288 556; x_wconf 87' lang='lat' dir='ltr'><strong><em>S.</em></strong></span> <span class='ocrx_word' id='word_1_14' title='bbox 1312 493 1494 572; x_wconf 68' lang='lat' dir='ltr'><strong><em>Athanasio}</em></strong></span> 
     </span>
     <span class='ocr_line' id='line_1_3' title="bbox 252 590 1494 672; baseline 0.005 -17"><span class='ocrx_word' id='word_1_15' title='bbox 252 595 306 655; x_wconf 87' lang='lat' dir='ltr'><strong><em>nbi</em></strong></span> <span class='ocrx_word' id='word_1_16' title='bbox 327 593 380 652; x_wconf 80' lang='lat' dir='ltr'><strong><em>leae</em></strong></span> <span class='ocrx_word' id='word_1_17' title='bbox 402 609 489 653; x_wconf 88' lang='lat' dir='ltr'><strong><em>ooces</em></strong></span> <span class='ocrx_word' id='word_1_18' title='bbox 512 590 678 652; x_wconf 85' lang='lat' dir='ltr'><strong><em>dominicus</em></strong></span> <span class='ocrx_word' id='word_1_19' title='bbox 700 590 790 650; x_wconf 89' lang='lat' dir='ltr'><strong><em>homo</em></strong></span> <span class='ocrx_word' id='word_1_20' title='bbox 813 592 990 668; x_wconf 73' lang='lat' dir='ltr'><strong><em>exstabant5</em></strong></span> <span class='ocrx_word' id='word_1_21' title='bbox 1021 611 1106 672; x_wconf 82' lang='lat' dir='ltr'><strong><em>pnem</em></strong></span> <span class='ocrx_word' id='word_1_22' title='bbox 1128 593 1245 672; x_wconf 78' lang='lat' dir='ltr'><strong><em>peridem</em></strong></span> <span class='ocrx_word' id='word_1_23' title='bbox 1267 593 1364 657; x_wconf 84' lang='lat' dir='ltr'><strong><em>locam</em></strong></span> <span class='ocrx_word' id='word_1_24' title='bbox 1386 599 1494 661; x_wconf 84' lang='lat' dir='ltr'><strong><em>aira-</em></strong></span> 
     </span>
     <span class='ocr_line' id='line_1_4' title="bbox 252 691 1493 774; baseline 0.006 -20"><span class='ocrx_word' id='word_1_25' title='bbox 252 697 328 754; x_wconf 89' lang='lat' dir='ltr'><strong><em>sisse</em></strong></span> <span class='ocrx_word' id='word_1_26' title='bbox 351 711 386 752; x_wconf 90' lang='lat' dir='ltr'><strong><em>ae</em></strong></span> <span class='ocrx_word' id='word_1_27' title='bbox 409 692 514 754; x_wconf 89' lang='lat' dir='ltr'><strong><em>deinde</em></strong></span> <span class='ocrx_word' id='word_1_28' title='bbox 537 695 733 770; x_wconf 78' lang='lat' dir='ltr'><strong><em>rescripsisse</em></strong></span> <span class='ocrx_word' id='word_1_29' title='bbox 755 692 831 752; x_wconf 93' lang='lat' dir='ltr'><strong><em>idem</em></strong></span> <span class='ocrx_word' id='word_1_30' title='bbox 854 692 954 754; x_wconf 81' lang='lat' dir='ltr'><strong><em>obiicit</em></strong></span> <span class='ocrx_word' id='word_1_31' title='bbox 970 691 1001 753; x_wconf 88' lang='lat' dir='ltr'><strong><em>S.</em></strong></span> <span class='ocrx_word' id='word_1_32' title='bbox 1019 691 1217 772; x_wconf 76' lang='lat' dir='ltr'><strong><em>Hieronymo,</em></strong></span> <span class='ocrx_word' id='word_1_33' title='bbox 1240 699 1293 774; x_wconf 79' lang='lat' dir='ltr'><strong><em>qni</em></strong></span> <span class='ocrx_word' id='word_1_34' title='bbox 1315 697 1391 758; x_wconf 80' lang='lat' dir='ltr'><strong><em>lonc</em></strong></span> <span class='ocrx_word' id='word_1_35' title='bbox 1413 718 1493 761; x_wconf 82' lang='lat' dir='ltr'><strong><em>ase</em></strong></span> 
     </span>
     <span class='ocr_line' id='line_1_5' title="bbox 253 790 1490 873; baseline 0.005 -18"><span class='ocrx_word' id='word_1_36' title='bbox 253 791 427 873; x_wconf 87' lang='lat' dir='ltr'><strong><em>depellendo</em></strong></span> <span class='ocrx_word' id='word_1_37' title='bbox 451 790 660 866; x_wconf 74' lang='lat' dir='ltr'><strong><em>calomniam²t</em></strong></span> <span class='ocrx_word' id='word_1_38' title='bbox 682 795 801 852; x_wconf 89' lang='lat' dir='ltr'><strong><em>minime</em></strong></span> <span class='ocrx_word' id='word_1_39' title='bbox 823 803 920 870; x_wconf 77' lang='lat' dir='ltr'><strong><em>nepot,</em></strong></span> <span class='ocrx_word' id='word_1_40' title='bbox 943 794 974 853; x_wconf 92' lang='lat' dir='ltr'><strong><em>id</em></strong></span> <span class='ocrx_word' id='word_1_41' title='bbox 988 798 1031 854; x_wconf 89' lang='lat' dir='ltr'><strong><em>ita</em></strong></span> <span class='ocrx_word' id='word_1_42' title='bbox 1045 797 1195 872; x_wconf 82' lang='lat' dir='ltr'><strong><em>sc&#39;riptnm</em></strong></span> <span class='ocrx_word' id='word_1_43' title='bbox 1209 799 1363 858; x_wconf 73' lang='lat' dir='ltr'><strong><em>exstitisse</em></strong></span> <span class='ocrx_word' id='word_1_44' title='bbox 1377 802 1410 859; x_wconf 89' lang='lat' dir='ltr'><strong><em>in</em></strong></span> <span class='ocrx_word' id='word_1_45' title='bbox 1425 799 1490 861; x_wconf 88' lang='lat' dir='ltr'><strong><em>illo</em></strong></span> 
     </span>
     <span class='ocr_line' id='line_1_6' title="bbox 253 891 1489 978; baseline 0.007 -26"><span class='ocrx_word' id='word_1_46' title='bbox 253 892 286 952; x_wconf 90' lang='lat' dir='ltr'><strong><em>S.</em></strong></span> <span class='ocrx_word' id='word_1_47' title='bbox 311 893 471 954; x_wconf 74' lang='lat' dir='ltr'><strong><em>Athanasii</em></strong></span> <span class='ocrx_word' id='word_1_48' title='bbox 491 891 603 954; x_wconf 81' lang='lat' dir='ltr'><strong><em>tttntto.</em></strong></span> <span class='ocrx_word' id='word_1_49' title='bbox 652 891 759 952; x_wconf 87' lang='lat' dir='ltr'><strong><em>Vernm</em></strong></span> <span class='ocrx_word' id='word_1_50' title='bbox 787 911 827 952; x_wconf 87' lang='lat' dir='ltr'><strong><em>cn</em></strong></span> <span class='ocrx_word' id='word_1_51' title='bbox 849 895 906 954; x_wconf 90' lang='lat' dir='ltr'><strong><em>iste</em></strong></span> <span class='ocrx_word' id='word_1_52' title='bbox 929 892 1046 954; x_wconf 79' lang='lat' dir='ltr'><strong><em>libellos</em></strong></span> <span class='ocrx_word' id='word_1_53' title='bbox 1070 897 1111 954; x_wconf 87' lang='lat' dir='ltr'><strong><em>sit</em></strong></span> <span class='ocrx_word' id='word_1_54' title='bbox 1134 895 1204 956; x_wconf 85' lang='lat' dir='ltr'><strong><em>Aoee</em></strong></span> <span class='ocrx_word' id='word_1_55' title='bbox 1225 895 1300 974; x_wconf 75' lang='lat' dir='ltr'><strong><em>fidei</em></strong></span> <span class='ocrx_word' id='word_1_56' title='bbox 1319 903 1489 978; x_wconf 73' lang='lat' dir='ltr'><strong><em>expositio,</em></strong></span> 
     </span>
     <span class='ocr_line' id='line_1_7' title="bbox 181 991 1491 1074; baseline 0.005 -20"><span class='ocrx_word' id='word_1_57' title='bbox 181 1009 296 1055; x_wconf 69' lang='lat' dir='ltr'><strong><em>nonan</em></strong></span> <span class='ocrx_word' id='word_1_58' title='bbox 316 1011 389 1053; x_wconf 86' lang='lat' dir='ltr'><strong><em>vero</em></strong></span> <span class='ocrx_word' id='word_1_59' title='bbox 413 993 474 1054; x_wconf 91' lang='lat' dir='ltr'><strong><em>olio</em></strong></span> <span class='ocrx_word' id='word_1_60' title='bbox 495 997 603 1062; x_wconf 89' lang='lat' dir='ltr'><strong><em>maior,</em></strong></span> <span class='ocrx_word' id='word_1_61' title='bbox 627 1010 666 1053; x_wconf 93' lang='lat' dir='ltr'><strong><em>ex</em></strong></span> <span class='ocrx_word' id='word_1_62' title='bbox 688 1011 746 1071; x_wconf 79' lang='lat' dir='ltr'><strong><em>ana</em></strong></span> <span class='ocrx_word' id='word_1_63' title='bbox 768 991 884 1071; x_wconf 80' lang='lat' dir='ltr'><strong><em>als&#39;pnot</em></strong></span> <span class='ocrx_word' id='word_1_64' title='bbox 896 994 1070 1072; x_wconf 82' lang='lat' dir='ltr'><strong><em>frapntenta</em></strong></span> <span class='ocrx_word' id='word_1_65' title='bbox 1085 995 1178 1074; x_wconf 79' lang='lat' dir='ltr'><strong><em>affert</em></strong></span> <span class='ocrx_word' id='word_1_66' title='bbox 1196 993 1397 1062; x_wconf 74' lang='lat' dir='ltr'><strong><em>Theodoretns</em></strong></span> <span class='ocrx_word' id='word_1_67' title='bbox 1413 1000 1491 1060; x_wconf 87' lang='lat' dir='ltr'><strong><em>dio-</em></strong></span> 
     </span>
     <span class='ocr_line' id='line_1_8' title="bbox 256 1085 1581 1188; baseline 0.006 -34"><span class='ocrx_word' id='word_1_68' title='bbox 256 1093 321 1172; x_wconf 81' lang='lat' dir='ltr'><strong><em>lopo</em></strong></span> <span class='ocrx_word' id='word_1_69' title='bbox 338 1091 406 1166; x_wconf 79' lang='lat'><strong>3.³)‚</strong></span> <span class='ocrx_word' id='word_1_70' title='bbox 429 1092 482 1154; x_wconf 84' lang='lat' dir='ltr'><strong><em>nli</em></strong></span> <span class='ocrx_word' id='word_1_71' title='bbox 503 1093 619 1155; x_wconf 91' lang='lat' dir='ltr'><strong><em>eaedem</em></strong></span> <span class='ocrx_word' id='word_1_72' title='bbox 641 1111 727 1154; x_wconf 88' lang='lat' dir='ltr'><strong><em>voces</em></strong></span> <span class='ocrx_word' id='word_1_73' title='bbox 752 1093 909 1164; x_wconf 80' lang='lat' dir='ltr'><strong><em>habentor,</em></strong></span> <span class='ocrx_word' id='word_1_74' title='bbox 935 1103 1015 1154; x_wconf 90' lang='lat' dir='ltr'><strong><em>certo</em></strong></span> <span class='ocrx_word' id='word_1_75' title='bbox 1030 1085 1190 1175; x_wconf 76' lang='lat' dir='ltr'><strong><em>affirmari</em></strong></span> <span class='ocrx_word' id='word_1_76' title='bbox 1205 1114 1267 1156; x_wconf 89' lang='lat' dir='ltr'><strong><em>non</em></strong></span> <span class='ocrx_word' id='word_1_77' title='bbox 1279 1109 1396 1177; x_wconf 88' lang='lat' dir='ltr'><strong><em>potest:</em></strong></span> <span class='ocrx_word' id='word_1_78' title='bbox 1419 1103 1494 1161; x_wconf 85' lang='lat' dir='ltr'><strong><em>nisi</em></strong></span> <span class='ocrx_word' id='word_1_79' title='bbox 1580 1167 1581 1188; x_wconf 21' lang='grc' dir='ltr'>ἢ</span> 
     </span>
     <span class='ocr_line' id='line_1_9' title="bbox 254 1193 1487 1275; baseline 0.002 -19"><span class='ocrx_word' id='word_1_80' title='bbox 254 1196 338 1275; x_wconf 76' lang='lat' dir='ltr'><strong><em>[orte</em></strong></span> <span class='ocrx_word' id='word_1_81' title='bbox 365 1195 470 1271; x_wconf 82' lang='lat' dir='ltr'><strong><em>fasior</em></strong></span> <span class='ocrx_word' id='word_1_82' title='bbox 497 1193 553 1254; x_wconf 87' lang='lat' dir='ltr'><strong><em>illo</em></strong></span> <span class='ocrx_word' id='word_1_83' title='bbox 575 1194 647 1272; x_wconf 72' lang='lat' dir='ltr'><strong><em>pilei</em></strong></span> <span class='ocrx_word' id='word_1_84' title='bbox 667 1197 832 1272; x_wconf 90' lang='lat' dir='ltr'><strong><em>expositio,</em></strong></span> <span class='ocrx_word' id='word_1_85' title='bbox 862 1213 949 1273; x_wconf 78' lang='lat' dir='ltr'><strong><em>picam</em></strong></span> <span class='ocrx_word' id='word_1_86' title='bbox 973 1193 1176 1256; x_wconf 78' lang='lat' dir='ltr'><strong><em>Tteotorenn</em></strong></span> <span class='ocrx_word' id='word_1_87' title='bbox 1200 1196 1340 1256; x_wconf 82' lang='lat' dir='ltr'><strong><em>maiorem</em></strong></span> <span class='ocrx_word' id='word_1_88' title='bbox 1363 1197 1399 1257; x_wconf 85' lang='lat' dir='ltr'><strong><em>ds</em></strong></span> <span class='ocrx_word' id='word_1_89' title='bbox 1422 1198 1487 1260; x_wconf 83' lang='lat' dir='ltr'><strong><em>fide</em></strong></span> 
     </span>
     <span class='ocr_line' id='line_1_10' title="bbox 256 1293 1581 1374; baseline 0.002 -18"><span class='ocrx_word' id='word_1_90' title='bbox 256 1295 419 1356; x_wconf 84' lang='lat' dir='ltr'><strong><em>orationem</em></strong></span> <span class='ocrx_word' id='word_1_91' title='bbox 442 1293 585 1372; x_wconf 89' lang='lat' dir='ltr'><strong><em>appellat,</em></strong></span> <span class='ocrx_word' id='word_1_92' title='bbox 609 1293 728 1354; x_wconf 77' lang='lat' dir='ltr'><strong><em>libellas</em></strong></span> <span class='ocrx_word' id='word_1_93' title='bbox 752 1295 812 1356; x_wconf 90' lang='lat' dir='ltr'><strong><em>dici</em></strong></span> <span class='ocrx_word' id='word_1_94' title='bbox 830 1313 893 1356; x_wconf 84' lang='lat' dir='ltr'><strong><em>nox</em></strong></span> <span class='ocrx_word' id='word_1_95' title='bbox 913 1313 1003 1373; x_wconf 87' lang='lat' dir='ltr'><strong><em>posse</em></strong></span> <span class='ocrx_word' id='word_1_96' title='bbox 1025 1295 1176 1374; x_wconf 80' lang='lat' dir='ltr'><strong><em>alr&#39;qniins</em></strong></span> <span class='ocrx_word' id='word_1_97' title='bbox 1201 1297 1349 1358; x_wconf 78' lang='lat' dir='ltr'><strong><em>videatur.</em></strong></span> <span class='ocrx_word' id='word_1_98' title='bbox 1392 1297 1488 1360; x_wconf 79' lang='lat' dir='ltr'><strong><em>Utett</em></strong></span> <span class='ocrx_word' id='word_1_99' title='bbox 1580 1321 1581 1358; x_wconf 81' lang='lat' dir='ltr'><strong><em>t</em></strong></span> 
     </span>
     <span class='ocr_line' id='line_1_11' title="bbox 255 1395 1581 1475; baseline 0.003 -18"><span class='ocrx_word' id='word_1_100' title='bbox 255 1400 310 1467; x_wconf 85' lang='lat' dir='ltr'><strong><em>sit,</em></strong></span> <span class='ocrx_word' id='word_1_101' title='bbox 338 1397 407 1457; x_wconf 92' lang='lat' dir='ltr'><strong><em>inde</em></strong></span> <span class='ocrx_word' id='word_1_102' title='bbox 436 1404 535 1456; x_wconf 88' lang='lat' dir='ltr'><strong><em>tomen</em></strong></span> <span class='ocrx_word' id='word_1_103' title='bbox 558 1397 754 1474; x_wconf 80' lang='lat' dir='ltr'><strong><em>perspicuam</em></strong></span> <span class='ocrx_word' id='word_1_104' title='bbox 782 1406 841 1465; x_wconf 91' lang='lat' dir='ltr'><strong><em>est,</em></strong></span> <span class='ocrx_word' id='word_1_105' title='bbox 872 1395 948 1456; x_wconf 80' lang='lat' dir='ltr'><strong><em>lorea</em></strong></span> <span class='ocrx_word' id='word_1_106' title='bbox 968 1396 1041 1475; x_wconf 79' lang='lat' dir='ltr'><strong><em>fidei</em></strong></span> <span class='ocrx_word' id='word_1_107' title='bbox 1060 1399 1280 1474; x_wconf 67' lang='lat' dir='ltr'><strong><em>expositionem</em></strong></span> <span class='ocrx_word' id='word_1_108' title='bbox 1300 1401 1419 1460; x_wconf 87' lang='lat' dir='ltr'><strong><em>minime</em></strong></span> <span class='ocrx_word' id='word_1_109' title='bbox 1441 1399 1483 1460; x_wconf 79' lang='lat' dir='ltr'><strong><em>ol</em></strong></span> <span class='ocrx_word' id='word_1_110' title='bbox 1580 1421 1581 1430; x_wconf 53' lang='lat'>¹</span> 
     </span>
     <span class='ocr_line' id='line_1_12' title="bbox 255 1493 1482 1576; baseline 0.003 -20"><span class='ocrx_word' id='word_1_111' title='bbox 255 1495 327 1556; x_wconf 85' lang='lat' dir='ltr'><strong><em>illas</em></strong></span> <span class='ocrx_word' id='word_1_112' title='bbox 358 1514 444 1556; x_wconf 90' lang='lat' dir='ltr'><strong><em>ooces</em></strong></span> <span class='ocrx_word' id='word_1_113' title='bbox 468 1493 632 1555; x_wconf 74' lang='lat' dir='ltr'><strong><em>Athanasio</em></strong></span> <span class='ocrx_word' id='word_1_114' title='bbox 662 1513 726 1556; x_wconf 88' lang='lat' dir='ltr'><strong><em>esse</em></strong></span> <span class='ocrx_word' id='word_1_115' title='bbox 756 1496 998 1565; x_wconf 81' lang='lat' dir='ltr'><strong><em>abt&#39;ndicandam,</em></strong></span> <span class='ocrx_word' id='word_1_116' title='bbox 1022 1515 1089 1556; x_wconf 87' lang='lat' dir='ltr'><strong><em>cnm</em></strong></span> <span class='ocrx_word' id='word_1_117' title='bbox 1111 1507 1186 1570; x_wconf 77' lang='lat' dir='ltr'><strong><em>teste</em></strong></span> <span class='ocrx_word' id='word_1_118' title='bbox 1208 1495 1319 1576; x_wconf 78' lang='lat' dir='ltr'><strong><em>ilnfino</em></strong></span> <span class='ocrx_word' id='word_1_119' title='bbox 1342 1517 1409 1560; x_wconf 90' lang='lat' dir='ltr'><strong><em>enm</em></strong></span> <span class='ocrx_word' id='word_1_120' title='bbox 1432 1499 1482 1560; x_wconf 84' lang='lat' dir='ltr'><strong><em>leis</em></strong></span> 
     </span>
     <span class='ocr_line' id='line_1_13' title="bbox 243 1595 1482 1677; baseline 0.003 -21"><span class='ocrx_word' id='word_1_121' title='bbox 243 1596 418 1676; x_wconf 75' lang='lat' dir='ltr'><strong><em>,aliqnando</em></strong></span> <span class='ocrx_word' id='word_1_122' title='bbox 448 1597 546 1673; x_wconf 82' lang='lat' dir='ltr'><strong><em>fnisse</em></strong></span> <span class='ocrx_word' id='word_1_123' title='bbox 574 1613 662 1656; x_wconf 83' lang='lat' dir='ltr'><strong><em>osam</em></strong></span> <span class='ocrx_word' id='word_1_124' title='bbox 690 1606 815 1658; x_wconf 87' lang='lat' dir='ltr'><strong><em>constet.</em></strong></span> <span class='ocrx_word' id='word_1_125' title='bbox 862 1595 999 1657; x_wconf 83' lang='lat' dir='ltr'><strong><em>Ceteram</em></strong></span> <span class='ocrx_word' id='word_1_126' title='bbox 1026 1600 1125 1657; x_wconf 90' lang='lat' dir='ltr'><strong><em>maior</em></strong></span> <span class='ocrx_word' id='word_1_127' title='bbox 1151 1597 1207 1658; x_wconf 89' lang='lat' dir='ltr'><strong><em>iila</em></strong></span> <span class='ocrx_word' id='word_1_128' title='bbox 1229 1599 1263 1658; x_wconf 91' lang='lat' dir='ltr'><strong><em>de</em></strong></span> <span class='ocrx_word' id='word_1_129' title='bbox 1284 1597 1344 1677; x_wconf 78' lang='lat' dir='ltr'><strong><em>fide</em></strong></span> <span class='ocrx_word' id='word_1_130' title='bbox 1366 1602 1482 1669; x_wconf 86' lang='lat' dir='ltr'><strong><em>oratio,</em></strong></span> 
     </span>
     <span class='ocr_line' id='line_1_14' title="bbox 258 1695 1581 1776; baseline 0.002 -20"><span class='ocrx_word' id='word_1_131' title='bbox 258 1697 292 1757; x_wconf 92' lang='lat' dir='ltr'><strong><em>de</em></strong></span> <span class='ocrx_word' id='word_1_132' title='bbox 314 1716 372 1776; x_wconf 81' lang='lat' dir='ltr'><strong><em>poa</em></strong></span> <span class='ocrx_word' id='word_1_133' title='bbox 388 1695 599 1766; x_wconf 74' lang='lat' dir='ltr'><strong><em>Theodoretas,</em></strong></span> <span class='ocrx_word' id='word_1_134' title='bbox 622 1696 701 1756; x_wconf 79' lang='lat' dir='ltr'><strong><em>atttt</em></strong></span> <span class='ocrx_word' id='word_1_135' title='bbox 722 1695 807 1757; x_wconf 89' lang='lat' dir='ltr'><strong><em>alind</em></strong></span> <span class='ocrx_word' id='word_1_136' title='bbox 819 1697 948 1776; x_wconf 14' lang='lat' dir='ltr'><strong><em>&#39;videtne</em></strong></span> <span class='ocrx_word' id='word_1_137' title='bbox 963 1714 1036 1766; x_wconf 88' lang='lat' dir='ltr'><strong><em>esse,</em></strong></span> <span class='ocrx_word' id='word_1_138' title='bbox 1059 1715 1147 1776; x_wconf 79' lang='lat' dir='ltr'><strong><em>qnam</em></strong></span> <span class='ocrx_word' id='word_1_139' title='bbox 1161 1697 1264 1776; x_wconf 67' lang='grc' dir='ltr'><em>[νεῖον</em></span> <span class='ocrx_word' id='word_1_140' title='bbox 1279 1708 1308 1757; x_wconf 89' lang='lat' dir='ltr'><strong><em>et</em></strong></span> <span class='ocrx_word' id='word_1_141' title='bbox 1319 1697 1484 1776; x_wconf 87' lang='lat' dir='ltr'><strong><em>prolixior</em></strong></span> <span class='ocrx_word' id='word_1_142' title='bbox 1580 1737 1581 1746; x_wconf 28' lang='grc' dir='ltr'><em>ο</em></span> 
     </span>
     <span class='ocr_line' id='line_1_15' title="bbox 258 1797 1481 1878; baseline -0.001 -19"><span class='ocrx_word' id='word_1_143' title='bbox 258 1797 419 1877; x_wconf 80' lang='lat' dir='ltr'><strong><em>explicatio</em></strong></span> <span class='ocrx_word' id='word_1_144' title='bbox 434 1797 556 1858; x_wconf 86' lang='lat' dir='ltr'><strong><em>lminsee</em></strong></span> <span class='ocrx_word' id='word_1_145' title='bbox 572 1799 780 1876; x_wconf 88' lang='lat' dir='ltr'><strong><em>expositionis,</em></strong></span> <span class='ocrx_word' id='word_1_146' title='bbox 803 1817 857 1858; x_wconf 90' lang='lat' dir='ltr'><strong><em>nea</em></strong></span> <span class='ocrx_word' id='word_1_147' title='bbox 871 1801 969 1857; x_wconf 89' lang='lat' dir='ltr'><strong><em>maior</em></strong></span> <span class='ocrx_word' id='word_1_148' title='bbox 985 1797 1119 1866; x_wconf 81' lang='lat' dir='ltr'><strong><em>inscribi,</em></strong></span> <span class='ocrx_word' id='word_1_149' title='bbox 1141 1801 1204 1858; x_wconf 88' lang='lat' dir='ltr'><strong><em>nisi</em></strong></span> <span class='ocrx_word' id='word_1_150' title='bbox 1217 1801 1287 1878; x_wconf 82' lang='lat' dir='ltr'><strong><em>poio</em></strong></span> <span class='ocrx_word' id='word_1_151' title='bbox 1302 1797 1364 1857; x_wconf 88' lang='lat' dir='ltr'><strong><em>olio</em></strong></span> <span class='ocrx_word' id='word_1_152' title='bbox 1379 1801 1481 1868; x_wconf 89' lang='lat' dir='ltr'><strong><em>etiam,</em></strong></span> 
     </span>
     <span class='ocr_line' id='line_1_16' title="bbox 253 1897 1483 1976; baseline 0 -18"><span class='ocrx_word' id='word_1_153' title='bbox 253 1915 360 1976; x_wconf 84' lang='lat' dir='ltr'><strong><em>nempe</em></strong></span> <span class='ocrx_word' id='word_1_154' title='bbox 384 1897 470 1965; x_wconf 80' lang='lat' dir='ltr'><strong><em>loeo,¹</em></strong></span> <span class='ocrx_word' id='word_1_155' title='bbox 486 1897 633 1968; x_wconf 78' lang='lat' dir='ltr'><strong><em>exstabat,</em></strong></span> <span class='ocrx_word' id='word_1_156' title='bbox 657 1915 732 1976; x_wconf 75' lang='lat' dir='ltr'><strong><em>qnae</em></strong></span> <span class='ocrx_word' id='word_1_157' title='bbox 755 1897 878 1958; x_wconf 84' lang='lat' dir='ltr'><strong><em>ireoior</em></strong></span> <span class='ocrx_word' id='word_1_158' title='bbox 900 1906 928 1958; x_wconf 93' lang='lat' dir='ltr'><strong><em>et</em></strong></span> <span class='ocrx_word' id='word_1_159' title='bbox 952 1901 1138 1960; x_wconf 85' lang='lat' dir='ltr'><strong><em>contractior</em></strong></span> <span class='ocrx_word' id='word_1_160' title='bbox 1160 1906 1245 1967; x_wconf 87' lang='lat' dir='ltr'><strong><em>esset,</em></strong></span> <span class='ocrx_word' id='word_1_161' title='bbox 1268 1897 1347 1976; x_wconf 79' lang='lat' dir='ltr'><strong><em>qnod</em></strong></span> <span class='ocrx_word' id='word_1_162' title='bbox 1364 1907 1397 1958; x_wconf 91' lang='lat' dir='ltr'><strong><em>nt</em></strong></span> <span class='ocrx_word' id='word_1_163' title='bbox 1414 1897 1483 1958; x_wconf 87' lang='lat' dir='ltr'><strong><em>cla-</em></strong></span> 
     </span>
     <span class='ocr_line' id='line_1_17' title="bbox 256 1997 1484 2078; baseline 0.001 -20"><span class='ocrx_word' id='word_1_164' title='bbox 256 2001 324 2058; x_wconf 88' lang='lat' dir='ltr'><strong><em>rins</em></strong></span> <span class='ocrx_word' id='word_1_165' title='bbox 342 2006 456 2075; x_wconf 89' lang='lat' dir='ltr'><strong><em>pateat,</em></strong></span> <span class='ocrx_word' id='word_1_166' title='bbox 481 1997 561 2058; x_wconf 80' lang='lat' dir='ltr'><strong><em>hand</em></strong></span> <span class='ocrx_word' id='word_1_167' title='bbox 583 1999 618 2059; x_wconf 79' lang='lat' dir='ltr'><strong><em>ab</em></strong></span> <span class='ocrx_word' id='word_1_168' title='bbox 642 2016 676 2058; x_wconf 89' lang='lat' dir='ltr'><strong><em>re</em></strong></span> <span class='ocrx_word' id='word_1_169' title='bbox 697 1999 795 2075; x_wconf 83' lang='lat' dir='ltr'><strong><em>faerit</em></strong></span> <span class='ocrx_word' id='word_1_170' title='bbox 816 1997 914 2059; x_wconf 88' lang='lat' dir='ltr'><strong><em>loonm</em></strong></span> <span class='ocrx_word' id='word_1_171' title='bbox 935 2001 1034 2078; x_wconf 83' lang='lat' dir='ltr'><strong><em>ipsam</em></strong></span> <span class='ocrx_word' id='word_1_172' title='bbox 1057 1998 1182 2077; x_wconf 76' lang='lat' dir='ltr'><strong><em>offerre,</em></strong></span> <span class='ocrx_word' id='word_1_173' title='bbox 1204 1998 1257 2058; x_wconf 82' lang='lat' dir='ltr'><strong><em>nbi</em></strong></span> <span class='ocrx_word' id='word_1_174' title='bbox 1283 1997 1421 2058; x_wconf 81' lang='lat' dir='ltr'><strong><em>Christos</em></strong></span> <span class='ocrx_word' id='word_1_175' title='bbox 1444 2009 1484 2059; x_wconf 90' lang='lat' dir='ltr'><strong><em>nt</em></strong></span> 
     </span>
     <span class='ocr_line' id='line_1_18' title="bbox 257 2093 1483 2178; baseline 0.003 -22"><span class='ocrx_word' id='word_1_176' title='bbox 257 2096 342 2158; x_wconf 82' lang='lat' dir='ltr'><strong><em>homo</em></strong></span> <span class='ocrx_word' id='word_1_177' title='bbox 365 2095 530 2158; x_wconf 85' lang='lat' dir='ltr'><strong><em>dominicus</em></strong></span> <span class='ocrx_word' id='word_1_178' title='bbox 552 2097 642 2156; x_wconf 88' lang='lat' dir='ltr'><strong><em>homo</em></strong></span> <span class='ocrx_word' id='word_1_179' title='bbox 665 2099 785 2160; x_wconf 86' lang='lat' dir='ltr'><strong><em>dicitnr.</em></strong></span> <span class='ocrx_word' id='word_1_180' title='bbox 826 2097 873 2159; x_wconf 83' lang='lat' dir='ltr'><strong><em>lin</em></strong></span> <span class='ocrx_word' id='word_1_181' title='bbox 888 2101 983 2177; x_wconf 81' lang='lat' dir='ltr'><strong><em>ipitnr</em></strong></span> <span class='ocrx_word' id='word_1_182' title='bbox 1004 2098 1097 2159; x_wconf 81' lang='lat' dir='ltr'><strong><em>cerdo</em></strong></span> <span class='ocrx_word' id='word_1_183' title='bbox 1119 2093 1153 2161; x_wconf 73' lang='lat' dir='ltr'><strong><em>in</em></strong></span> <span class='ocrx_word' id='word_1_184' title='bbox 1168 2097 1226 2159; x_wconf 84' lang='grc' dir='ltr'><strong><em>τοῦ</em></strong></span> <span class='ocrx_word' id='word_1_185' title='bbox 1242 2096 1318 2178; x_wconf 79' lang='grc' dir='ltr'><em>περὶ</em></span> <span class='ocrx_word' id='word_1_186' title='bbox 1334 2099 1483 2172; x_wconf 77' lang='grc' dir='ltr'><em>πίστεως</em></span> 
     </span>
     <span class='ocr_line' id='line_1_19' title="bbox 257 2179 1481 2279; baseline 0.003 -22"><span class='ocrx_word' id='word_1_187' title='bbox 257 2179 355 2278; x_wconf 65' lang='grc' dir='ltr'><em>λόγου</em></span> <span class='ocrx_word' id='word_1_188' title='bbox 388 2196 446 2258; x_wconf 81' lang='grc' dir='ltr'><strong><em>τοῦ</em></strong></span> <span class='ocrx_word' id='word_1_189' title='bbox 478 2193 643 2277; x_wconf 74' lang='grc' dir='ltr'><strong><em>μείζονος,</em></strong></span> <span class='ocrx_word' id='word_1_190' title='bbox 676 2208 713 2259; x_wconf 87' lang='lat' dir='ltr'><strong><em>nt</em></strong></span> <span class='ocrx_word' id='word_1_191' title='bbox 745 2199 881 2278; x_wconf 89' lang='lat' dir='ltr'><strong><em>appellat</em></strong></span> <span class='ocrx_word' id='word_1_192' title='bbox 912 2179 1131 2261; x_wconf 73' lang='lat' dir='ltr'><strong><em>Theodoretns:</em></strong></span> <span class='ocrx_word' id='word_1_193' title='bbox 1166 2193 1290 2279; x_wconf 71' lang='grc' dir='ltr'><em>ἐγένετο</em></span> <span class='ocrx_word' id='word_1_194' title='bbox 1319 2192 1481 2279; x_wconf 80' lang='grc' dir='ltr'><em>Λάζαρον</em></span> 
     </span>
     <span class='ocr_line' id='line_1_20' title="bbox 258 2287 1581 2383; baseline 0.002 -23"><span class='ocrx_word' id='word_1_195' title='bbox 258 2287 491 2380; x_wconf 65' lang='lat' dir='ltr'><strong><em>iconisma</em></strong></span> <span class='ocrx_word' id='word_1_196' title='bbox 513 2287 719 2360; x_wconf 70' lang='lat' dir='ltr'><strong><em>instatere·</em></strong></span> <span class='ocrx_word' id='word_1_197' title='bbox 743 2290 762 2360; x_wconf 82' lang='grc' dir='ltr'><em>ὃ</em></span> <span class='ocrx_word' id='word_1_198' title='bbox 784 2295 820 2362; x_wconf 79' lang='grc' dir='ltr'><strong><em>δὲ</em></strong></span> <span class='ocrx_word' id='word_1_199' title='bbox 841 2294 993 2382; x_wconf 70' lang='lat' dir='ltr'><strong><em>raptanda</em></strong></span> <span class='ocrx_word' id='word_1_200' title='bbox 1016 2293 1201 2382; x_wconf 72' lang='grc' dir='ltr'><em>ἅνθρωπος</em></span> <span class='ocrx_word' id='word_1_201' title='bbox 1215 2288 1273 2360; x_wconf 75' lang='grc' dir='ltr'><strong><em>οὐκ</em></strong></span> <span class='ocrx_word' id='word_1_202' title='bbox 1289 2288 1482 2383; x_wconf 74' lang='grc' dir='ltr'><strong><em>ἀσθενήσας</em></strong></span> <span class='ocrx_word' id='word_1_203' title='bbox 1580 2369 1581 2372; x_wconf 11' lang='lat'>¹</span> 
     </span>
     <span class='ocr_line' id='line_1_21' title="bbox 256 2386 1481 2484; baseline 0.002 -25"><span class='ocrx_word' id='word_1_204' title='bbox 256 2387 333 2460; x_wconf 77' lang='lat' dir='ltr'><strong><em>odoi</em></strong></span> <span class='ocrx_word' id='word_1_205' title='bbox 356 2391 442 2459; x_wconf 75' lang='grc' dir='ltr'><em>ἄκων</em></span> <span class='ocrx_word' id='word_1_206' title='bbox 465 2387 644 2472; x_wconf 72' lang='grc' dir='ltr'><em>ἀπέθανεν,</em></span> <span class='ocrx_word' id='word_1_207' title='bbox 668 2389 737 2461; x_wconf 77' lang='grc' dir='ltr'><strong><em>ἀλλ’</em></strong></span> <span class='ocrx_word' id='word_1_208' title='bbox 763 2391 819 2484; x_wconf 79' lang='grc' dir='ltr'><strong><em>ἀφ’</em></strong></span> <span class='ocrx_word' id='word_1_209' title='bbox 844 2396 962 2464; x_wconf 77' lang='grc' dir='ltr'><em>ἑαυτοῦ</em></span> <span class='ocrx_word' id='word_1_210' title='bbox 983 2386 1086 2483; x_wconf 69' lang='grc' dir='ltr'><strong><em>ἦλθεν</em></strong></span> <span class='ocrx_word' id='word_1_211' title='bbox 1110 2395 1167 2464; x_wconf 74' lang='lat' dir='ltr'><strong><em>ieci</em></strong></span> <span class='ocrx_word' id='word_1_212' title='bbox 1182 2394 1240 2481; x_wconf 81' lang='lat' dir='ltr'><strong><em>ripn</em></strong></span> <span class='ocrx_word' id='word_1_213' title='bbox 1254 2398 1313 2461; x_wconf 77' lang='grc' dir='ltr'><strong><em>τοῦ</em></strong></span> <span class='ocrx_word' id='word_1_214' title='bbox 1328 2395 1481 2464; x_wconf 72' lang='grc' dir='ltr'><em>θανάτου</em></span> 
     </span>
     <span class='ocr_line' id='line_1_22' title="bbox 256 2493 1480 2584; baseline 0.003 -24"><span class='ocrx_word' id='word_1_215' title='bbox 256 2493 462 2578; x_wconf 81' lang='grc' dir='ltr'><strong><em>οἰκονομίαν,</em></strong></span> <span class='ocrx_word' id='word_1_216' title='bbox 493 2496 808 2582; x_wconf 80' lang='grc' dir='ltr'><em>στερεοννοιούμενος</em></span> <span class='ocrx_word' id='word_1_217' title='bbox 834 2493 903 2563; x_wconf 81' lang='grc' dir='ltr'><strong><em>ὑπὸ</em></strong></span> <span class='ocrx_word' id='word_1_218' title='bbox 930 2501 989 2564; x_wconf 85' lang='grc' dir='ltr'><strong><em>τοῦ</em></strong></span> <span class='ocrx_word' id='word_1_219' title='bbox 1013 2497 1047 2565; x_wconf 86' lang='grc' dir='ltr'><strong><em>ἒν</em></strong></span> <span class='ocrx_word' id='word_1_220' title='bbox 1069 2493 1157 2584; x_wconf 77' lang='grc' dir='ltr'><em>αὐτῷ</em></span> <span class='ocrx_word' id='word_1_221' title='bbox 1180 2495 1372 2584; x_wconf 70' lang='grc' dir='ltr'><em>οἰκήσαντος</em></span> <span class='ocrx_word' id='word_1_222' title='bbox 1393 2501 1480 2564; x_wconf 78' lang='grc' dir='ltr'><strong><em>θεοῦ</em></strong></span> 
     </span>
     <span class='ocr_line' id='line_1_23' title="bbox 256 2591 1581 2688; baseline 0.002 -29"><span class='ocrx_word' id='word_1_223' title='bbox 256 2595 354 2681; x_wconf 80' lang='grc' dir='ltr'><em>λόγου</em></span> <span class='ocrx_word' id='word_1_224' title='bbox 382 2599 441 2660; x_wconf 84' lang='grc' dir='ltr'><strong><em>τοῦ</em></strong></span> <span class='ocrx_word' id='word_1_225' title='bbox 471 2597 641 2676; x_wconf 76' lang='grc' dir='ltr'><em>εἰπόντος·</em></span> <span class='ocrx_word' id='word_1_226' title='bbox 671 2593 779 2676; x_wconf 75' lang='grc' dir='ltr'><em>οὐδεὶς</em></span> <span class='ocrx_word' id='word_1_227' title='bbox 806 2598 895 2684; x_wconf 80' lang='grc' dir='ltr'><em>α’ίρει</em></span> <span class='ocrx_word' id='word_1_228' title='bbox 917 2598 975 2688; x_wconf 81' lang='grc' dir='ltr'><strong><em>τὴν</em></strong></span> <span class='ocrx_word' id='word_1_229' title='bbox 997 2598 1105 2686; x_wconf 78' lang='grc' dir='ltr'><em>ψυχήν</em></span> <span class='ocrx_word' id='word_1_230' title='bbox 1125 2622 1189 2683; x_wconf 90' lang='grc' dir='ltr'><strong><em>μου</em></strong></span> <span class='ocrx_word' id='word_1_231' title='bbox 1212 2591 1269 2664; x_wconf 74' lang='grc' dir='ltr'><strong><em>ἀπ’</em></strong></span> <span class='ocrx_word' id='word_1_232' title='bbox 1294 2596 1392 2682; x_wconf 72' lang='grc' dir='ltr'><em>ἐμοῦ,</em></span> <span class='ocrx_word' id='word_1_233' title='bbox 1417 2593 1477 2665; x_wconf 76' lang='grc' dir='ltr'><strong><em>ἀπ’</em></strong></span> <span class='ocrx_word' id='word_1_234' title='bbox 1580 2611 1581 2662; x_wconf 72' lang='lat' dir='ltr'><strong><em>t</em></strong></span> 
     </span>
     <span class='ocr_line' id='line_1_24' title="bbox 257 2693 1581 2798; baseline 0.002 -34"><span class='ocrx_word' id='word_1_235' title='bbox 257 2695 399 2782; x_wconf 79' lang='grc' dir='ltr'><em>ἐμαυτοῦ</em></span> <span class='ocrx_word' id='word_1_236' title='bbox 422 2693 523 2786; x_wconf 81' lang='grc' dir='ltr'><em>αὐτὴν</em></span> <span class='ocrx_word' id='word_1_237' title='bbox 537 2704 675 2782; x_wconf 73' lang='grc' dir='ltr'><em>τίθημι·</em></span> <span class='ocrx_word' id='word_1_238' title='bbox 699 2699 849 2778; x_wconf 75' lang='grc' dir='ltr'><em>ἐξουσίαν</em></span> <span class='ocrx_word' id='word_1_239' title='bbox 865 2700 927 2783; x_wconf 63' lang='grc' dir='ltr'><strong><em>ἔχω</em></strong></span> <span class='ocrx_word' id='word_1_240' title='bbox 942 2706 1058 2766; x_wconf 72' lang='grc' dir='ltr'><em>θοῖναν</em></span> <span class='ocrx_word' id='word_1_241' title='bbox 1073 2694 1181 2786; x_wconf 79' lang='grc' dir='ltr'><em>αὐτήν,</em></span> <span class='ocrx_word' id='word_1_242' title='bbox 1198 2701 1252 2765; x_wconf 76' lang='grc' dir='ltr'><em>καὶ</em></span> <span class='ocrx_word' id='word_1_243' title='bbox 1268 2697 1371 2765; x_wconf 74' lang='grc' dir='ltr'><strong><em>πάλιν</em></strong></span> <span class='ocrx_word' id='word_1_244' title='bbox 1386 2697 1481 2780; x_wconf 75' lang='grc' dir='ltr'><em>ἐξου-</em></span> <span class='ocrx_word' id='word_1_245' title='bbox 1580 2775 1581 2798; x_wconf 22' lang='lat'>¹</span> 
     </span>
     <span class='ocr_line' id='line_1_25' title="bbox 256 2794 1479 2887; baseline 0.002 -23"><span class='ocrx_word' id='word_1_246' title='bbox 256 2794 333 2864; x_wconf 82' lang='lat' dir='ltr'><strong><em>alar</em></strong></span> <span class='ocrx_word' id='word_1_247' title='bbox 355 2798 417 2881; x_wconf 67' lang='grc' dir='ltr'><strong><em>ἔχω</em></strong></span> <span class='ocrx_word' id='word_1_248' title='bbox 439 2799 553 2885; x_wconf 80' lang='grc' dir='ltr'><em>λαβεῖν</em></span> <span class='ocrx_word' id='word_1_249' title='bbox 575 2795 684 2887; x_wconf 75' lang='grc' dir='ltr'><em>αὐτήν.</em></span> <span class='ocrx_word' id='word_1_250' title='bbox 723 2804 759 2867; x_wconf 92' lang='lat' dir='ltr'><strong><em>ld</em></strong></span> <span class='ocrx_word' id='word_1_251' title='bbox 781 2813 843 2868; x_wconf 65' lang='lat' dir='ltr'><strong><em>estss·</em></strong></span> <span class='ocrx_word' id='word_1_252' title='bbox 867 2806 981 2868; x_wconf 81' lang='lat' dir='ltr'><strong><em>Accidit</em></strong></span> <span class='ocrx_word' id='word_1_253' title='bbox 997 2815 1032 2866; x_wconf 89' lang='lat' dir='ltr'><strong><em>nt</em></strong></span> <span class='ocrx_word' id='word_1_254' title='bbox 1047 2805 1185 2866; x_wconf 76' lang='lat' dir='ltr'><strong><em>lazaros</em></strong></span> <span class='ocrx_word' id='word_1_255' title='bbox 1200 2803 1305 2864; x_wconf 82' lang='lat' dir='ltr'><strong><em>morio</em></strong></span> <span class='ocrx_word' id='word_1_256' title='bbox 1323 2805 1479 2884; x_wconf 76' lang='lat' dir='ltr'><strong><em>consectus</em></strong></span> 
     </span>
     <span class='ocr_line' id='line_1_26' title="bbox 254 2903 1479 2976; baseline 0.002 -12"><span class='ocrx_word' id='word_1_257' title='bbox 254 2913 449 2966; x_wconf 78' lang='lat' dir='ltr'><strong><em>moreretur:</em></strong></span> <span class='ocrx_word' id='word_1_258' title='bbox 472 2915 504 2966; x_wconf 92' lang='lat' dir='ltr'><strong><em>ot</em></strong></span> <span class='ocrx_word' id='word_1_259' title='bbox 525 2903 803 2968; x_wconf 88' lang='lat' dir='ltr'><strong><em>dominicus·homo</em></strong></span> <span class='ocrx_word' id='word_1_260' title='bbox 825 2925 888 2968; x_wconf 87' lang='lat' dir='ltr'><strong><em>non</em></strong></span> <span class='ocrx_word' id='word_1_261' title='bbox 909 2910 942 2967; x_wconf 91' lang='lat' dir='ltr'><strong><em>oi</em></strong></span> <span class='ocrx_word' id='word_1_262' title='bbox 959 2907 1061 2967; x_wconf 80' lang='lat' dir='ltr'><strong><em>morli</em></strong></span> <span class='ocrx_word' id='word_1_263' title='bbox 1072 2925 1125 2968; x_wconf 86' lang='lat' dir='ltr'><strong><em>nec</em></strong></span> <span class='ocrx_word' id='word_1_264' title='bbox 1141 2908 1254 2967; x_wconf 84' lang='lat' dir='ltr'><strong><em>inoitnr</em></strong></span> <span class='ocrx_word' id='word_1_265' title='bbox 1269 2913 1315 2965; x_wconf 86' lang='lat' dir='ltr'><strong><em>est</em></strong></span> <span class='ocrx_word' id='word_1_266' title='bbox 1329 2915 1479 2976; x_wconf 80' lang='lat' dir='ltr'><strong><em>mortuns,</em></strong></span> 
     </span>
     <span class='ocr_line' id='line_1_27' title="bbox 255 3004 1478 3087; baseline 0.003 -24"><span class='ocrx_word' id='word_1_267' title='bbox 255 3004 308 3066; x_wconf 90' lang='lat' dir='ltr'><strong><em>sed</em></strong></span> <span class='ocrx_word' id='word_1_268' title='bbox 329 3024 387 3066; x_wconf 86' lang='lat' dir='ltr'><strong><em>ena</em></strong></span> <span class='ocrx_word' id='word_1_269' title='bbox 409 3017 516 3084; x_wconf 86' lang='lat' dir='ltr'><strong><em>sponte</em></strong></span> <span class='ocrx_word' id='word_1_270' title='bbox 537 3011 618 3068; x_wconf 88' lang='lat' dir='ltr'><strong><em>oenit</em></strong></span> <span class='ocrx_word' id='word_1_271' title='bbox 640 3007 679 3074; x_wconf 79' lang='lat' dir='ltr'><strong><em>od</em></strong></span> <span class='ocrx_word' id='word_1_272' title='bbox 699 3011 809 3069; x_wconf 88' lang='lat' dir='ltr'><strong><em>mortis</em></strong></span> <span class='ocrx_word' id='word_1_273' title='bbox 832 3008 1099 3087; x_wconf 88' lang='lat' dir='ltr'><strong><em>dispensationem,</em></strong></span> <span class='ocrx_word' id='word_1_274' title='bbox 1129 3007 1350 3068; x_wconf 81' lang='lat' dir='ltr'><strong><em>corroboratas</em></strong></span> <span class='ocrx_word' id='word_1_275' title='bbox 1374 3025 1392 3067; x_wconf 91' lang='lat' dir='ltr'><strong><em>a</em></strong></span> <span class='ocrx_word' id='word_1_276' title='bbox 1414 3005 1478 3068; x_wconf 80' lang='lat' dir='ltr'><strong><em>ileo</em></strong></span> 
     </span>
     <span class='ocr_line' id='line_1_28' title="bbox 259 3101 1477 3187; baseline 0.003 -26"><span class='ocrx_word' id='word_1_277' title='bbox 259 3101 352 3164; x_wconf 86' lang='lat' dir='ltr'><strong><em>Verdo</em></strong></span> <span class='ocrx_word' id='word_1_278' title='bbox 382 3109 414 3165; x_wconf 90' lang='lat' dir='ltr'><strong><em>in</em></strong></span> <span class='ocrx_word' id='word_1_279' title='bbox 437 3110 504 3185; x_wconf 85' lang='lat' dir='ltr'><strong><em>ipso</em></strong></span> <span class='ocrx_word' id='word_1_280' title='bbox 526 3119 682 3179; x_wconf 86' lang='lat' dir='ltr'><strong><em>manente,</em></strong></span> <span class='ocrx_word' id='word_1_281' title='bbox 706 3111 759 3187; x_wconf 81' lang='lat' dir='ltr'><strong><em>qni</em></strong></span> <span class='ocrx_word' id='word_1_282' title='bbox 779 3107 871 3168; x_wconf 89' lang='lat' dir='ltr'><strong><em>dixit:</em></strong></span> <span class='ocrx_word' id='word_1_283' title='bbox 900 3107 994 3168; x_wconf 84' lang='lat' dir='ltr'><strong><em>Nemo</em></strong></span> <span class='ocrx_word' id='word_1_284' title='bbox 1017 3107 1093 3168; x_wconf 83' lang='lat' dir='ltr'><strong><em>tollit</em></strong></span> <span class='ocrx_word' id='word_1_285' title='bbox 1114 3105 1241 3168; x_wconf 83' lang='lat' dir='ltr'><strong><em>animam</em></strong></span> <span class='ocrx_word' id='word_1_286' title='bbox 1262 3123 1356 3166; x_wconf 83' lang='lat' dir='ltr'><strong><em>meam</em></strong></span> <span class='ocrx_word' id='word_1_287' title='bbox 1380 3124 1396 3166; x_wconf 83' lang='lat' dir='ltr'><strong><em>a</em></strong></span> <span class='ocrx_word' id='word_1_288' title='bbox 1418 3124 1477 3177; x_wconf 87' lang='lat' dir='ltr'><strong><em>me,</em></strong></span> 
     </span>
     <span class='ocr_line' id='line_1_29' title="bbox 254 3199 1476 3287; baseline 0.007 -30"><span class='ocrx_word' id='word_1_289' title='bbox 254 3199 309 3258; x_wconf 82' lang='lat' dir='ltr'><strong><em>sed</em></strong></span> <span class='ocrx_word' id='word_1_290' title='bbox 331 3219 385 3277; x_wconf 79' lang='lat' dir='ltr'><strong><em>ego</em></strong></span> <span class='ocrx_word' id='word_1_291' title='bbox 408 3219 488 3278; x_wconf 87' lang='lat' dir='ltr'><strong><em>pono</em></strong></span> <span class='ocrx_word' id='word_1_292' title='bbox 511 3226 592 3268; x_wconf 82' lang='lat' dir='ltr'><strong><em>eom:</em></strong></span> <span class='ocrx_word' id='word_1_293' title='bbox 614 3216 793 3287; x_wconf 81' lang='lat' dir='ltr'><strong><em>potestatem</em></strong></span> <span class='ocrx_word' id='word_1_294' title='bbox 815 3207 910 3268; x_wconf 79' lang='lat' dir='ltr'><strong><em>habeo</em></strong></span> <span class='ocrx_word' id='word_1_295' title='bbox 932 3208 1062 3287; x_wconf 87' lang='lat' dir='ltr'><strong><em>ponendi</em></strong></span> <span class='ocrx_word' id='word_1_296' title='bbox 1079 3226 1154 3282; x_wconf 86' lang='lat' dir='ltr'><strong><em>eam,</em></strong></span> <span class='ocrx_word' id='word_1_297' title='bbox 1178 3215 1207 3268; x_wconf 82' lang='lat' dir='ltr'><strong><em>ot</em></strong></span> <span class='ocrx_word' id='word_1_298' title='bbox 1221 3225 1325 3268; x_wconf 85' lang='lat' dir='ltr'><strong><em>rursus</em></strong></span> <span class='ocrx_word' id='word_1_299' title='bbox 1341 3213 1476 3284; x_wconf 81' lang='lat' dir='ltr'><strong><em>potesta·</em></strong></span> 
     </span>
     <span class='ocr_line' id='line_1_30' title="bbox 254 3297 1478 3390; baseline 0.008 -33"><span class='ocrx_word' id='word_1_300' title='bbox 254 3305 314 3358; x_wconf 85' lang='lat' dir='ltr'><strong><em>tom</em></strong></span> <span class='ocrx_word' id='word_1_301' title='bbox 343 3297 438 3358; x_wconf 83' lang='lat' dir='ltr'><strong><em>habeo</em></strong></span> <span class='ocrx_word' id='word_1_302' title='bbox 468 3307 604 3365; x_wconf 87' lang='lat' dir='ltr'><strong><em>sumendi</em></strong></span> <span class='ocrx_word' id='word_1_303' title='bbox 632 3327 705 3370; x_wconf 83' lang='lat' dir='ltr'><strong><em>eam.</em></strong></span> <span class='ocrx_word' id='word_1_304' title='bbox 756 3308 837 3368; x_wconf 83' lang='lat' dir='ltr'><strong><em>Haec</em></strong></span> <span class='ocrx_word' id='word_1_305' title='bbox 864 3309 909 3370; x_wconf 84' lang='lat' dir='ltr'><strong><em>idi</em></strong></span> <span class='ocrx_word' id='word_1_306' title='bbox 934 3327 1008 3390; x_wconf 79' lang='lat' dir='ltr'><strong><em>qnae</em></strong></span> <span class='ocrx_word' id='word_1_307' title='bbox 1036 3313 1161 3371; x_wconf 88' lang='lat' dir='ltr'><strong><em>nonnisi</em></strong></span> <span class='ocrx_word' id='word_1_308' title='bbox 1185 3308 1277 3388; x_wconf 86' lang='lat' dir='ltr'><strong><em>panio</em></strong></span> <span class='ocrx_word' id='word_1_309' title='bbox 1304 3311 1403 3368; x_wconf 87' lang='lat' dir='ltr'><strong><em>maior</em></strong></span> <span class='ocrx_word' id='word_1_310' title='bbox 1432 3318 1478 3368; x_wconf 93' lang='lat' dir='ltr'><strong><em>est</em></strong></span> 
     </span>
     <span class='ocr_line' id='line_1_31' title="bbox 254 3397 1477 3488; baseline 0.008 -28"><span class='ocrx_word' id='word_1_311' title='bbox 254 3397 418 3478; x_wconf 82' lang='lat' dir='ltr'><strong><em>explicatio</em></strong></span> <span class='ocrx_word' id='word_1_312' title='bbox 448 3419 568 3476; x_wconf 87' lang='lat' dir='ltr'><strong><em>eornm,</em></strong></span> <span class='ocrx_word' id='word_1_313' title='bbox 598 3425 673 3486; x_wconf 82' lang='lat' dir='ltr'><strong><em>qnae</em></strong></span> <span class='ocrx_word' id='word_1_314' title='bbox 699 3413 731 3470; x_wconf 85' lang='lat' dir='ltr'><strong><em>in</em></strong></span> <span class='ocrx_word' id='word_1_315' title='bbox 760 3413 897 3488; x_wconf 79' lang='lat' dir='ltr'><strong><em>sequenti</em></strong></span> <span class='ocrx_word' id='word_1_316' title='bbox 916 3411 1103 3488; x_wconf 76' lang='lat' dir='ltr'><strong><em>expositione</em></strong></span> <span class='ocrx_word' id='word_1_317' title='bbox 1124 3427 1251 3472; x_wconf 80' lang='lat' dir='ltr'><strong><em>numero</em></strong></span> <span class='ocrx_word' id='word_1_318' title='bbox 1270 3413 1297 3472; x_wconf 91' lang='grc'><strong><em>1.</em></strong></span> <span class='ocrx_word' id='word_1_319' title='bbox 1322 3408 1477 3487; x_wconf 83' lang='lat' dir='ltr'><strong><em>lepontnr.</em></strong></span> 
     </span>
     <span class='ocr_line' id='line_1_32' title="bbox 254 3491 1476 3591; baseline 0.008 -31"><span class='ocrx_word' id='word_1_320' title='bbox 254 3498 303 3561; x_wconf 83' lang='lat' dir='ltr'><strong><em>lix</em></strong></span> <span class='ocrx_word' id='word_1_321' title='bbox 326 3499 381 3560; x_wconf 80' lang='lat' dir='ltr'><strong><em>Aac</em></strong></span> <span class='ocrx_word' id='word_1_322' title='bbox 403 3518 518 3580; x_wconf 81' lang='lat' dir='ltr'><strong><em>qnopne</em></strong></span> <span class='ocrx_word' id='word_1_323' title='bbox 537 3503 612 3583; x_wconf 76' lang='lat' dir='ltr'><strong><em>fidei</em></strong></span> <span class='ocrx_word' id='word_1_324' title='bbox 631 3491 819 3589; x_wconf 84' lang='lat' dir='ltr'><strong><em>expositione</em></strong></span> <span class='ocrx_word' id='word_1_325' title='bbox 841 3514 1029 3591; x_wconf 87' lang='lat' dir='ltr'><strong><em>excerpsisse</em></strong></span> <span class='ocrx_word' id='word_1_326' title='bbox 1050 3511 1171 3573; x_wconf 78' lang='lat' dir='ltr'><strong><em>videtur</em></strong></span> <span class='ocrx_word' id='word_1_327' title='bbox 1186 3510 1373 3588; x_wconf 84' lang='lat' dir='ltr'><strong><em>Anpnstinns</em></strong></span> <span class='ocrx_word' id='word_1_328' title='bbox 1396 3508 1476 3579; x_wconf 81' lang='lat' dir='ltr'><strong><em>laec,</em></strong></span> 
     </span>
     <span class='ocr_line' id='line_1_33' title="bbox 253 3599 1481 3690; baseline 0.007 -30"><span class='ocrx_word' id='word_1_329' title='bbox 253 3617 329 3680; x_wconf 70' lang='lat' dir='ltr'><strong><em>anae</em></strong></span> <span class='ocrx_word' id='word_1_330' title='bbox 352 3599 403 3664; x_wconf 85' lang='lat' dir='ltr'><strong><em>tto.</em></strong></span> <span class='ocrx_word' id='word_1_331' title='bbox 419 3601 448 3663; x_wconf 82' lang='lat'><strong><em>2.</em></strong></span> <span class='ocrx_word' id='word_1_332' title='bbox 473 3602 508 3664; x_wconf 90' lang='lat' dir='ltr'><strong><em>de</em></strong></span> <span class='ocrx_word' id='word_1_333' title='bbox 528 3603 674 3668; x_wconf 87' lang='lat' dir='ltr'><strong><em>Sermone</em></strong></span> <span class='ocrx_word' id='word_1_334' title='bbox 696 3610 822 3672; x_wconf 85' lang='lat' dir='ltr'><strong><em>Domini</em></strong></span> <span class='ocrx_word' id='word_1_335' title='bbox 839 3617 873 3674; x_wconf 90' lang='lat' dir='ltr'><strong><em>in</em></strong></span> <span class='ocrx_word' id='word_1_336' title='bbox 894 3621 994 3674; x_wconf 86' lang='lat' dir='ltr'><strong><em>monte</em></strong></span> <span class='ocrx_word' id='word_1_337' title='bbox 1017 3611 1104 3674; x_wconf 80' lang='lat' dir='ltr'><strong><em>labet</em></strong></span> <span class='ocrx_word' id='word_1_338' title='bbox 1127 3630 1191 3690; x_wconf 88' lang='lat' dir='ltr'><strong><em>cap.</em></strong></span> <span class='ocrx_word' id='word_1_339' title='bbox 1208 3613 1239 3674; x_wconf 87' lang='grc'><strong><em>6.</em></strong></span> <span class='ocrx_word' id='word_1_340' title='bbox 1262 3629 1293 3673; x_wconf 88' lang='lat' dir='ltr'><strong><em>n.</em></strong></span> <span class='ocrx_word' id='word_1_341' title='bbox 1309 3613 1360 3674; x_wconf 78' lang='lat'><strong><em>20.</em></strong></span> <span class='ocrx_word' id='word_1_342' title='bbox 1391 3608 1481 3670; x_wconf 87' lang='lat' dir='ltr'><strong><em>Nalli</em></strong></span> 
     </span>
     <span class='ocr_line' id='line_1_34' title="bbox 255 3699 1476 3790; baseline 0.008 -30"><span class='ocrx_word' id='word_1_343' title='bbox 255 3699 354 3763; x_wconf 75' lang='lat' dir='ltr'><strong><em>licebit</em></strong></span> <span class='ocrx_word' id='word_1_344' title='bbox 377 3705 521 3781; x_wconf 82' lang='lat' dir='ltr'><strong><em>ipnarare</em></strong></span> <span class='ocrx_word' id='word_1_345' title='bbox 542 3703 601 3768; x_wconf 86' lang='lat' dir='ltr'><strong><em>Dei</em></strong></span> <span class='ocrx_word' id='word_1_346' title='bbox 620 3725 761 3786; x_wconf 78' lang='lat' dir='ltr'><strong><em>reprom,</em></strong></span> <span class='ocrx_word' id='word_1_347' title='bbox 785 3731 851 3774; x_wconf 86' lang='lat' dir='ltr'><strong><em>cnm</em></strong></span> <span class='ocrx_word' id='word_1_348' title='bbox 872 3716 936 3774; x_wconf 88' lang='lat' dir='ltr'><strong><em>eins</em></strong></span> <span class='ocrx_word' id='word_1_349' title='bbox 958 3715 1132 3790; x_wconf 82' lang='lat' dir='ltr'><strong><em>onipenitns</em></strong></span> <span class='ocrx_word' id='word_1_350' title='bbox 1154 3716 1217 3772; x_wconf 88' lang='lat' dir='ltr'><strong><em>non</em></strong></span> <span class='ocrx_word' id='word_1_351' title='bbox 1239 3710 1338 3773; x_wconf 85' lang='lat' dir='ltr'><strong><em>solnm</em></strong></span> <span class='ocrx_word' id='word_1_352' title='bbox 1358 3709 1476 3772; x_wconf 89' lang='lat' dir='ltr'><strong><em>intelli-</em></strong></span> 
     </span>
     <span class='ocr_line' id='line_1_35' title="bbox 252 3801 1476 3879; baseline 0.007 -17"><span class='ocrx_word' id='word_1_353' title='bbox 252 3801 385 3879; x_wconf 80' lang='lat' dir='ltr'><strong><em>pilriliter</em></strong></span> <span class='ocrx_word' id='word_1_354' title='bbox 407 3803 461 3865; x_wconf 86' lang='lat' dir='ltr'><strong><em>sed</em></strong></span> <span class='ocrx_word' id='word_1_355' title='bbox 481 3809 570 3868; x_wconf 88' lang='lat' dir='ltr'><strong><em>etiam</em></strong></span> <span class='ocrx_word' id='word_1_356' title='bbox 592 3809 753 3874; x_wconf 72' lang='lat' dir='ltr'><strong><em>visibiliter</em></strong></span> <span class='ocrx_word' id='word_1_357' title='bbox 774 3816 807 3874; x_wconf 87' lang='lat' dir='ltr'><strong><em>io</em></strong></span> <span class='ocrx_word' id='word_1_358' title='bbox 828 3811 948 3873; x_wconf 86' lang='lat' dir='ltr'><strong><em>homine</em></strong></span> <span class='ocrx_word' id='word_1_359' title='bbox 969 3810 1118 3872; x_wconf 87' lang='lat' dir='ltr'><strong><em>dominico</em></strong></span> <span class='ocrx_word' id='word_1_360' title='bbox 1142 3813 1177 3873; x_wconf 92' lang='lat' dir='ltr'><strong><em>de</em></strong></span> <span class='ocrx_word' id='word_1_361' title='bbox 1199 3810 1279 3874; x_wconf 89' lang='lat' dir='ltr'><strong><em>caelo</em></strong></span> <span class='ocrx_word' id='word_1_362' title='bbox 1295 3815 1413 3874; x_wconf 84' lang='lat' dir='ltr'><strong><em>venerit</em></strong></span> <span class='ocrx_word' id='word_1_363' title='bbox 1426 3815 1476 3871; x_wconf 91' lang='lat' dir='ltr'><strong><em>in-</em></strong></span> 
     </span>
     <span class='ocr_line' id='line_1_36' title="bbox 253 3901 1476 3993; baseline 0.01 -32"><span class='ocrx_word' id='word_1_364' title='bbox 253 3901 411 3964; x_wconf 86' lang='lat' dir='ltr'><strong><em>dicotnrns</em></strong></span> <span class='ocrx_word' id='word_1_365' title='bbox 440 3908 526 3966; x_wconf 82' lang='lat' dir='ltr'><strong><em>vivos</em></strong></span> <span class='ocrx_word' id='word_1_366' title='bbox 548 3917 578 3969; x_wconf 89' lang='lat' dir='ltr'><strong><em>et</em></strong></span> <span class='ocrx_word' id='word_1_367' title='bbox 598 3921 746 3972; x_wconf 78' lang='lat' dir='ltr'><strong><em>morenos.</em></strong></span> <span class='ocrx_word' id='word_1_368' title='bbox 791 3911 871 3976; x_wconf 81' lang='lat' dir='ltr'><strong><em>Haec</em></strong></span> <span class='ocrx_word' id='word_1_369' title='bbox 904 3917 982 3974; x_wconf 88' lang='lat' dir='ltr'><strong><em>mim</em></strong></span> <span class='ocrx_word' id='word_1_370' title='bbox 1007 3923 1164 3993; x_wconf 91' lang='lat' dir='ltr'><strong><em>postremo</em></strong></span> <span class='ocrx_word' id='word_1_371' title='bbox 1186 3913 1280 3974; x_wconf 83' lang='lat' dir='ltr'><strong><em>aeria</em></strong></span> <span class='ocrx_word' id='word_1_372' title='bbox 1301 3911 1333 3972; x_wconf 88' lang='lat' dir='ltr'><strong><em>in</em></strong></span> <span class='ocrx_word' id='word_1_373' title='bbox 1354 3911 1476 3973; x_wconf 86' lang='lat' dir='ltr'><strong><em>homine</em></strong></span> 
     </span>
     <span class='ocr_line' id='line_1_37' title="bbox 252 4001 1477 4091; baseline 0.011 -31"><span class='ocrx_word' id='word_1_374' title='bbox 252 4001 402 4063; x_wconf 86' lang='lat' dir='ltr'><strong><em>dominico</em></strong></span> <span class='ocrx_word' id='word_1_375' title='bbox 425 4003 606 4068; x_wconf 77' lang='lat' dir='ltr'><strong><em>iudicaturus</em></strong></span> <span class='ocrx_word' id='word_1_376' title='bbox 628 4009 710 4070; x_wconf 84' lang='lat' dir='ltr'><strong><em>vivos</em></strong></span> <span class='ocrx_word' id='word_1_377' title='bbox 734 4020 764 4071; x_wconf 85' lang='lat' dir='ltr'><strong><em>et</em></strong></span> <span class='ocrx_word' id='word_1_378' title='bbox 785 4021 920 4074; x_wconf 83' lang='lat' dir='ltr'><strong><em>mortuos</em></strong></span> <span class='ocrx_word' id='word_1_379' title='bbox 944 4013 1093 4075; x_wconf 76' lang='lat' dir='ltr'><strong><em>habeatnr</em></strong></span> <span class='ocrx_word' id='word_1_380' title='bbox 1114 4017 1146 4074; x_wconf 89' lang='lat' dir='ltr'><strong><em>in</em></strong></span> <span class='ocrx_word' id='word_1_381' title='bbox 1169 4012 1268 4073; x_wconf 80' lang='lat' dir='ltr'><strong><em>eodan</em></strong></span> <span class='ocrx_word' id='word_1_382' title='bbox 1290 4015 1477 4091; x_wconf 85' lang='lat' dir='ltr'><strong><em>expositione</em></strong></span> 
     </span>
     <span class='ocr_line' id='line_1_38' title="bbox 249 4103 1476 4194; baseline 0.01 -32"><span class='ocrx_word' id='word_1_383' title='bbox 249 4119 332 4163; x_wconf 83' lang='lat' dir='ltr'><strong><em>ntem.</em></strong></span> <span class='ocrx_word' id='word_1_384' title='bbox 351 4106 389 4174; x_wconf 86' lang='grc'><strong><em>1.,</em></strong></span> <span class='ocrx_word' id='word_1_385' title='bbox 412 4103 519 4184; x_wconf 80' lang='lat' dir='ltr'><strong><em>pett&#39;ins</em></strong></span> <span class='ocrx_word' id='word_1_386' title='bbox 541 4108 664 4169; x_wconf 82' lang='lat' dir='ltr'><strong><em>oocidns</em></strong></span> <span class='ocrx_word' id='word_1_387' title='bbox 687 4128 719 4169; x_wconf 88' lang='lat' dir='ltr'><strong><em>se</em></strong></span> <span class='ocrx_word' id='word_1_388' title='bbox 740 4129 830 4172; x_wconf 86' lang='lat' dir='ltr'><strong><em>nsnm</em></strong></span> <span class='ocrx_word' id='word_1_389' title='bbox 852 4131 916 4175; x_wconf 89' lang='lat' dir='ltr'><strong><em>esse</em></strong></span> <span class='ocrx_word' id='word_1_390' title='bbox 933 4117 976 4177; x_wconf 87' lang='lat' dir='ltr'><strong><em>ait</em></strong></span> <span class='ocrx_word' id='word_1_391' title='bbox 991 4113 1187 4194; x_wconf 76' lang='lat' dir='ltr'><strong><em>Aaprtstiaas,</em></strong></span> <span class='ocrx_word' id='word_1_392' title='bbox 1210 4115 1280 4192; x_wconf 81' lang='lat' dir='ltr'><strong><em>petio</em></strong></span> <span class='ocrx_word' id='word_1_393' title='bbox 1295 4129 1345 4172; x_wconf 87' lang='lat' dir='ltr'><strong><em>eas</em></strong></span> <span class='ocrx_word' id='word_1_394' title='bbox 1363 4110 1476 4191; x_wconf 78' lang='lat' dir='ltr'><strong><em>leperot</em></strong></span> 
     </span>
    </p>
   </div>
   <div class='ocr_carea' id='block_1_3' title="bbox 249 4317 1472 4518">
    <p class='ocr_par' dir='ltr' id='par_1_3' title="bbox 249 4317 1472 4518">
     <span class='ocr_line' id='line_1_39' title="bbox 320 4317 1098 4388; baseline 0.018 -19"><span class='ocrx_word' id='word_1_395' title='bbox 320 4317 344 4380; x_wconf 84' lang='grc'><strong><em>1)</em></strong></span> <span class='ocrx_word' id='word_1_396' title='bbox 361 4319 427 4371; x_wconf 77' lang='lat' dir='ltr'><strong><em>iiior.</em></strong></span> <span class='ocrx_word' id='word_1_397' title='bbox 446 4320 510 4386; x_wconf 88' lang='lat' dir='ltr'><strong><em>Opp.</em></strong></span> <span class='ocrx_word' id='word_1_398' title='bbox 528 4322 566 4373; x_wconf 88' lang='lat' dir='ltr'><strong><em>ed.</em></strong></span> <span class='ocrx_word' id='word_1_399' title='bbox 583 4323 720 4388; x_wconf 62' lang='lat' dir='ltr'><strong><em>nominey.</em></strong></span> <span class='ocrx_word' id='word_1_400' title='bbox 739 4323 841 4376; x_wconf 72' lang='lat' dir='ltr'><strong><em>Toxi.</em></strong></span> <span class='ocrx_word' id='word_1_401' title='bbox 861 4343 883 4388; x_wconf 85' lang='lat' dir='ltr'><strong><em>p.</em></strong></span> <span class='ocrx_word' id='word_1_402' title='bbox 897 4329 956 4380; x_wconf 75' lang='grc'><strong>253.</strong></span> <span class='ocrx_word' id='word_1_403' title='bbox 1087 4381 1098 4388; x_wconf 89' lang='grc'><strong>,</strong></span> 
     </span>
     <span class='ocr_line' id='line_1_40' title="bbox 249 4383 1472 4518; baseline 0.005 -81"><span class='ocrx_word' id='word_1_404' title='bbox 249 4469 273 4518; x_wconf 42' lang='grc' dir='ltr'><strong><em>Ρ·</em></strong></span> <span class='ocrx_word' id='word_1_405' title='bbox 293 4383 351 4505; x_wconf 40' lang='lat'><strong>412⁶).</strong></span> <span class='ocrx_word' id='word_1_406' title='bbox 362 4387 480 4516; x_wconf 51' lang='lat' dir='ltr'><strong><em>Aspoplppta</em></strong></span> <span class='ocrx_word' id='word_1_407' title='bbox 504 4390 555 4440; x_wconf 83' lang='lat' dir='ltr'><strong><em>odo.</em></strong></span> <span class='ocrx_word' id='word_1_408' title='bbox 574 4391 651 4442; x_wconf 76' lang='lat' dir='ltr'><strong><em>Roda.</em></strong></span> <span class='ocrx_word' id='word_1_409' title='bbox 669 4393 707 4453; x_wconf 86' lang='lat'><strong><em>11,</em></strong></span> <span class='ocrx_word' id='word_1_410' title='bbox 725 4391 766 4443; x_wconf 81' lang='lat'><strong><em>20.</em></strong></span> <span class='ocrx_word' id='word_1_411' title='bbox 790 4393 839 4454; x_wconf 84' lang='lat' dir='ltr'><strong><em>(ed.</em></strong></span> <span class='ocrx_word' id='word_1_412' title='bbox 858 4396 958 4448; x_wconf 75' lang='lat' dir='ltr'><strong><em>Vallem.</em></strong></span> <span class='ocrx_word' id='word_1_413' title='bbox 984 4423 1014 4434; x_wconf 90' lang='lat'>-</span> <span class='ocrx_word' id='word_1_414' title='bbox 1044 4398 1109 4464; x_wconf 80' lang='lat' dir='ltr'><strong><em>opp.</em></strong></span> <span class='ocrx_word' id='word_1_415' title='bbox 1133 4399 1171 4448; x_wconf 85' lang='lat' dir='ltr'><strong><em>sd.</em></strong></span> <span class='ocrx_word' id='word_1_416' title='bbox 1197 4398 1327 4459; x_wconf 64' lang='grc' dir='ltr'><strong><em>Μινώην]</em></strong></span> <span class='ocrx_word' id='word_1_417' title='bbox 1349 4395 1419 4444; x_wconf 79' lang='lat' dir='ltr'><strong><em>tom.</em></strong></span> <span class='ocrx_word' id='word_1_418' title='bbox 1436 4393 1472 4444; x_wconf 85' lang='lat' dir='ltr'><strong><em>ll.</em></strong></span> 
     </span>
    </p>
   </div>
   <div class='ocr_carea' id='block_1_4' title="bbox 317 4519 749 4592">
    <p class='ocr_par' dir='ltr' id='par_1_4' title="bbox 317 4519 749 4592">
     <span class='ocr_line' id='line_1_41' title="bbox 317 4519 749 4592; baseline 0.012 -19"><span class='ocrx_word' id='word_1_419' title='bbox 317 4519 343 4584; x_wconf 73' lang='lat'><strong><em>8)</em></strong></span> <span class='ocrx_word' id='word_1_420' title='bbox 361 4523 424 4590; x_wconf 77' lang='lat' dir='ltr'><strong><em>Opp.</em></strong></span> <span class='ocrx_word' id='word_1_421' title='bbox 444 4524 481 4574; x_wconf 83' lang='lat' dir='ltr'><strong><em>si.</em></strong></span> <span class='ocrx_word' id='word_1_422' title='bbox 500 4525 573 4578; x_wconf 77' lang='lat' dir='ltr'><strong><em>Geso.</em></strong></span> <span class='ocrx_word' id='word_1_423' title='bbox 592 4526 628 4576; x_wconf 82' lang='grc'><strong><em>11.</em></strong></span> <span class='ocrx_word' id='word_1_424' title='bbox 646 4541 670 4592; x_wconf 81' lang='lat' dir='ltr'><strong><em>p.</em></strong></span> <span class='ocrx_word' id='word_1_425' title='bbox 691 4525 749 4578; x_wconf 84' lang='grc'><strong>161.</strong></span> 
     </span>
    </p>
   </div>
   <div class='ocr_carea' id='block_1_5' title="bbox 0 0 1592 5304">
    <p class='ocr_par' dir='ltr' id='par_1_5' title="bbox 0 0 1592 5304">
     <span class='ocr_line' id='line_1_42' title="bbox 0 0 1592 5304; baseline 0 2"><span class='ocrx_word' id='word_1_426' title='bbox 0 0 1592 5304; x_wconf 95' lang='lat' dir='ltr'><strong><em> </em></strong></span> 
     </span>
    </p>
   </div>
  </div>
 </body>
</html>
