3054 5236
498 357 695 432 nrrsrom‘ro
711 387 891 458 srtcrrrorr.
1194 395 1198 404 “
1251 375 1312 440 827

9 537 66 600 ria
109 557 167 600 ex
211 537 409 619 sapientiae
430 537 596 601 substantia
617 535 756 602 constat?
799 537 868 613 Quo
890 547 975 618 pacto
997 537 1069 612 riri,
1099 539 1149 620 qui
1176 539 1395 604 armaturam

7 639 231 713 mistiam,
268 639 326 703 vel
347 640 496 721 ambigere
518 639 583 702 ausi
606 649 685 714 sunt,
709 640 788 702 sitne
810 640 967 713 Dominus,
989 639 1039 720 qui
1062 659 1098 702 ex
1112 640 1203 704 biario
1225 641 1313 706 nattis

10 749 64 814 st,
108 741 341 804 substantia
369 751 400 804 et
421 749 527 804 natura
548 759 603 804 sua
625 739 717 826 Filius
738 739 807 812 Dei,
836 741 998 802 seeundum
1028 759 1145 803 carnem
1175 759 1247 804 vero
1276 763 1312 806 ex

8 841 147 904 emine
181 842 313 906 David
335 852 422 904 etex
445 861 533 904 carne
547 841 673 904 Sanctae
688 841 797 904 itariae
820 840 928 905 ortus?
973 842 1100 916 Quinam
1122 861 1192 905 vero
1215 863 1248 906 ea
1264 853 1310 906 te-

15 945 183 1008 neritate
215 947 369 1017 inerunt,
391 952 426 1006 ut
446 944 589 1017 dicerent,
611 942 773 1016 Christum,
796 943 846 1022 qui
869 961 957 1004 carne
978 961 1088 1023 passus
1109 951 1140 1005 et
1154 945 1311 1008 crucifixus

11 1055 66 1119 st,
100 1065 193 1108 non
226 1065 316 1110 esse
337 1045 496 1108 Dominum
518 1054 547 1108 et
568 1044 752 1107 Salvatorem
774 1043 916 1106 acDeurn
931 1043 1096 1124 Filiumque
1110 1044 1232 1109 Patris?
1253 1047 1395 1110 butenae·

17 1149 212 1226 *uomodo
244 1145 415 1210 Christiani
436 1147 540 1209 volunt
561 1146 735 1225 nuncupari,
756 1143 808 1225 qui
829 1144 932 1206 dicunt
951 1145 982 1208 in
997 1145 1137 1208 Sanctum
1159 1145 1310 1210 hominem

14 1250 177 1312 rer-iude
207 1257 318 1330 atque
340 1249 483 1312 inunum
506 1267 541 1310 ex
562 1247 721 1328 Prophetis
743 1245 864 1310 venisse
884 1246 1032 1322 Verbum,
1055 1265 1111 1310 nec
1130 1247 1228 1328 ipsum
1250 1251 1308 1330 ho-

21 1351 160 1412 minem
191 1353 323 1413 iactum
344 1351 438 1412 tuisse
460 1369 495 1412 ex
509 1347 599 1412 hieria
613 1367 724 1430 corpus
745 1349 937 1423 assumendo,
952 1349 1013 1416 ,sed
1035 1349 1124 1412 atium
1139 1369 1206 1414 esse
1221 1351 1308 1414 Chri·

18 1460 138 1527 ιοααα,
170 1460 215 1515 et
243 1451 340 1515 aliurn
361 1451 415 1516 Dei
439 1450 580 1525 Verbum,
604 1451 684 1530 quod
705 1457 774 1511 ante
796 1449 916 1512 hieriam
938 1457 1058 1512 etanta
1079 1452 1197 1514 saecula
1217 1453 1309 1516 Filius

25 1565 102 1617 arat
128 1553 286 1618 Patris?
329 1554 386 1615 but
414 1571 472 1634 qua
499 1571 612 1632 quaeso
642 1552 757 1613 ratione
785 1549 945 1612 Christiani
973 1549 1113 1626 tuerint,‘
1129 1553 1179 1633 qui
1208 1553 1311 1617 dicunt

22 1656 137 1718 atium
166 1673 261 1718 esse
283 1653 390 1716 Filium
412 1661 442 1715 et
463 1653 551 1716 alium
574 1651 627 1715 Dei
649 1649 804 1714 Verbumh

137 1761 176 1823 3.
233 1753 373 1818 Haecin
395 1753 622 1816 Commentariis
644 1761 736 1825 mant
759 1753 886 1815 diversis
902 1752 1021 1834 quidem
1036 1753 1146 1830 verbis,
1169 1755 1222 1818 sed
1237 1758 1306 1836 qui-

20 1861 97 1923 bus
127 1877 203 1921 una
233 1857 401 1938 eademque
421 1847 568 1919 sententis
583 1856 685 1936 risque
700 1856 882 1936 impietatem
898 1863 1037 1936 spectans
1052 1857 1156 1919 inerat.
1180 1858 1307 1938 Propter

26 1961 93 2024 iila
127 1969 256 2023 mutuo
284 1957 487 2040 disceptabant
515 1958 797 2038 concertabantque‚
828 1957 879 2037 qui
907 1958 944 2020 de
973 1959 1164 2022 consessione
1184 1961 1305 2022 Panum

22 2063 193 2124 “Nicaena
220 2059 400 2140 gloriantur.
444 2059 507 2140 Ego
528 2078 599 2122 vero
616 2068 702 2122 tuam
724 2059 851 2122 miratus
873 2078 938 2122 som
966 2060 1124 2140 pietatem,
1153 2079 1305 2141 quae=res

25 2150 131 2226 'terat
156 2161 337 2236 eiusmodi,
367 2170 396 2224 et
422 2162 501 2242 quod
528 2179 588 2223 non
616 2160 675 2222 illis
698 2159 818 2242 quidem
841 2161 909 2224 talia
932 2161 1133 2224 dictitantibus
1155 2163 1304 2226 sitentium

23 2263 229 2337 ¹indixerit,
260 2281 316 2326 nec
335 2264 414 2344 piam
435 2263 523 2325 tidem
546 2263 605 2324 iilis
626 2263 838 2344 proposuerit,
868 2269 901 2325 ut
922 2263 967 2324 ret
990 2263 1230 2344 obtemperantes
1251 2285 1303 2328 ac-

23 2395 25 2400 ·
43 2368 271 2446 quiescerent,
294 2365 341 2428 ret
356 2365 381 2428 si
396 2374 606 2445 repugnarent,
629 2383 685 2444 pro
701 2363 859 2426 haereticis
875 2363 1066 2426 haberentur.
1096 2364 1212 2426 Etenim
1228 2384 1304 2445 quae

24 2468 111 2530 -iaur
135 2475 318 2529 memorata
341 2475 421 2540 sunt,
443 2485 539 2547 neque
562 2465 642 2528 dictu
663 2483 761 2546 neque
782 2465 883 2528 auditu
906 2473 977 2527 sunt
993 2465 1169 2528 Christiania
1192 2465 1302 2529 tolera-

21 2587 25 2620 ·.
48 2567 142 2638 bilia,
176 2565 241 2630 sod
264 2569 300 2630 ab
322 2568 491 2648 Apostolica
514 2567 648 2629 doctrina
669 2567 789 2648 pronitus
812 2566 984 2628 abhorrent.
1029 2565 1173 2639 Quocirca
1196 2586 1301 2630 eorum

25 2667 155 2742 :dietam
186 2675 223 2730 ut
253 2669 313 2731 iam
340 2677 501 2732 memorata
530 2677 617 2745 sunt,
647 2668 722 2750 ipsis
750 2669 851 2732 verbis
880 2669 911 2729 in
933 2665 1065 2746 Epistola
1087 2667 1302 2731 conscribenda

21 2792 29 2828 s
55 2769 182 2839 curari,
213 2778 252 2832 ut
272 2770 408 2851 quisquis
430 2771 573 2845 audierit,
602 2789 707 2834 eorum
734 2759 950 2852 turpitudinem
980 2779 1010 2830 et
1032 2768 1212 2849 impietatem
1235 2770 1301 2831 ani-

22 2870 246 2936 emadrertat.
289 2870 327 2933 Et
353 2873 471 2934 tametsi
499 2873 656 2953 oportebat
683 2873 819 2945 illorum,
853 2870 904 2949 qui
933 2869 1006 2931 baec
1033 2870 1194 2932 commenti
1222 2880 1302 2944 sunt,

22 2999 26 3032 ο
61 2970 225 3034 stultitiam
248 2971 383 3050 pluribus
405 2991 529 3054 arguere
552 2985 581 3036 et
603 2975 766 3045 consutam,
789 2979 917 3032 attamen
941 2970 1034 3034 satius
1058 2971 1165 3034 fuisset
1178 2971 1301 3052 Episto-

24 3097 34 3125 ν
61 3073 126 3135 iam
147 3071 210 3134 buc
232 3072 370 3135 desinere
392 3084 422 3136 et
443 3073 516 3136 nibii
538 3076 615 3137 ultra
631 3073 779 3148 scribere3
801 3090 876 3152 quae
892 3073 971 3134 enim
986 3074 1026 3135 ita
1041 3073 1198 3135 manifeste
1214 3093 1301 3154 prava

25 3199 34 3234 r
68 3179 364 3262 commonstraptur‚
394 3173 541 3254 exagitare
569 3183 600 3236 et
627 3173 775 3236 curiosius
805 3173 944 3254 indagare
972 3191 1032 3235 non
1061 3174 1195 3254 expedit,
1223 3193 1300 3236 neo

69 3273 267 3336 contentiosis
290 3274 462 3338 hominibus
484 3275 620 3355 ambigua
643 3274 862 3354 existimentur,
885 3275 938 3336 sed
960 3275 1071 3337 sufficit
1091 3273 1138 3336 his
1161 3275 1300 3338 duntaxat

24 3406 32 3440 r
70 3375 169 3437 serbis
192 3376 227 3436 ad
249 3373 297 3436 ilia
319 3377 523 3456 respondere:
546 3376 626 3438 Haec
648 3375 815 3438 Catholicae
836 3375 988 3438 Ecclesiae
1010 3393 1072 3437 non
1095 3382 1181 3449 suut,
1203 3394 1299 3456 neque

25 3489 32 3542 'r
73 3496 107 3540 ea
128 3486 173 3538 est
193 3475 311 3538 Petrum
333 3463 487 3538 sententia.
533 3475 688 3539 Caeterum
711 3495 749 3538 ne
771 3496 806 3538 ex
828 3487 973 3558 perpetuo
996 3476 1115 3538 silentio
1139 3476 1298 3557 impuden-

27 3607 31 3619 ·
74 3578 130 3640 tiae
150 3577 334 3640 occasionem
356 3577 500 3639 malarum
520 3576 562 3639 iili
585 3597 685 3640 rerum
715 3577 842 3640 artifices
864 3575 1021 3658 arripiant,
1052 3597 1069 3639 e
1096 3596 1130 3639 re
1153 3578 1242 3640 fuerit
1263 3597 1298 3640 ex

25 3715 31 3748 ί
78 3721 157 3794 φύσει
174 3727 219 3776 τοῦ
236 3703 311 3776 abac.
683 3715 689 3724 '
742 3732 759 3780 ί.
784 3731 883 3793 Segner.
903 3739 926 3779 et
944 3729 1031 3794 Epiph.
1050 3719 1239 3795 ὄνομααθοίσο.
1263 3723 1298 3778 τὰ

109 3797 131 3846 b.
149 3787 294 3858 ἄνθρωπον
302 3795 326 3843 tn
342 3796 411 3844 aditis
429 3797 522 3856 deerat,
540 3807 567 3844 ax
585 3811 657 3860 prae-
707 3791 761 3862 reip
778 3793 971 3863 προειρημένα.

80 3863 144 3913 dietis
161 3861 294 3912 auctoribus
312 3869 336 3910 et
354 3871 379 3910 ea
390 3863 539 3924 Segoariano
550 3863 656 3912 restitui·
742 3893 764 3940 ὅ,
784 3879 825 3929 sp„
842 3881 942 3941 gemm,
958 3879 1056 3930 Gopper,
1075 3879 1212 3930 uppem·
1226 3883 1247 3931 ι,
1271 3883 1298 3933 1„

26 3918 30 3961 ί
84 3943 142 3978 mus.
709 3946 779 3996 editis
796 3938 909 4012 εἴρηται.

83 4013 133 4140 οἱ·
147 3989 657 4140 ‚ts-nutari
702 4023 1296 4162 „tutatas-catanancen:

86 4119 413 4247 Ιῃέᾱῖἒῖνᾶῗὲιπὲᾝνῃ
438 4211 488 4246 mss
514 4196 645 4257 segma
706 4163 802 4214 Cobtsr.
823 4164 927 4213 Fato-im.
948 4165 969 4214 l.
989 4164 1165 4226 Segessera
1186 4160 1296 4229 ίρΙνΛὴν

133 4233 137 4246 ’
490 4231 496 4245 “
648 4232 655 4245 ’
704 4229 762 4278 coia
792 4229 880 4278 ταῦτα
913 4226 1120 4292 διανοηθέντων
1151 4182 1291 4300 cinysium.

87 4265 174 4344 mer·
192 4274 212 4315 ⁸²
226 4263 329 4314 ΝΜ·
342 4263 361 4313 ι’
381 4273 405 4314 ⁶¹
423 4279 450 4342 ⁸¹.
469 4263 598 4342 ''fudi-⁰¹³⁵
610 4279 654 4312 ⁸⁰⁸
703 4297 756 4348 Μον
780 4297 866 4363 Epipb.
890 4299 1031 4362 Seruarisu.
1051 4301 1123 4351 basii.
1148 4303 1246 4352 Gohter.
1271 4311 1295 4352 et

89 4335 387 4466 gfffjffflfidffimnggflffi
406 4331 492 4397 ⁸⁹¹⁹*
517 4347 557 4397 ‘¹⁰¹
582 4331 655 4380 h³b⁶¹
705 4365 809 4416 serrum.
829 4367 850 4417 r.
869 4363 958 4416 auor.
996 4367 1058 4419 ενα
1085 4377 1108 4420 α
1132 4369 1171 4419 αα
1189 4365 1290 4418 nassau.

120 4470 190 4518 esic
208 4469 303 4530 Saphar.
331 4467 434 4517 Fetchm.
455 4467 476 4516 ί.
507 4474 530 4516 et
555 4467 616 4532 Cpip

93 4533 129 4582 sed
144 4528 243 4601 δύναμιν
264 4537 333 4586 deest
360 4537 384 4586 in
403 4535 554 4602 quibusdam.
590 4535 651 4584 Editi
737 4535 752 4584 ί.
778 4535 876 4596 Segocr.
903 4537 972 4588 sotus
1002 4529 1202 4604 ἀναισχυντίας.
1248 4534 1292 4583 ttit

94 4593 208 4663 ῥέπουσαν
221 4597 342 4668 δύναμιν.
703 4592 896 4668 ἀναίσχυντον.

620 4467 652 4528 b..
703 4433 769 4483 inira
786 4435 885 4498 Segner.
903 4436 971 4486 sotus
990 4427 1197 4505 ἀποκρίνεσθαι.
