3176 5304
214 360 254 420 10
750 355 923 413 insessam.

212 521 333 595 neralis,
349 521 393 580 vir
404 521 510 581 doctus
523 537 613 598 opera
627 519 725 581 omnia
736 519 959 600 apologetarum
973 536 1145 598 graecorum
1162 537 1240 580 saec.
1256 518 1293 579 ll.
1317 527 1347 580 et
1368 517 1438 580 Cle·

211 623 320 684 mentis
334 620 522 684 Alexandrini
545 631 632 699 atque
647 619 796 700 origenis,
819 618 889 682 item
905 611 1089 692 Tertulliani,
1113 619 1259 698 Cypriani,
1281 619 1438 694 Lactantii,

211 723 314 786 Hilarii
337 740 402 784 cum
427 722 578 799 opusculis
600 721 718 782 Minucii
740 720 856 792 Felicis,
879 720 1035 782 Noratiani
1056 729 1086 780 et
1106 719 1205 800 Optati
1222 719 1378 782 blilevitani
1400 720 1438 782 ad

211 823 387 904 exemplaria
404 822 581 901 optimarum
598 823 760 885 editionum
777 822 852 900 typis
868 821 967 884 denuo
983 821 1176 884 describenda
1189 822 1311 882 curarit.
1342 821 1438 900 Atque

211 925 241 988 id
264 943 322 1005 quo
344 923 469 984 consilio
493 923 596 984 lecerit
618 922 704 984 latius
727 931 860 1001 patente,
894 922 961 1001 ipse
989 924 1019 984 in
1042 922 1167 1001 epistola
1189 922 1225 982 ad
1248 921 1351 983 Franc.
1374 923 1436 985 An-

212 1026 325 1088 tonium
360 1023 465 1098 Vitale,
496 1023 669 1086 Tertulliani
696 1022 844 1102 Operibus
872 1023 1000 1102 praefixa
1035 1023 1167 1102 exponit.
1212 1023 1316 1084 lnsunt
1347 1023 1438 1102 igitur

211 1144 272 1190 non
295 1126 392 1188 solum
413 1123 479 1185 libri
502 1125 639 1204 polemici
661 1133 723 1186 tum
746 1131 847 1185 contra
870 1123 994 1202 gentiles
1018 1131 1049 1184 et
1069 1123 1214 1197 ludaeos,
1244 1133 1305 1186 tum
1333 1133 1438 1186 contra

210 1227 376 1290 haereticos
399 1235 428 1287 et
450 1225 654 1288 schismaticos
676 1223 847 1304 conscripti,
872 1224 926 1286 aed
948 1225 1035 1286 etiam
1057 1233 1197 1286 tractatus
1225 1223 1262 1286 de
1288 1225 1436 1303 dogmati-

210 1327 277 1401 bus,
300 1327 434 1390 moribus
457 1327 581 1404 aliisque
602 1323 692 1387 rebus
715 1325 922 1387 ecclesiasticis
951 1335 980 1387 et
1006 1325 1217 1388 commentaria
1245 1327 1275 1388 in
1305 1327 1436 1406 scriptu-

211 1448 274 1491 ram
299 1447 423 1488 sacram.
467 1426 657 1488 Nobilissima
680 1444 750 1488 vero
774 1443 862 1506 opera
877 1425 1020 1505 polemico
1036 1407 1153 1506 patrum
1169 1445 1341 1506 graecorum
1358 1445 1437 1488 saec.

212 1530 259 1592 tv.
283 1539 313 1590 et
334 1529 367 1589 V.
391 1528 427 1590 ab
449 1527 505 1590 ista
528 1525 719 1598 collectione,
752 1545 826 1606 quae
855 1544 915 1587 nou
938 1527 1073 1589 absoluta
1096 1535 1158 1600 est,
1192 1528 1309 1590 absunt
1354 1529 1437 1589 ldem

213 1631 440 1692 existimandum
463 1641 510 1690 est
531 1627 568 1690 de
590 1627 656 1689 aliis
685 1625 862 1706 quibusdam
891 1626 1114 1690 collectionibus
1147 1627 1328 1701 minoribus,
1362 1647 1438 1707 quae

213 1732 269 1794 etsi
292 1731 322 1794 id
345 1749 404 1794 non
428 1731 457 1792 in
481 1731 579 1792 trente
599 1747 671 1810 prae
693 1746 726 1790 se
748 1729 862 1801 lerunt,
885 1735 983 1812 tamen
1005 1727 1043 1790 iis
1063 1729 1251 1809 potissimum
1274 1729 1438 1792 destinatae

195 1843 293 1906 ,sunt,
315 1831 365 1912 qui
387 1831 524 1910 dogmata
546 1829 655 1891 veteris
678 1829 820 1891 ecclesiae
842 1848 877 1892 ex
899 1837 1015 1908 patrum
1038 1831 1157 1909 scriptis
1187 1830 1353 1892 accuratius
1382 1849 1437 1892 co-

213 1925 359 2014 gnoscere
380 1932 508 2012 cupiant.
537 1929 643 1994 rCuius
666 1931 782 2008 generis
807 1938 878 1992 sunt
903 1930 1058 2010 opuscula
1082 1943 1208 2010 potrum
1237 1930 1349 1994 selecto
1369 1949 1436 1992 cum

211 2034 394 2115 praelatione
410 2033 441 2094 A.
458 2031 586 2094 Neandri
608 2031 722 2093 duabus
744 2031 879 2110 partibus
893 2027 1024 2092 Berolini
1046 2050 1072 2094 a.
1097 2033 1188 2096 1826.
1212 2039 1242 2092 et
1264 2039 1327 2110 seq.
1351 2049 1436 2092 sum·

212 2135 292 2198 tibus
314 2133 461 2195 Franclini
484 2134 603 2206 emissa,
627 2142 657 2195 et
678 2150 753 2211 quae
776 2130 885 2193 Oxonii
907 2149 933 2190 a.
960 2132 1052 2195 1840.
1075 2132 1183 2194 iterum
1207 2131 1323 2192 duobus
1347 2132 1437 2196 tomis

211 2236 389 2315 prodierunt
410 2233 602 2313 Scriptorum
630 2232 899 2296 ecclesiasticorum
928 2227 1075 2310 opusculo
1099 2237 1268 2312 praecipuo
1295 2233 1439 2313 quaedum

213 2337 249 2396 ah
271 2335 355 2398 Mart.
377 2334 509 2414 losepho
533 2333 648 2402 booth,
677 2331 870 2393 celeberrimo
899 2330 1106 2414 llelr‘qnicrum
1129 2351 1289 2396 sacrorum
1312 2333 1437 2405 editore,

212 2435 363 2514 recognita
386 2434 526 2514 notisque
548 2431 700 2494 illustrata.
743 2432 865 2493 illorum
887 2432 918 2492 in
940 2441 1025 2512 parte
1046 2431 1147 2512 priore
1176 2433 1280 2494 insunt
1301 2434 1437 2496 Clemen-

213 2536 252 2597 tis
264 2536 343 2598 Alex.
367 2534 510 2612 scriptum
532 2526 583 2608 τίς
604 2524 623 2594 ὁ
645 2525 832 2612 σωζόμενος
851 2525 1032 2611 aichowe,-
1055 2533 1181 2614 epistola
1198 2533 1235 2594 ad
1250 2533 1437 2612 Diognetum,

211 2635 367 2716 Augustini
388 2633 506 2696 libellus
529 2634 566 2696 de
589 2633 802 2695 catechizandis
825 2633 949 2694 rudibus
970 2641 1058 2713 atque
1080 2635 1235 2696 Tractatus
1257 2635 1307 2696 lll.
1330 2644 1360 2697 et
1374 2634 1438 2698 llll.

212 2738 244 2799 in
267 2755 311 2804 ev.
332 2735 471 2798 loannis:
504 2735 672 2814 posteriore
703 2733 837 2796 eiusdem
858 2735 1013 2814 Augustini
1041 2736 1149 2816 scripta
1172 2735 1283 2814 aliquot
1303 2736 1339 2797 ad
1363 2753 1437 2798 con·

213 2837 389 2900 uorersiam
411 2835 596 2914 Pelagianam
617 2834 805 2916 pertinentia.
835 2834 918 2908 Quae
940 2845 1060 2916 praeter
1081 2836 1144 2900 illas
1166 2837 1334 2916 promissae
1355 2845 1440 2898 erant

109 2925 114 2936 ’
213 2947 341 3018 quatuor
361 2945 472 3018 partes,
494 2936 589 3000 lucem
612 2955 671 2998 nou
694 2937 840 2998 viderunt.
876 2935 1004 3000 Alterius
1026 2945 1123 3000 autem
1147 2938 1247 3017 operis
1269 2937 1439 3001 institutum

213 3039 350 3111 maxime,
372 3057 428 3100 nec
447 3047 545 3100 tamen
569 3037 691 3100 omnino
714 3037 748 3098 ad
772 3038 903 3100 rationes
934 3038 1114 3116 dogmaticas
1144 3045 1172 3098 et
1200 3036 1360 3115 polemicas
1387 3057 1438 3100 ac-

214 3139 433 3202 commodatum
455 3159 524 3201 esse
547 3138 670 3202 editoris
692 3137 834 3218 praelatio
857 3137 944 3200 docet
964 3146 1052 3216 atque
1073 3137 1139 3215 ipsa
1161 3136 1370 3214 opusculorum
1386 3156 1437 3198 aa·

213 3239 285 3310 ries,
308 3255 435 3316 quorum
457 3239 598 3318 pleraque
621 3239 778 3318 dogmatici
800 3248 830 3299 et
850 3237 989 3317 polemici
1010 3243 1082 3298 sunt
1108 3234 1282 3312 argumenti.
1322 3235 1439 3298 Etenim

213 3347 332 3418 praeter
366 3337 480 3398 irenaei
513 3337 642 3416 regulam
681 3338 749 3397 tidei
786 3345 815 3396 et
849 3335 992 3416 epistolae
1024 3335 1060 3398 ad
1095 3333 1248 3410 Florinum
1286 3335 1438 3415 fragmen-

215 3447 278 3501 tum
311 3436 352 3500 ihi
385 3444 503 3498 exstant
535 3437 647 3514 scripta
681 3434 829 3514 Hippolyti
865 3444 967 3496 contra
1003 3434 1142 3496 haeresin
1175 3434 1280 3508 naeu,
1320 3437 1439 3500 Tertul-
1512 3463 1518 3471 ¹

214 3537 285 3602 liani
306 3539 343 3600 de
365 3536 598 3618 praescriptione
621 3535 853 3610 haereticorum,
887 3535 1023 3616 Cypriani
1055 3536 1092 3599 de
1127 3535 1275 3598 idolorum
1301 3539 1438 3612 vanitate,

213 3638 338 3702 Arnohn
359 3637 589 3718 disputationum
612 3636 753 3698 adversus
775 3645 878 3716 gentes
900 3634 976 3699 liber
1002 3637 1128 3716 primus,
1150 3636 1294 3700 Lactantii
1310 3639 1439 3718 epitome

215 3740 433 3803 institutionum
456 3739 632 3812 divinarum,
655 3737 804 3800 Athanasii
828 3737 972 3817 expositio
995 3737 1073 3813 fidei,
1100 3749 1236 3818 excerpta
1260 3758 1296 3800 err
1315 3739 1439 3819 epistula

215 3839 419 3921 Chrysostomi
442 3841 477 3902 ad
501 3839 669 3902 Caesarium
692 3847 779 3900 etex
801 3856 893 3918 opere
915 3838 1025 3902 Gelasii
1048 3839 1084 3902 de
1109 3839 1224 3902 duabus
1247 3839 1357 3902 Christi
1384 3859 1439 3904 na-

216 3941 303 4012 turis,
327 3939 424 4020 Cyrilli
445 3941 526 4004 Alex.
549 3939 675 4020 epistola
698 3940 838 4019 synodica
859 3939 1002 4002 adversus
1024 3939 1207 4014 Nestorium,
1231 3939 1355 4018 annnis
1377 3942 1439 4002 An·

215 4040 343 4104 tiocbeni
367 4041 493 4123 epistola
514 4041 550 4103 ad
573 4042 725 4122 Cprillum,
763 4041 891 4122 denique
922 4040 1054 4122 symbola
1088 4051 1118 4104 et
1145 4059 1275 4104 canones
1307 4041 1440 4119 priorum

216 4151 343 4226 quatuor
366 4142 557 4204 conciliorum
580 4142 839 4206 oecumenicorum
861 4159 927 4203 cum
950 4141 1123 4204 delinitione
1144 4141 1213 4204 fidei
1235 4149 1351 4204 assato
1366 4159 1440 4220 pro-

215 4242 322 4324 posita.
366 4242 489 4322 Reliqua
510 4261 526 4305 a
548 4243 613 4304 viro
635 4241 809 4306 doctissimo
832 4241 863 4304 in
885 4243 1017 4324 sylloqen
1038 4243 1116 4304 hanc
1137 4251 1256 4323 recepta
1275 4241 1381 4321 partim
1405 4241 1440 4304 ad

217 4343 314 4406 olticia
335 4353 365 4405 et
385 4362 485 4410 mores
501 4343 747 4420 Christianorum,
769 4343 877 4423 partim
898 4344 934 4405 ad
958 4345 1162 4423 quaestionem
1184 4344 1221 4404 de
1246 4343 1365 4422 antiqua
1386 4361 1439 4404 ro·

216 4443 295 4508 mani
316 4445 462 4524 praesulis
480 4445 653 4508 auctoritate
669 4455 814 4526 spectant,
836 4443 915 4506 velut
928 4443 1114 4506 nobilissima
1129 4443 1291 4506 Firmiliani
1307 4443 1440 4524 epistola.

216 4545 279 4613 Aba
301 4558 382 4628 qliae
397 4546 558 4610 multorum
580 4546 715 4611 manibus
737 4565 817 4612 nuno
830 4544 936 4608 teritur
951 4545 1096 4618 collectio,
1119 4544 1305 4610 Bibliotheca
1314 4556 1443 4626 potrum
