3258 5276
578 407 685 452 onorio
701 409 732 452 rr.
750 409 865 453 conrna
879 411 1014 456 aennon.
1338 399 1401 463 335

171 555 226 637 ipoi
249 555 411 620 dicentem:
439 558 589 622 Dominus
611 579 695 623 mm
718 571 748 622 et
770 561 852 623 Deae
874 581 957 624 meur
980 562 1020 623 ita
1041 562 1121 642 loqui
1153 563 1227 626 sinit
1247 583 1303 626 nec
1321 581 1487 646 pro-mr.

167 657 259 727 hibet.
282 657 336 719 sed
358 660 459 739 potius
482 660 666 741 comprobat
698 661 769 740 lpse
791 661 870 724 enim
892 673 949 735 eat,
971 661 1074 723 otalii
1096 663 1261 744 Prophetae
1281 673 1397 728 testan-

169 766 216 822 tur
237 766 267 820 et
288 761 367 822 canit
387 760 496 835 David,
528 761 680 825 Dominus
709 766 861 825 virtutum
888 773 916 823 rt
939 762 1087 825 Dominae
1110 759 1256 837 Salaorlt,
1288 767 1317 827 id
1351 775 1399 830 eet

165 859 317 922 nomene
340 865 543 933 exercituum,
566 881 601 925 ac
620 863 701 925 lleue
723 881 811 925 verus
836 869 867 923 et
888 862 1088 943 omnipotens,
1110 863 1159 925 hic
1178 864 1246 936 licu
1267 866 1484 930 diorum-enar.

165 967 277 1041 pantur
297 961 407 1026 Ariani.
759 975 766 984 '

252 1164 305 1226 24.
348 1163 436 1243 Atqui
458 1164 524 1245 ipse
545 1181 608 1226 non
630 1172 710 1226 certe
733 1163 872 1225 adoratus
895 1163 1019 1239 ltneeet,
1041 1163 1175 1226 necleta
1197 1164 1235 1226 ‹le
1258 1184 1294 1227 eo
1317 1165 1400 1230 uice-

166 1273 286 1338 rentur,
318 1265 344 1326 si
366 1283 491 1346 prorsus
514 1285 532 1328 e
553 1283 679 1327 numero
702 1273 784 1327 ercet
804 1283 905 1326 rerum
927 1273 1102 1327 creatarum.
1148 1265 1224 1338 Ouia
1246 1286 1317 1330 vero
1339 1287 1401 1332 non

167 1375 214 1429 eet
237 1374 370 1440 uentus,
400 1367 452 1429 secl
475 1367 617 1448 proprius
639 1375 687 1430 est
707 1365 892 1428 oubcmtiae
912 1365 966 1427 Ilei
988 1365 1130 1428 adorandi
1153 1367 1230 1430 letus
1253 1387 1288 1430 oo
1308 1379 1398 1433 notu·

166 1467 367 1543 consultius,
390 1468 501 1531 idcirco
524 1469 664 1531 adoratur
687 1477 716 1531 et
738 1468 817 1531 lleus
839 1467 983 1542 creditur,
1016 1477 1120 1548 estque
1140 1465 1286 1532 Dominus
1310 1489 1399 1534 erer-

167 1569 288 1645 cituum,
311 1569 482 1634 dominator
503 1577 590 1650 atque
612 1561 814 1651 omnipotens,
837 1569 926 1631 sicuti
947 1569 1013 1649 ipae
1035 1567 1131 1632 Pater.
1159 1569 1316 1650 *Siquidem
1331 1572 1399 1654 ipse

166 1669 256 1732 dixit:
282 1671 390 1733 Οσυιῑσ
411 1689 604 1754 ponerentque
626 1671 712 1733 tolet
727 1670 827 1742 Peter,
849 1689 917 1732 meo
937 1680 1021 1733 runt.
1063 1669 1130 1732 Filii
1145 1670 1224 1732 enim
1243 1673 1399 1755 proprium

168 1777 226 1844 eet,
249 1789 292 1844 eo,
315 1790 390 1850 quoe
413 1771 510 1831 Patris
533 1780 604 1832 sunt
624 1770 743 1844 habere,
766 1789 801 1832 ec
820 1769 908 1832 talem
930 1767 1009 1844 eee'e,
1032 1779 1065 1834 ut
1085 1771 1116 1834 in
1138 1771 1205 1852 ipso
1220 1771 1308 1836 Pater
1322 1793 1397 1837 con-

170 1869 326 1949 spiciatur,
360 1879 390 1932 et
422 1889 477 1952 por
509 1877 577 1932 euni
607 1853 706 1932 omnia
735 1873 809 1932 lacta
831 1871 956 1945 luerint,
986 1873 1017 1934 in
1040 1890 1135 1952 coque
1157 1873 1209 1934 liet
1231 1881 1261 1934 ct
1282 1884 1400 1938 conetet

170 1970 303 2032 omnium
326 1969 417 2033 suus.
461 1971 536 2033 Nam
557 1972 616 2034 lico
636 1971 673 2033 ab
695 1971 753 2034 illio
775 1971 926 2052 inquirere
947 1972 1025 2035 haud
1047 1973 1084 2034 alr
1105 1993 1139 2035 re
1162 1973 1229 2049 erit,
1252 1993 1311 2055 quo
1333 1995 1399 2039 ma-

169 2072 215 2151 gis
237 2072 279 2134 eit
298 2073 457 2153 perspicua
479 2072 752 2135 illorum'lraercoio
775 2074 930 2136 refutatio:
954 2075 1053 2146 Quare
1076 2073 1234 2148 nimirum,
1258 2095 1326 2140 cum
1346 2097 1398 2141 rea

168 2191 274 2235 omnes
304 2173 364 2235 sint
392 2183 509 2237 creatae
531 2183 619 2254 atth
642 2193 678 2236 ex
699 2173 794 2237 nihilo
817 2174 1001 2250 exstiterint,
1029 2176 1152 2257 ipseque
1172 2177 1266 2240 l'iliue
1287 2197 1397 2242 accon·

167 2274 238 2336 dum
261 2293 315 2336 ros
339 2274 378 2336 sit
399 2283 516 2338 creatus
540 2284 570 2337 et
592 2295 627 2337 ex
651 2294 753 2338 eorum
776 2294 877 2339 rerum
899 2293 1036 2351 numero,
1058 2297 1132 2357 quoe
1155 2277 1311 2360 aliquando
1333 2300 1396 2344 non

165 2377 303 2452 luerunt,
334 2377 431 2440 omnia
461 2385 560 2440 tamen
587 2377 767 2459 peripsum
790 2377 861 2440 lecit
881 2377 976 2452 Deus,
1007 2385 1037 2440 et
1058 2379 1126 2440 aine
1146 2379 1197 2440 illo
1220 2383 1328 2443 lectum
1351 2389 1398 2443 eat

163 2477 262 2541 nihil?
306 2477 357 2540 Vel
386 2499 477 2560 quare
506 2477 573 2542 cinn
604 2484 705 2543 monio
734 2478 859 2554 dicitur,
887 2479 992 2542 Filium
1015 2480 1094 2543 inter
1116 2481 1214 2543 omnia
1238 2481 1397 2560 significari

163 2599 252 2642 nemo
275 2579 427 2659 intelligit3
450 2599 519 2642 com
541 2597 612 2640 vero
636 2580 673 2641 de
694 2579 792 2642 llerbo
815 2581 979 2662 loquuntur
1001 2581 1191 2660 Scripturae,
1213 2599 1276 2642 non
1299 2581 1399 2660 ipsum

81 2709 87 2716 ·
166 2696 332 2740 enumero
355 2680 488 2740 omnium
510 2697 580 2740 esee
603 2677 777 2766 intelligunt,
800 2683 854 2744 aed
875 2701 942 2746 cum
957 2683 1045 2744 Patre
1067 2681 1224 2754 collocant,
1246 2681 1398 2742 omnium·

169 2795 227 2857 que
249 2777 466 2863 conservationi
488 2786 520 2839 et
542 2778 630 2840 soluti
652 2779 682 2841 in
704 2799 741 2842 eo
763 2780 902 2861 providet
923 2802 957 2843 ec
977 2781 1125 2862 prospicit
1145 2779 1251 2855 Pater3
1273 2781 1400 2842 maxime

168 2894 236 2939 cum
260 2877 360 2938 omnia
382 2879 486 2940 eodem
508 2879 644 2958 imperio,
667 2900 726 2960 quo
749 2882 815 2961 ipse
838 2901 853 2944 e
875 2883 942 2944 eolo
958 2883 1019 2943 lieo
1043 2883 1139 2942 lactus
1163 2890 1220 2956 eet,
1244 2880 1308 2942 lieri
1323 2899 1398 2960 poe-

168 2975 256 3040 sint?
299 2975 362 3039 Nec
383 2977 462 3040 enim
484 2979 564 3041 llens
588 2980 716 3042 iubendo
739 2983 932 3061 defatigatur,
954 2983 1000 3043 vel
1022 2982 1059 3043 ad
1083 2981 1181 3043 omnio
1204 2981 1330 3043 creanda
1353 2987 1401 3044 est

166 3077 355 3152 imbecillior,
378 3065 413 3140 ul
433 3079 517 3142 soluo
541 3079 640 3142 solum
660 3081 768 3143 Filium
792 3091 882 3155 creet,
904 3099 964 3160 quo
987 3081 1124 3142 adiutore
1146 3089 1176 3143 et
1196 3081 1334 3158 minnistro
1349 3082 1399 3144 in·

167 3180 267 3260 digeat
288 3179 324 3241 ad
346 3197 397 3241 res
419 3181 491 3242 elios
513 3180 733 3262 producendos.
777 3181 851 3242 Nam
872 3181 953 3243 nulla
975 3181 1173 3262 interponitor
1193 3202 1286 3258 mora,
1310 3193 1342 3246 ut
1364 3201 1398 3247 ea

166 3299 243 3361 quae
264 3279 391 3344 voluerit
411 3283 492 3356 liant,
517 3281 573 3344 ced
596 3282 670 3344 satis
692 3283 748 3345 luit
771 3301 838 3344 auro
861 3282 949 3356 velle,
972 3284 1129 3364 statimque
1151 3283 1249 3347 omnio
1273 3287 1395 3348 exstite-

163 3389 250 3454 runt,
280 3383 428 3462 nemoque
455 3383 520 3445 eius
549 3383 661 3445 restitit
689 3382 843 3445 voluntati.
889 3383 988 3457 Quare
1010 3385 1102 3463 igitur
1121 3405 1181 3446 non
1205 3407 1222 3447 a
1244 3386 1309 3448 aolo
1331 3387 1395 3450 Deo

165 3483 264 3544 omnio
292 3483 399 3544 eodem
429 3484 515 3546 iussu
537 3486 614 3548 lacta
636 3493 721 3559 sont,
751 3503 811 3564 quo
832 3483 925 3546 Filius
946 3487 1039 3547 lactus
1063 3485 1131 3548 est?
1174 3486 1226 3549 Vel
1249 3489 1275 3549 si
1298 3489 1393 3550 lactus

168 3583 232 3662 ipae
254 3591 310 3659 eol,
333 3584 432 3647 dicant
452 3585 552 3660 velim,
576 3604 666 3666 quere
690 3585 789 3648 omnia
810 3604 866 3666 per
889 3586 988 3667 ipsum
1011 3587 1085 3649 lacta
1109 3586 1204 3649 suut?
1227 3605 1299 3648 sone
1322 3585 1396 3650 nihil

198 3818 221 3880 ς.
239 3803 361 3864 inplicari.
385 3797 472 3870 ἔχειν,
496 3800 543 3854 καὶ
561 3795 595 3854 tlt’
615 3796 699 3854 ultori
717 3799 751 3853 τὰ
839 3805 863 3855 lr.
882 3807 923 3856 Sic
941 3821 998 3856 rose.
1014 3821 1108 3855 omncs.
1144 3803 1273 3854 Editirero
1291 3801 1358 3858 nuic.

166 3881 258 3917 σαντα
275 3871 372 3920 omissio
391 3875 548 3922 intermediis.

200 3937 217 3986 l.
235 3937 276 3987 Sic
292 3939 501 4000 Segner.Gol1ler.
520 3939 625 3986 letetur,
645 3939 668 3986 l.
689 3939 754 3988 etl.
807 3971 836 4018 Μ
860 3971 957 4021 Gom
984 3971 1087 4019 ΝΜ.
1109 3972 1130 4020 ι·
1148 3969 1173 4020 4⁸
1193 3980 1217 4028 ss
1234 3973 1258 4020 5·
1277 3963 1343 4020 ἀλλὰ
1362 3965 1396 4020 a&

840 3905 856 3953 i.
875 3905 916 3953 Sic
941 3905 1040 3966 Segoer.
1064 3906 1119 3965 lleg.
1140 3901 1212 3952 nant.
1233 3913 1256 3953 el
1273 3903 1396 3966 inplicta.

164 4004 240 4054 Soloe
257 4007 488 4068 tacoeoSegoerian.
508 4005 580 4052 habet
598 4016 634 4052 τε.
670 4005 714 4052 llil
733 4011 757 4052 et

164 4072 222 4121 editi
241 4071 353 4121 omittunt
368 4066 415 4120 καὶ
432 4066 626 4119 συνίστασθαι.
666 4071 756 4120 ibidem

164 4139 270 4188 Felclur.
290 4139 314 4188 2.
339 4148 363 4189 et
381 4141 438 4190 editi
455 4131 539 4186 πάλιν
556 4130 620 4188 luel.
657 4137 757 4188 lneliro
843 4136 866 4184 l.
884 4135 924 4185 Sic
943 4137 1081 4200 Saguerirn.
1115 4140 1201 4190 lentii
1220 4149 1244 4190 et
1265 4137 1397 4190 editiori»

164 4207 234 4256 deest
250 4199 339 4255 πάλιν.
808 4204 928 4253 omittunt.
965 4205 1055 4255 ltnlrlenr
1074 4209 1165 4270 Segcer
1192 4209 1249 4266 lton.
1269 4207 1396 4256 ltneilieoo.

199 4289 221 4334 p.
240 4273 281 4322 Sic
298 4275 398 4336 Segner.
418 4275 474 4336 lton.
492 4273 593 4326 anlor.
612 4273 717 4324 Felclrn.
733 4270 755 4323 l.
808 4273 906 4322 Golrlrr.
925 4273 1027 4324 l'elclor.
1047 4275 1067 4325 l.
1080 4275 1103 4325 4.
1123 4283 1147 4325 et
1164 4277 1186 4324 5.
1206 4267 1292 4340 ptrue
1308 4271 1397 4340 μόνον

166 4340 232 4390 etl.
267 4341 328 4390 Edltl
348 4357 403 4392 cero
422 4333 665 4391 etellralmicroow.
693 4341 754 4391 lbld.
805 4335 903 4407 κτίσῃ»
928 4342 954 4391 ln
973 4344 1027 4392 ollio
1046 4345 1156 4393 etetitlc
1174 4345 1241 4391 donat
1258 4336 1356 4408 μόνον.

165 4405 266 4468 Segner
286 4398 364 4461 ὄντος
380 4399 442 4460 καθ’
461 4401 538 4476 ὑμᾶς.
575 4415 603 4460 lt
630 4411 703 4459 celeri
731 4418 756 4460 et
841 4441 857 4491 Ι.
876 4431 975 4504 Smer·
1003 4435 1069 4510 ὅπερ
1094 4435 1129 4490 ἃ,
1145 4436 1267 4508 emm,
1306 4441 1395 4498 meu.

164 4463 754 4609 ἓᾞὲτὲἕτὲεςοσῖιῖἓιιὲῖιὲσεᾞοἓοὶιῗισΐ.ἪΙᾘ·
805 4501 928 4648 ,ξᾘὲσέν
945 4504 1055 4578 θελήσΰ·
1092 4511 1155 4560 Ellll
1174 4519 1198 4559 er
1214 4511 1254 4560 olrr
1270 4501 1335 4570 imp
1348 4495 1398 4551 lov

163 4607 187 4658 1.
206 4616 229 4660 et
246 4611 271 4662 l.

807 4029 932 4099 γεννητᾶ.
968 4037 1029 4086 ΕιΙίιι
1047 4035 1121 4096 mei,-
1140 4028 1207 4086 ’ὅταν
1224 4033 1255 4088 δέ
1272 4051 1318 4089 etc.
