3162 5308
553 375 661 420 enarro
678 375 847 419 rr.·conrm
861 375 995 418 munos.
1317 363 1378 426 655

162 539 209 594 nst
230 537 367 592 testatus.
410 527 505 608 dique
526 535 559 589 ut
580 545 640 588 neu
663 525 737 589 eiius
760 534 806 588 est
826 525 986 588 Paraditus
1013 533 1043 588 et
1064 525 1137 588 alius
1159 527 1286 606 Spiritus
1309 541 1466 592 san-rme.

162 641 236 706 ctus,
261 629 314 692 sed
338 647 414 694 unus
437 629 584 708 idemque,
607 627 652 690 sic
673 646 729 690 nec
750 627 829 690 eliud
849 637 896 690 est
912 626 1037 690 Verbum
1060 638 1090 688 et
1110 627 1184 690 elius
1203 627 1304 702 Filius,
1328 631 1382 692 sed

161 733 289 797 Verbum
318 740 366 794 est
393 729 575 810 Unigenitum
625 729 687 792 Nec
713 728 790 790 euim
818 729 914 791 caruis
946 727 1000 789 sed
1029 727 1115 790 Verbi
1141 729 1272 809 pierium
1300 729 1381 792 dixit.

163 837 353 915 Quapropter
375 831 424 913 qui
446 831 574 896 Verbum
596 841 626 894 et
647 831 752 893 Filium
775 829 864 892 audet
884 845 1033 912 separare,
1057 830 1198 910 Spiritum
1221 839 1384 913 quoquest

161 936 338 1000 Peraoiitum
361 943 489 1015 separet.
534 933 589 996 Sin
611 942 708 996 autem
724 931 893 994 individuus
909 938 958 994 est
971 930 1109 1010 Spiritus,
1132 931 1313 1014 individuum
1327 953 1382 1014 pe-

162 1041 236 1102 riter
260 1037 387 1100 Verbum
411 1055 479 1098 esse
500 1035 650 1098 iciendum
673 1043 736 1107 est,
767 1034 817 1113 qui
847 1033 925 1096 idem
946 1031 1047 1096 Filius·
1066 1042 1113 1094 est
1138 1042 1168 1096 et
1189 1035 1333 1114 sapientia
1355 1044 1385 1098 et

164 1142 268 1203 rictus.
313 1139 450 1201 Ceterum
471 1145 581 1199 norunt
607 1135 664 1217 ipsi
687 1135 817 1197 Gentiles
844 1135 995 1197 literarum
1022 1133 1112 1214 periti
1140 1134 1280 1198 dilectum
1305 1135 1383 1202 idem

165 1261 234 1305 esse
256 1259 291 1304 ec
317 1241 510 1320 unigenitum.
553 1239 626 1302 Nam
648 1238 796 1300 Homerus
825 1237 862 1298 de
884 1237 1060 1298 Telemacho
1082 1236 1197 1317 Ulyssis
1225 1237 1284 1308 idio
1314 1239 1382 1300 uni-

166 1344 263 1424 genito
286 1343 326 1406 ita
348 1343 477 1406 secunde
500 1341 633 1422 Odyssea
654 1340 799 1421 loquitur:

410 1447 480 1516 Quid
500 1455 531 1504 tu
553 1464 615 1504 care
638 1455 684 1504 tuo
707 1446 789 1503 rolris
811 1444 862 1502 sub
884 1453 996 1518 pectore
1021 1441 1077 1502 iiiii

411 1549 480 1617 Quid
502 1549 600 1606 multas
622 1557 710 1606 terrae
732 1555 824 1622 partes
849 1561 996 1621 peragrare
1017 1555 1155 1620 peroptss,

412 1650 463 1718 Qui
484 1650 559 1707 solus
582 1649 696 1708 ddectus
718 1647 767 1708 esi
788 1657 817 1706 st
839 1648 941 1708 diunus
963 1648 1072 1723 Ulysses

161 1755 180 1796 θ
411 1751 521 1824 ignotas
541 1751 614 1808 iuter
635 1759 731 1826 gentes
752 1751 902 1828 patriisque
923 1758 1045 1808 remotus

414 1851 528 1910 Sedibus
550 1853 660 1910 interiit.

166 1951 258 2032 igitur
279 1949 329 2030 qui
352 1950 435 2012 solus
458 1961 504 2014 est
524 1952 611 2032 petri,
633 1951 658 2013 is
681 1951 804 2014 dilectus
826 1950 1009 2032 appeliatum·

250 2055 300 2118 30.
347 2051 472 2126 Quidam
495 2071 530 2114 er
552 2053 770 2116 samosatensis
793 2051 990 2116 sectatoribus
1011 2051 1139 2114 Verbum
1161 2072 1179 2113 e
1198 2051 1271 2114 Filio
1294 2069 1385 2132 sepa·

162 2163 246 2229 rent,
269 2154 409 2234 aiuntque
429 2154 536 2218 Filium
558 2173 626 2217 esse
647 2155 814 2228 Christum,
842 2153 921 2218 aliud
942 2163 1040 2245 autem
1061 2171 1129 2216 esse
1150 2152 1287 2218 Verbum.
1331 2154 1470 2218 dienen.

164 2252 262 2318 etitem
291 2256 409 2320 errandi
438 2253 554 2320 eccesie
582 2259 665 2320 fuere
693 2257 741 2320 ilia
768 2259 892 2320 ictuum
918 2256 1024 2330 verbe,
1056 2275 1131 2336 ques
1159 2255 1277 2339 quidem
1305 2265 1386 2320 recte
1459 2243 1463 2254 ¹

163 2359 288 2440 protulit
308 2359 434 2432 Petrus,
463 2359 516 2422 ssd
547 2377 685 2438 perverse
707 2359 765 2438 ipsi
786 2359 1033 2440 interpretantur:
1062 2366 1133 2422 sunt
1158 2368 1255 2421 nutem
1277 2358 1386 2422 huius·

164 2460 262 2522 mudi:
294 2461 418 2524 Verbum
438 2465 520 2525 misit
542 2459 624 2523 Dens
645 2460 719 2541 filiis
740 2459 849 2546 Israel,
872 2465 1063 2525 nnnsnm'nns
1082 2477 1187 2542 pucem
1204 2478 1264 2541 per
1284 2459 1388 2524 desem

168 2561 330 2623 Christum.
374 2562 432 2625 Hic
453 2573 498 2626 est
521 2568 652 2651 omnium
672 2562 831 2626 Dominus.
873 2563 986 2644 Nempe
1013 2561 1096 2626 siunt
1116 2559 1245 2622 Verbum
1273 2561 1313 2624 ita
1333 2579 1388 2641 per

166 2659 315 2722 Christum
337 2661 468 2724 locutum
490 2683 576 2738 esse,
604 2683 638 2726 sc
664 2682 718 2744 per
737 2663 900 2744 Prophetas
928 2664 1057 2726 aientes:
1086 2661 1167 2724 Haec
1189 2663 1261 2726 dicit
1281 2663 1387 2726 Domi-

168 2779 245 2836 nus:
267 2761 355 2824 alium
379 2763 457 2826 euius
478 2765 572 2830 tuisse
593 2766 771 2846 Prophetrm
794 2774 824 2828 et
845 2767 934 2829 alium
955 2763 1125 2828 bominum.
1168 2763 1277 2826 Verum
1298 2763 1334 2826 ad
1356 2762 1388 2825 id

162 2845 330 2943 'possumus
358 2883 504 2945 reponere
531 2866 605 2930 haec
632 2868 719 2930 rerba
741 2867 854 2948 primae
876 2864 1025 2946 Epistulae
1048 2865 1084 2928 ad
1107 2863 1294 2928 Corinthios:
1322 2865 1387 2928 Βω-
1506 2859 1511 2866 ’

166 2973 337 3044 spectantes
360 2967 571 3032 revelationem
591 2970 715 3033 Deenini
734 2975 837 3033 nostri
856 2968 926 3033 iero
950 2967 1076 3038 Christi,
1099 2971 1152 3048 ppi
1172 2977 1201 3029 et
1223 2966 1388 3047 confirmo-

148 3066 210 3130 .dit
231 3085 285 3129 cos
305 3085 400 3150 nspne
423 3073 454 3130 in
474 3068 566 3149 finem
587 3063 652 3132 sirie
674 3075 806 3146 crimine,
828 3074 861 3132 in
883 3071 928 3132 die
948 3068 1072 3130 Domini
1089 3073 1194 3132 nostri
1212 3067 1282 3132 tnn
1298 3068 1388 3132 Ciri-

167 3171 217 3230 sti.
262 3167 299 3230 Ut
321 3169 399 3230 enim
421 3187 481 3232 uon
504 3169 578 3232 alius
601 3169 734 3232 Christus
756 3169 877 3232 citerius
900 3169 1009 3234 Christi
1031 3169 1109 3233 diem
1130 3169 1299 3245 confirmet,
1334 3169 1387 3232 sed

166 3267 282 3347 ipsein
306 3270 353 3332 sui
376 3270 471 3350 ipsius
494 3271 542 3332 die
564 3279 767 3351 exspectantes
790 3271 958 3347 confirmem
986 3272 1027 3334 ita
1047 3271 1136 3334 Peter
1156 3271 1238 3334 misit
1259 3270 1387 3334 Verbum

165 3387 283 3432 carnem
306 3373 430 3448 iactum,
463 3381 497 3436 ut
524 3373 615 3434 homo
636 3373 731 3434 iactus
752 3391 807 3454 per
829 3373 960 3454 seipsum
980 3371 1173 3453 praedicaret.
1216 3372 1293 3436 Hinc
1313 3373 1386 3436 sub-

165 3470 223 3534 dit:
247 3473 294 3536 in'c
316 3487 361 3538 est
383 3479 513 3539 emeriten
534 3473 699 3550 Dominus:
723 3475 802 3555 etqui
824 3475 955 3538 emnium
976 3474 1120 3538 Dominus
1138 3473 1267 3537 Verbum
1288 3483 1343 3544 est.

248 3779 299 3841 31.
347 3775 385 3839 dit
408 3779 484 3841 dreit
507 3751 624 3863 Moyses
647 3780 687 3841 od
708 3781 829 3842 deren:
853 3779 963 3844 decede
981 3780 1021 3841 od
1035 3779 1143 3850 altore,
1166 3790 1195 3843 et
1215 3780 1267 3860 sec
1289 3783 1388 3844 recri-

200 3996 218 4044 i.
236 3995 276 4046 Sic
293 4009 352 4045 mes.
388 3987 665 4052 tritissimum,
684 4009 753 4046 meu·
837 3997 854 4047 i.
872 3998 913 4047 Sic
929 3997 987 4058 iter.
1005 3998 1105 4058 Sernes.
1124 3997 1196 4048 barii.
1221 4006 1245 4049 et
1263 3998 1386 4062 desiisse.

155 4063 236 4144 ,done
803 4065 833 4114 ht
850 4063 891 4114 eiii
910 4072 934 4113 et
952 4062 1008 4114 editi
1028 4049 1083 4114 adv.

837 4131 860 4182 it.
879 4133 922 4182 ihc
945 4133 974 4180 ad
1002 4133 1134 4196 marginem
1155 4133 1230 4197 Regii,
1247 4135 1388 4198 Senserian.

804 4199 874 4252 Gobi.
893 4211 916 4250 et
934 4199 1039 4250 Feicim.
1059 4201 1080 4251 l.
1100 4202 1302 4266 incuterentur:
1321 4194 1388 4252 dmi·

804 4262 884 4324 detirr
901 4259 955 4316 sind
974 4265 1023 4317 reri
1040 4267 1181 4320 Arvernos
1198 4264 1261 4340 περὶ
1278 4269 1325 4331 τῆς
1341 4261 1384 4338 ἐφ’

201 4177 223 4226 g.
242 4163 275 4214 ita
294 4163 350 4226 neg.
375 4163 474 4226 segon.
500 4171 523 4212 et
540 4163 672 4228 Scriptura.
707 4165 752 4216 ttii

166 4241 246 4282 antem
265 4240 289 4282 et
307 4231 363 4281 editi
381 4223 599 4298 ἀπεκδεχόμενοι.

200 4335 223 4384 b.
242 4333 493 4412 umiqnehem).
511 4343 535 4386 st
551 4335 642 4398 inpiis.
661 4324 750 4390 edric.
802 4329 844 4386 tut
859 4329 1003 4402 πράγματι
1019 4331 1158 4406 διαφόρου
1175 4330 1333 4407 ὀνομασίας.
1361 4341 1388 4392 id

112 4463 116 4474 ¹
166 4402 245 4452 Ceteri
269 4412 293 4453 et
317 4403 372 4452 editi
396 4415 501 4456 curcur.
536 4397 628 4455 ibidem
655 4403 711 4466 iieg.
729 4413 753 4456 et
804 4413 851 4456 est:
875 4406 987 4456 Prcbctnr
1011 4423 1041 4458 ee
1057 4409 1156 4460 beriticc
1173 4423 1221 4460 rent
1238 4411 1333 4460 eredens
1350 4411 1388 4459 di·

166 4470 265 4534 Sernes.
289 4463 318 4520 tr
341 4468 373 4538 τῇ
391 4463 497 4522 ἑαυτοῦ.
532 4471 577 4522 etit
601 4485 655 4522 cum
682 4473 752 4524 editis
802 4489 866 4524 serre
883 4475 1011 4539 oppetieri,·
1029 4491 1090 4540 qnae
1107 4477 1177 4527 rerba
1195 4476 1219 4526 in
1229 4476 1354 4527 desiticusi
1364 4483 1389 4526 et

165 4527 195 4585 t»
211 4535 244 4604 τῇ
262 4531 353 4590 αὐτοῦ.
802 4541 932 4660 ffliicroo
957 4552 1011 4594 ente
1028 4537 1074 4596 sni
1091 4531 1146 4594 eine
1164 4545 1187 4594 in
1205 4544 1259 4608 ipsc
1277 4551 1389 4596 contestu

851 4618 927 4662 eninr.
