3226 5280
431 1259 474 1351 S.
506 1259 790 1353 ATHANASII
821 1262 1225 1356 ARCHIEPISCOPI

668 1416 978 1492 ,οοοοοοοοο

610 1568 795 1660 CONTRA
821 1569 1036 1632 ARIANOS.

645 1958 1003 2018 sottottttto.

123 2136 199 2182 2403,
292 2108 315 2168 t.
358 2105 515 2170 Historiae
542 2107 730 2172 Asianorum
761 2110 801 2171 ad
829 2108 993 2171 Monachus
1022 2127 1042 2171 ο
1069 2107 1102 2169 S.
1132 2107 1298 2170 Athanasio
1327 2111 1439 2171 missas

206 2209 388 2290 suhiunpsra
411 2212 510 2271 uisum
532 2221 579 2273 ast
599 2219 733 2290 quatuor
758 2209 919 2273 Orationes
942 2221 1051 2272 contra
1073 2208 1215 2272 Arianos.
1251 2207 1385 2290 Namque
1398 2213 1436 2282 si,

206 2321 240 2373 ut
263 2310 484 2374 nonnullorum
506 2321 553 2373 ast
575 2315 738 2384 sententia,
773 2310 826 2373 hoo
849 2314 948 2391 ipsum
972 2309 1056 2390 Opus
1084 2319 1145 2380 ast,
1178 2310 1258 2390 quod
1284 2329 1348 2372 una
1370 2329 1437 2372 anon

206 2411 393 2474 Asianorum
415 2412 547 2475 historia
567 2412 608 2473 ad
629 2411 793 2476 Monaahos
815 2415 899 2475 nisit
921 2410 953 2472 S.
977 2409 1177 2481 Athanasius,
1203 2414 1357 2491 proprius
1389 2411 1437 2473 hia

206 2517 269 2576 ahts
294 2513 376 2576 loono
405 2523 461 2575 ast.
506 2513 566 2577 Sed
593 2517 624 2575 si
649 2512 920 2592 ahiiprohaht'h'us
949 2515 1135 2583 auistintsnt,
1170 2511 1242 2572 iilos
1273 2511 1435 2574 Orationes

205 2613 283 2676 ahias
301 2613 395 2694 plana
419 2633 484 2678 assa
506 2614 542 2677 ah
563 2615 662 2695 Opera
684 2614 724 2676 aa
738 2611 902 2676 Monachus
923 2618 1026 2689 misso,
1048 2630 1102 2674 naa
1123 2613 1236 2674 idcirco
1252 2614 1437 2675 incommoda

206 2715 252 2779 hio
275 2715 475 2781 aollooontnr.
522 2716 595 2781 Cum
616 2719 695 2777 ouant
717 2716 847 2786 constat,
878 2733 929 2776 aas
955 2726 1029 2794 post
1055 2717 1212 2776 intrusum
1234 2714 1394 2794 Goorps'um
1417 2733 1437 2776 a

205 2828 310 2880 sanato
334 2817 500 2878 Athanasio
528 2819 562 2877 in
591 2817 757 2879 solitudine
785 2824 849 2877 tuno
870 2816 992 2894 Asponta
1013 2833 1078 2878 osso
1106 2819 1303 2894 conpositas,
1334 2823 1437 2894 potest

204 2922 307 2998 utiquo
334 2917 407 2998 fieti
430 2928 467 2980 ut
493 2915 565 2978 illas
592 2919 719 2978 nonnisi
735 2925 809 2996 post
830 2915 1000 2995 Epistoiasn
1026 2926 1181 2998 aatsropua
1209 2916 1249 2976 od
1271 2914 1433 2978 Monaahos

203 3023 297 3082 missa
323 3017 425 3099 Opera
446 3019 627 3097 scripserim
658 3035 729 3078 naon
751 3035 809 3099 qno
832 3016 953 3097 definita
982 3034 1063 3079 anno
1092 3019 1282 3096 conscriptas
1303 3017 1433 3095 fuerint,

206 3130 287 3182 asoto
322 3119 382 3181 Aioi
407 3137 471 3182 non
495 3129 608 3200 potest.
653 3117 714 3180 Sed
742 3119 776 3180 da
805 3117 850 3180 his
878 3119 982 3196 susino
1012 3120 1046 3178 in
1073 3116 1270 3196 Praefationa
1297 3116 1437 3195 pasorali

206 3219 246 3296 [p.
263 3217 408 3296 XXXV.];
436 3231 537 3282 catara
557 3239 654 3293 nuno,
686 3236 762 3299 potas
790 3218 830 3280 aa
850 3221 932 3298 ipsos
955 3218 1092 3280 adtinant
1116 3217 1293 3285 Orationes,
1321 3235 1435 3296 prosa-

204 3335 343 3396 puanur.

288 3415 325 3476 ΙΙ.
369 3415 473 3496 Supra
492 3423 608 3498 popina
622 3419 695 3481 269.
718 3421 751 3478 in
772 3417 981 3486 Admonitiono
1003 3421 1035 3478 in
1056 3416 1224 3510 Epistolant
1243 3417 1434 3498 Ensysliaaot

203 3518 244 3580 oA
264 3516 432 3597 Episcopus
454 3517 580 3596 Aspypti
600 3529 628 3581 at
649 3517 757 3595 Libyas
779 3521 840 3579 iam
863 3514 1100 3594 observavimus,
1128 3529 1261 3599 quatuor
1282 3519 1434 3582 duntaaat

203 3636 270 3681 assa
294 3617 457 3680 Orationes
489 3626 597 3679 oontra
618 3617 767 3693 Arianos,
801 3635 864 3680 non
892 3621 1035 3699 quinqua,
1067 3628 1104 3679 ut
1131 3617 1188 3680 alii
1213 3618 1287 3681 aditi
1315 3620 1431 3693 hahent,

201 3726 357 3801 ipsanpus
378 3716 568 3798 Enayah’aom
589 3715 758 3797 Epistulam
785 3719 822 3780 ah
844 3717 918 3782 illis
932 3718 1132 3780 orationihus
1152 3723 1275 3798 ponitus
1298 3739 1363 3783 asso
1384 3723 1433 3784 ιίί-

201 3825 362 3896 stinotant3
391 3837 497 3882 aarum
526 3836 636 3899 operas
665 3821 798 3900 pretium
819 3829 866 3882 ast
884 3819 1007 3898 planius
1031 3819 1078 3880 hio
1099 3837 1134 3881 so
1157 3821 1191 3882 Aa
1214 3839 1248 3883 rs
1272 3822 1432 3885 disserere.

202 3921 290 3984 lutor
310 3941 343 3984 ss
374 3939 438 3984 non
461 3923 654 3984 aonsontiunt
675 3924 880 4002 manuscripti
902 3920 1022 3983 Codices
1044 3924 1077 3982 in
1099 3923 1281 4002 assipnanho
1303 3940 1432 3986 numano

204 4023 387 4086 Orationnon
409 4033 516 4086 contra
536 4022 679 4086 Arianos.
724 4019 928 4102 Sopatrianus
952 4024 1081 4102 optimos
1102 4035 1193 4087 notas
1217 4023 1316 4086 Goion
1342 4027 1433 4105 qnin-

202 4140 257 4204 pua
284 4135 441 4194 nnntarat,
476 4141 607 4204 ananan
629 4127 733 4203 prino
759 4131 806 4185 ast
832 4123 972 4204 Epistola
1001 4121 1161 4203 Enoyaiiaa
1193 4124 1233 4184 ad
1263 4123 1430 4205 Episcopus

200 4223 329 4303 Aspypti
347 4232 376 4285 ot
397 4221 521 4302 Libyas,
555 4223 595 4283 ad
622 4227 708 4284 ouius
736 4227 857 4286 initiunt
885 4227 919 4286 in
944 4227 1081 4302 norpins
1109 4223 1181 4286 haao
1212 4235 1287 4288 nota
1308 4224 1430 4305 hspitur,

202 4341 291 4406 quom
311 4322 466 4385 noluimus
490 4325 643 4386 oou'ttsro:
668 4307 764 4397 οὗτος
787 4315 805 4386 ὁ
828 4319 977 4388 ἐνταῦθα
997 4323 1132 4406 πρῶτος
1146 4317 1242 4404 λόγος
1256 4323 1316 4386 τοῦ
1333 4317 1429 4406 ἆγίου

198 4416 406 4488 Ἀθαυυσίου
423 4419 457 4487 ἔν
471 4441 542 4486 τισι
555 4421 623 4486 τῶν
645 4414 857 4509 ἀντιγράφων
868 4427 1024 4510 τέταρτος
1039 4425 1184 4508 φέρεταί
1207 4417 1264 4486 καί
1283 4422 1430 4508 Σοβῆρος

201 4523 239 4589 δὲ
261 4515 279 4588 ὅ
302 4520 458 4610 δυςστβὴς
479 4519 514 4588 ἐν
535 4522 582 4610 τῷ
611 4520 749 4610 εἰκοστῷ
770 4527 872 4610 τρίτῳ
900 4523 1070 4610 κεφαλαίῳ
1098 4522 1158 4589 τοῦ
1186 4526 1299 4607 τρίτου
1328 4519 1428 4608 λόγου

201 4625 268 4690 τῶν
295 4621 379 4691 κατὰ
399 4625 459 4691 τοῦ
479 4629 643 4711 μακαρίου
661 4617 812 4694 Ἰωάννου
834 4626 894 4691 τοῦ
917 4621 1105 4692 ἐπισκόπου
1126 4627 1331 4712 Καισαρείας
1351 4627 1429 4692 Πα-
