3258 5276
579 345 689 390 omaro
705 347 736 390 n.
753 347 870 392 conam
885 349 1019 394 micros
1344 338 1409 400 323

178 494 325 568 stiooem,
348 512 470 576 nempe:
493 493 650 569 „Unnrnne
672 505 720 558 est
739 499 929 562 non-sactum
952 518 989 562 an
1011 497 1124 564 dnol“
1146 503 1202 566 sed
1223 503 1264 566 ibi
1287 517 1494 585 quoquotum.

177 595 296 668 devicti,
318 596 405 658 istam
427 613 534 658 rursus
557 597 773 676 excogitavere:
796 600 895 673 „Num
917 599 1002 663 liberi
1025 612 1073 664 est
1093 602 1206 666 arbitrii
1225 613 1408 686 naturaeque

176 695 409 771 „mutabilial‘⁸
454 697 541 771 Quod
564 699 761 778 compariter
782 701 937 779 explosum
960 701 1077 775 luisset,
1100 703 1169 765 illud
1185 705 1319 785 Apostoli
1333 723 1406 786 per-

173 815 278 879 peram
307 808 378 861 sunt
404 799 605 880 interpretati:
637 799 732 864 Toeto
757 805 972 882 praestantior
999 802 1103 881 foetus
1124 803 1255 884 Angelis.
1298 807 1407 870 llorum

175 917 243 962 cuns
267 899 432 963 boeotiam
455 900 573 963 illorum
597 910 797 964 commentum
820 900 992 964 dissolverit
1012 903 1138 977 ventas,
1161 904 1220 966 iam
1242 906 1339 968 omnia
1359 907 1409 969 illa

177 1001 267 1064 simul
288 998 460 1082 colligentes
483 1003 528 1064 rei
549 1004 641 1065 tactae
670 1012 700 1064 et
731 1011 846 1064 creatae
873 1001 1024 1066 vocabulis
1048 1023 1132 1066 snam
1155 1015 1278 1085 sperant
1298 1006 1408 1068 confir-

177 1121 260 1165 mare
281 1105 443 1166 baeresim
473 1103 583 1165 Eadem
606 1105 685 1166 enim
708 1104 757 1166 illa
778 1103 886 1166 iterum
908 1103 1087 1185 significant,
1108 1124 1164 1168 nee
1179 1105 1269 1185 impia
1284 1123 1339 1168 sua
1354 1105 1408 1168 de·

178 1214 284 1268 serunt
304 1213 486 1278 commenta,
515 1206 569 1268 sed
592 1224 626 1268 ea
648 1205 729 1268 varie
751 1211 865 1267 mutant
887 1214 917 1266 et
937 1215 1071 1280 vertunt,
1099 1214 1133 1269 ut
1154 1206 1268 1286 aliquos
1290 1205 1412 1286 possint

179 1306 321 1368 varietate
342 1307 373 1368 in
396 1326 530 1370 errorem
553 1307 705 1370 iuducere.
735 1307 925 1388 Quapropter
945 1307 1015 1370 licet
1036 1308 1145 1382 erbis,
1168 1325 1244 1388 quae
1259 1307 1318 1369 iam
1333 1305 1410 1368 diota

178 1415 262 1485 sunt,
292 1427 398 1470 vanum
420 1410 500 1471 hune
513 1408 638 1498 ’illomm
661 1415 799 1470 conatum
823 1427 891 1470 esse
912 1410 1104 1489 perspicuum
1126 1409 1185 1483 sit3
1213 1407 1281 1488 quia
1308 1411 1410 1470 lamen

178 1509 259 1571 illum
280 1509 510 1571 Proverbiornm
538 1508 636 1572 locum
664 1509 773 1590 ubique
802 1509 1014 1574 circumierunt
1041 1518 1072 1572 et
1098 1510 1284 1590 pervulgant,
1319 1516 1409 1589 atque

177 1610 325 1691 plurimis,
348 1611 399 1690 qui
411 1610 596 1672 Christianae
618 1611 688 1673 tidei
709 1611 805 1691 ignari
829 1619 908 1683 snut,
930 1611 1039 1692 aliquid
1061 1611 1161 1674 dicere
1182 1611 1328 1685 videntur,
1350 1628 1407 1685 ne-

177 1729 265 1774 cesso
287 1721 348 1784 est,
380 1711 629 1790 quemadmodum
657 1713 694 1773 de
721 1712 769 1772 bis
798 1712 895 1773 verbis
925 1714 989 1786 Qut
1014 1712 1115 1793 fidelia
1143 1725 1189 1776 eat
1217 1717 1245 1774 σι’
1264 1713 1408 1793 pulsarit

178 1809 268 1874 illem
290 1811 501 1890 disseruimus,
521 1811 566 1874 sic
588 1821 617 1874 et
638 1811 725 1873 istam
748 1812 906 1874 dictionem
929 1818 1045 1876 creooa't
1072 1813 1202 1874 seorsim
1230 1813 1408 1892 expendere,

181 1919 216 1972 ut
236 1911 293 1974 boc
313 1911 345 1973 in
366 1911 434 1972 loco
456 1911 543 1973 sicuti
565 1911 596 1972 in
618 1911 683 1973 aliis
707 1911 843 1975 omnibns
866 1913 938 1975 nihil
960 1923 1079 1995 praeter
1099 1931 1182 1976 mera
1198 1913 1307 1975 mentis
1323 1929 1408 1975 com-

181 2019 280 2074 menta
303 2011 362 2074 sibi
386 2031 455 2073 esse
477 2013 698 2075 convincantur.

268 2115 318 2178 19.
361 2111 461 2174 Primo
484 2131 556 2193 ergo
577 2114 739 2188 rideamus,
762 2133 905 2194 quaenam
926 2113 1023 2189 initio,
1046 2133 1111 2178 cunt
1134 2113 1170 2176 ab
1187 2114 1263 2194 ipsis
1277 2115 1408 2194 fingere-

178 2223 229 2278 tur
248 2213 396 2286 haeresis,
418 2215 520 2276 beatae
541 2215 704 2277 memoriae
725 2215 892 2277 Alexandro
915 2215 1099 2278 tradiderint
1143 2217 1223 2280 Haeo
1244 2235 1351 2298 nempe
1366 2215 1409 2278 illi

178 2315 380 2396 scripserunt:
405 2316 549 2391 „Crestus
572 2327 626 2392 est,
649 2317 703 2379 se'd
725 2336 788 2378 non
810 2326 843 2378 ut
865 2335 924 2380 uua
947 2336 964 2379 e
984 2317 1073 2380 rebus
1089 2319 1212 2392 erectim
1234 2319 1328 2382 laetus
1351 2325 1409 2390 est,

178 2416 259 2492 „sed
280 2437 342 2479 uon
364 2426 397 2479 ut
417 2437 474 2481 una
498 2438 514 2480 e
537 2419 628 2480 rebus
650 2419 754 2492 lactis3
777 2420 896 2498 genitus
912 2428 967 2494 est,
990 2421 1043 2481 ted
1064 2437 1126 2482 nou
1144 2429 1177 2481 ut
1198 2439 1257 2481 una
1279 2417 1409 2482 erebus

176 2518 343 2598 „genitis.“
396 2519 528 2592 Quilibet
560 2538 672 2598 quaeso
700 2520 831 2582 attendat
858 2521 894 2583 ad
927 2521 1082 2584 artificium
1115 2521 1253 2583 dolumve
1284 2518 1410 2580 huiusce

177 2619 327 2693 haeresis,
357 2639 432 2698 quae
454 2639 522 2681 oum
544 2637 604 2679 non
627 2619 793 2698 ignoraret,
823 2640 911 2702 quam
934 2641 1034 2684 amara
1056 2629 1139 2684 esset
1161 2619 1252 2699 impia
1275 2635 1330 2680 sua
1351 2615 1498 2680 ‹to-nor.

181 2718 285 2790 emina,
306 2718 466 2778 verborum
487 2719 555 2779 luco
578 2737 645 2800 sese
668 2737 810 2782 enomere
831 2723 898 2784 nisa
920 2730 983 2795 est,
1006 2721 1047 2784 ita
1068 2731 1101 2783 ut
1122 2718 1307 2799 idquidem,
1330 2715 1412 2796 quod

183 2817 350 2891 sentiebat,
371 2825 538 2896 promeret,
562 2837 628 2881 eum
651 2819 761 2884 scilicet
782 2833 913 2885 creatum
935 2841 1013 2895 esse,
1035 2823 1166 2900 seipsam
1188 2827 1288 2882 autem
1310 2815 1412 2878 occul·
1444 2845 1452 2854 ·
1529 2827 1532 2834 '

181 2927 247 2980 tare
269 2917 477 2992 arbitraretur,
501 2937 568 2980 oum
590 2920 796 3000 subiungeret:
827 2924 881 2984 sed
908 2943 970 2984 non
998 2931 1031 2985 ut
1059 2939 1118 2984 nna
1140 2939 1156 2981 e
1179 2919 1270 2981 rebus
1293 2917 1411 2980 creatis.

181 3017 293 3081 Verum
315 3017 484 3080 huiusmodi
507 3017 606 3080 verbis
628 3039 713 3081 suam
735 3022 866 3102 apertius
885 3024 1090 3102 patefecerunt
1103 3019 1295 3098 impietatem.
1339 3018 1413 3080 Nam

180 3117 208 3181 si
232 3119 394 3181 seeundum
418 3138 471 3180 vos
494 3127 612 3182 creatus
632 3119 720 3200 plane
742 3131 805 3195 est,
829 3141 882 3182 cnr
903 3121 1093 3182 simulatione
1113 3119 1231 3182 utimini
1253 3115 1411 3182 addentes:

182 3219 237 3282 sed
260 3239 320 3281 non
343 3229 376 3282 ut
397 3239 454 3282 una
478 3220 606 3282 erebus
629 3209 775 3302 neaustj
791 3221 816 3282 si
846 3223 915 3284 item
944 3240 1013 3282 rere
1040 3222 1134 3283 lactus
1158 3223 1218 3294 est,
1247 3221 1318 3301 quid
1339 3221 1412 3284 illud

182 3321 342 3401 significat:
372 3321 425 3382 sed
446 3339 509 3382 non
532 3331 564 3382 ut
586 3341 645 3384 una
667 3341 684 3383 e
707 3322 795 3384 rebus
818 3323 928 3385 laetis?
957 3341 1013 3402 qua
1042 3323 1176 3403 prolecto
1205 3323 1235 3384 in
1262 3341 1296 3383 re
1317 3341 1409 3384 vene·
1508 3325 1512 3334 '

165 3442 251 3485 -nnm
274 3421 408 3484 haeresis
429 3421 601 3502 perspicere
623 3423 702 3485 licet.
748 3424 820 3485 Cum
844 3423 922 3486 enim
945 3425 1063 3498 dicunt,
1086 3443 1154 3486 enm
1177 3443 1246 3486 esse
1267 3423 1410 3504 genitum,

181 3524 234 3586 sed
256 3543 317 3585 non
346 3533 380 3586 ut
405 3543 496 3586 unam
524 3542 560 3586 en
586 3525 678 3587 rebus
701 3525 824 3605 genitis,
854 3527 963 3589 multos
991 3526 1135 3588 inducunt
1155 3525 1251 3600 filios,
1282 3543 1412 3606 quornm

180 3617 273 3685 buum
295 3643 363 3686 esse
378 3624 536 3687 [lominum
559 3626 726 3706 opinantur,
749 3627 788 3690 ita
811 3637 844 3690 nt
865 3627 1027 3690 seeundum
1047 3623 1114 3689 illos'
1136 3625 1193 3688 iam
1210 3645 1270 3687 non
1287 3626 1328 3687 sit
1341 3623 1412 3686 nni-

180 3725 310 3805 genitus,
332 3725 386 3788 sed
408 3746 485 3789 unus
510 3736 540 3789 et
561 3727 626 3807 ipse
647 3728 840 3808 inter-plures
855 3732 962 3793 tratres
977 3736 1008 3790 et
1022 3729 1142 3808 genitus
1157 3734 1187 3788 et
1208 3725 1285 3788 filius
1307 3725 1412 3806 appel·

181 3935 261 4024 qrbto
278 3937 293 4002 ἡ
313 3935 423 4012 αἵρεσις.
457 3938 711 4007 Editinliiquei‘rubm
726 3943 772 3994 καὶ
858 3947 874 3994 ι.
893 3936 1134 4007 seguersontooo.
1170 3942 1410 3996 Goblcmtlelelm.

181 4001 328 4076 q'otpeoo.
373 4011 465 4060 ibidem
490 4013 512 4059 in
537 4025 595 4059 mss.
620 4013 721 4072 Segner.
748 4021 772 4062 et
826 4013 847 4061 l.
866 4004 1032 4060 θεάσασθαι.

181 4080 239 4140 fles·
258 4079 401 4129 bacereb·
414 4068 771 4158 τιῑμικιιῑτιᾌλεξᾶνδιιι
857 4111 879 4158 g.
898 4095 938 4145 stc
960 4096 1060 4157 segusa.
1085 4101 1108 4144 a
1131 4093 1235 4145 rernm.
1253 4093 1278 4144 t.
1315 4095 1341 4144 u
1359 4093 1415 4145 ans

181 4155 247 4196 recte
266 4147 405 4196 referentur
423 4148 452 4196 ad
471 4145 649 4211 praecedentia,
668 4155 771 4196 utetu-
825 4171 848 4213 ει
866 4162 936 4214 ggjq,
955 4163 1023 4212 geg„
1041 4153 1092 4210 3η,

182 4214 254 4292 detur
272 4213 487 4293 legissallmnios,
506 4213 545 4278 qni
564 4216 646 4264 vertit:
663 4229 773 4294 qaocper
858 4255 931 4306 ΗΕ
950 4271 978 4304 M
1040 4251 1121 4304 ww
1158 4243 1332 4302 ἀκαὶοῧτω
1384 4247 1414 4302 ά.

146 4325 151 4346 ,
182 4283 209 4330 ad
226 4288 342 4346 ternpore,
361 4297 411 4333 enm
428 4283 474 4331 isto
491 4284 593 4332 bonaria
611 4285 640 4333 nb
658 4283 772 4346 rtrfinge·
876 4291 881 4304 ·
934 4270 948 4318 ⁸
981 4271 999 4306 Γ·
1016 4269 1059 4336 μ.
1137 4267 1214 4332 79.
1277 4314 1285 4332 ,
1345 4269 1381 4321 7⁰

182 4353 259 4410 rator,
285 4353 347 4414 epod
371 4353 451 4400 beatae
473 4351 594 4400 emoriar
616 4351 774 4401 Aleoeoodrom
825 4327 927 4388 ‘dmm
944 4317 1025 4372 πλέον
1042 4321 1155 4389 ἤλεγξαν
1172 4321 1219 4424 δ’,α
1239 4335 1350 4372 “ww''

184 4418 235 4465 raia
262 4419 356 4482 scriptis
382 4417 511 4467 ediderant.
540 4419 686 4482 Scripseram
713 4420 774 4468 enlm
859 4417 875 4468 l.
903 4417 944 4467 Sic
969 4431 1029 4468 mss.
1068 4419 1097 4466 tt
1120 4418 1143 4467 in
1168 4413 1239 4464 editis
1261 4411 1309 4464 καί
1336 4417 1412 4466 necat
1504 4449 1506 4454 -

185 4490 230 4532 etc.
265 4489 294 4534 tt
315 4487 338 4536 in
364 4485 468 4535 editione
493 4485 621 4534 barisiensi
645 4493 669 4536 at
687 4485 773 4535 Coloo.
825 4485 877 4534 llos
895 4485 1037 4548 Sequeriao.
1056 4493 1079 4533 et
1097 4481 1237 4542 FelclmA
1262 4477 1293 4531 lv
1310 4467 1351 4533 ola·
1366 4471 1414 4528 καὶ

182 4551 248 4602 mala
265 4554 396 4618 iunguntur
413 4567 467 4602 cum
485 4543 614 4618 ἔγραψαν
628 4547 734 4606 τοίνυν.
826 4543 1000 4603 adridente.
1035 4549 1098 4601 liniti
1115 4557 1140 4599 et
1156 4549 1197 4598 alit
1221 4531 1285 4616 lv'p}
1302 4542 1349 4596 καί
1364 4553 1414 4597 etc.

1153 4628 1209 4679 *tt
