3226 5280
510 413 706 459 sereremus
722 411 1043 458 smrsnrunromsu.
1329 395 1389 461 107

25 558 29 568 ’
155 565 255 628 Deum
282 562 366 625 illum
394 581 494 644 neque
515 563 644 626 Verbum
672 581 789 626 carnem
809 565 917 625 ludum
940 581 1009 625 esse
1031 563 1201 624 credebant.
1247 563 1472 644 Quapro-rsss
1536 567 1550 584 ⁸

156 674 227 746 pter
257 664 338 727 besti
359 663 497 744 Apostoli
525 664 662 744 prudenti
690 664 849 726 admodum
871 663 997 726 consilio
1020 664 1150 742 primum
1171 663 1297 724 humane
1320 664 1387 726 Sal-

156 765 275 827 vatoris
303 765 421 827 ludaeis
449 781 639 840 enarravero,
668 773 701 826 ut
726 783 780 826 eos
809 783 845 825 er
874 764 962 825 editis
992 762 1219 842 conspicuisque
1239 763 1387 828 miraculis

157 865 220 927 iam
245 865 401 926 advenisse
417 864 564 926 Christum
586 865 673 944 plane
693 881 857 946 persuasos
879 864 950 924 binc
971 862 1008 922 ud
1031 861 1207 923 credendam
1230 864 1293 923 eius
1314 863 1387 924 diri-

156 967 286 1028 nitstem
309 965 497 1038 deducerent,
519 965 764 1036 demonstrando,
787 981 888 1042 opera,
911 981 986 1041 quae
1009 961 1085 1024 edite
1108 963 1234 1036 lucrant,
1257 979 1319 1023 nou
1333 963 1389 1024 bo-

157 1066 253 1130 minis
287 1065 340 1127 sed
369 1065 422 1127 liei
451 1083 528 1128 esse.
574 1065 662 1126 Certe
690 1065 798 1126 Petrus
826 1081 893 1124 cunr
920 1063 1059 1136 dixisset,
1091 1061 1189 1124 virum
1220 1063 1392 1142 passibilem

159 1167 325 1230 Christum·
339 1184 416 1238 esse,
439 1165 519 1228 illico
541 1164 708 1227 subiunxit:
730 1164 788 1226 Hic
810 1175 919 1226 auctor
940 1167 1020 1227 vitoe
1042 1173 1096 1236 est,
1120 1165 1242 1242 ipseque
1257 1165 1289 1225 in
1306 1183 1392 1226 evan·

160 1267 243 1347 pelio
266 1267 438 1328 confitetur:
464 1264 507 1327 Tas
529 1284 560 1327 es
585 1265 728 1328 Christus
748 1264 835 1344 filius
855 1263 915 1327 Dei
934 1268 1004 1336 uiui,
1027 1273 1057 1327 et
1078 1265 1109 1326 in
1132 1264 1255 1344 epistola
1272 1283 1328 1327 sua
1343 1265 1392 1340 sit,

160 1370 263 1448 ipsum
284 1367 468 1448 Episcopum
496 1369 669 1428 anemurum
695 1373 782 1444 atque
802 1365 965 1428 beessus
990 1381 1076 1426 suum
1102 1381 1238 1426 necnon
1261 1365 1393 1446 lapele-

160 1487 237 1531 raca
257 1477 287 1530 st
309 1467 496 1530 Potestotum
518 1483 598 1527 esse.
642 1464 750 1526 Paulus
772 1465 858 1538 item,
882 1465 932 1544 qui
954 1464 1009 1536 ait,
1032 1464 1182 1526 Christum
1204 1485 1272 1527 esse
1294 1465 1391 1528 virum

162 1587 200 1631 ex
222 1569 336 1630 semine
357 1566 464 1642 Dauid,
499 1565 530 1627 in
553 1565 678 1646 epistola
706 1565 742 1626 ad
764 1565 917 1627 Hebraeos
940 1567 1013 1628 haee
1033 1565 1135 1628 babet:
1168 1567 1230 1640 Qui
1256 1585 1323 1629 essm
1349 1571 1391 1630 stt

161 1669 311 1750 splendor
337 1668 455 1748 plumos
481 1681 512 1732 st
543 1667 646 1747 flaura
677 1667 866 1730 substantioe
893 1669 971 1738 eius,
1005 1666 1041 1728 ad
1067 1666 1274 1746 Philippenses
1303 1683 1389 1728 vero:

163 1771 231 1844 Qui
258 1787 326 1831 cum
355 1773 388 1829 ia
410 1755 706 1847 famulicium,
738 1785 800 1829 noa
821 1771 961 1848 rupinum
982 1767 1156 1829 arbitratus
1178 1778 1239 1838 est,
1274 1785 1391 1830 essese

160 1869 321 1950 aequalem
341 1867 417 1930 Deo.
460 1867 542 1930 ilaec
561 1885 664 1947 porro,
688 1877 791 1930 auctor
805 1869 890 1941 vitae,
912 1867 1005 1930 Filius
1027 1867 1090 1940 Dei,
1113 1867 1265 1947 splendor,
1287 1867 1391 1946 figura,

161 1969 297 2049 aequalis
318 1969 398 2042 lieo,
430 1967 589 2042 hominus,
618 1969 786 2049 Episcopus
808 1967 989 2042 animarum,
1017 1967 1086 2047 quid
1108 1967 1186 2028 aliud
1209 1967 1267 2028 sibi
1291 1967 1391 2042 velint,

160 2089 250 2154 quam
273 2069 304 2131 in
327 2087 453 2150 corpore
475 2069 570 2132 luisse
587 2069 712 2132 Verbum
727 2070 791 2142 Dei,
813 2087 869 2150 per
883 2069 963 2149 quod
982 2067 1082 2130 omnia
1102 2069 1175 2130 lecta
1197 2079 1276 2144 sunt,
1299 2069 1389 2132 illud·

161 2192 217 2252 que
239 2172 398 2235 indivisum
420 2191 488 2234 esse
510 2191 527 2234 a
547 2173 634 2234 Patre
656 2169 905 2252 quemadmodum
928 2170 1109 2250 splendore
1130 2168 1216 2231 lucei

248 2679 280 2740 9.
321 2675 355 2736 ld
376 2677 476 2754 ipsum
499 2676 560 2754 egit
580 2671 736 2754 Dionysius
759 2676 794 2737 ab
807 2677 962 2756 Apostolis
986 2676 1127 2740 edoctus:
1151 2693 1218 2736 cum
1237 2665 1315 2735 enisis
1331 2673 1473 2734 iamneae.

167 2773 342 2852 irrepsisset
361 2773 480 2834 Sabellii
501 2774 647 2848 haeresis,
673 2783 789 2837 coactus
812 2785 859 2837 est
879 2777 1052 2838 huiusmodi
1076 2775 1245 2856 epistolam,
1267 2782 1301 2834 ut
1322 2771 1393 2845 diri,

167 2871 300 2936 scribere
322 2891 356 2933 ac
382 2872 485 2944 rerba,
518 2891 593 2951 quae
620 2874 724 2935 humili
750 2883 780 2936 et
806 2876 936 2937 humano
965 2895 1050 2937 more
1078 2877 1115 2937 de
1138 2875 1289 2935 Salvatore
1317 2871 1394 2934 dictu

165 2980 249 3046 suut,
273 2971 330 3034 illis
353 2971 497 3046 obiicere3
523 2981 556 3033 ut
577 2991 633 3051 per
653 2974 780 3035 bumana
801 2975 867 3036 illos
889 2975 1071 3037 absterreret
1092 2993 1108 3035 a
1131 2974 1266 3046 diceudo,
1289 2973 1393 3035 Filium

164 3093 237 3136 esse
258 3073 387 3148 Patrem,
410 3072 512 3152 sicque
534 3073 698 3134 faciliorem
719 3073 777 3135 illis
798 3075 873 3136 dem
896 3076 933 3136 sd
956 3075 1119 3136 doctrinam
1143 3074 1180 3135 de
1201 3073 1264 3134 Filii
1285 3073 1392 3136 divini·

163 3181 226 3238 rate
246 3173 385 3248 muniret,
410 3173 459 3236 uhi
481 3175 511 3235 in
535 3173 788 3254 subsequentibus
812 3175 946 3254 epistolis
969 3175 1049 3237 illum
1071 3174 1276 3254 exScripturis
1300 3177 1391 3238 sacris

161 3275 323 3356 appellaret
337 3273 476 3349 Verbum,
500 3275 688 3356 sapientiam,
711 3275 861 3350 virtutem,
884 3293 1023 3355 vaporem
1038 3283 1068 3337 et
1080 3276 1266 3356 splendorem
1280 3277 1389 3340 Patris.

161 3377 196 3438 lu
217 3375 356 3457 epistolis
382 3375 481 3456 itaque
508 3375 544 3436 sd
567 3374 613 3438 sui
637 3376 842 3438 defensionem
865 3377 986 3456 scriptis
1006 3377 1100 3456 palam
1122 3377 1159 3440 de
1180 3377 1237 3439 tide
1257 3378 1390 3458 loquitur

161 3475 361 3558 pietatemque
390 3493 459 3554 erga
486 3475 637 3539 Christum
670 3478 835 3556 profitetur.
888 3477 928 3540 Ut
955 3477 1043 3556 igitur
1062 3478 1197 3558 Apostoli
1231 3477 1390 3541 accusandi

162 3593 223 3638 uuu
247 3584 319 3637 sunt
345 3575 385 3636 ab
407 3575 496 3638 verba
518 3577 555 3638 de
577 3578 694 3639 Domini
716 3579 897 3641 humanitate
918 3579 1031 3658 prolata
1060 3583 1141 3653 (uam
1163 3579 1308 3642 Dominus
1330 3579 1388 3640 ho-

162 3693 211 3736 mo
234 3677 327 3738 lactus
349 3683 423 3754 est),
452 3679 523 3756 quin
545 3679 645 3758 potius
667 3679 861 3742 admiratione
884 3679 962 3759 digni
985 3688 1058 3742 suot
1078 3681 1117 3740 ob
1140 3679 1317 3758 prudentem
1340 3677 1388 3739 ui-

163 3775 385 3854 spensationem
408 3785 439 3838 et
458 3777 619 3841 doctrinam
641 3780 769 3859 tempori
791 3781 1061 3852 accommodatam
1088 3780 1134 3839 sio
1153 3777 1312 3858 Dionysius
1333 3795 1390 3858 pro

162 3875 271 3938 briano
293 3875 448 3938 habendus
470 3895 531 3938 non
558 3888 607 3940 est
631 3888 752 3958 propter
774 3879 932 3959 epistolam
961 3879 998 3940 ad
1019 3877 1244 3956 Euphranorem
1267 3887 1297 3940 et
1316 3877 1389 3938 hm·

197 4073 221 4108 e.
239 4059 320 4108 l'elel.
339 4058 363 4108 ³.
383 4071 456 4109 soon.
474 4053 525 4108 ascl
537 4051 686 4126 δαιμόνων.
803 4055 889 4125 auspi
907 4052 944 4113 ὥς
960 4053 1029 4116 ἔστι,
1049 4061 1171 4112 mendose.
1207 4063 1305 4112 Tauria.
1320 4061 1388 4114 colb.

198 4158 216 4206 r,
235 4157 261 4208 ι,
281 4158 337 4222 pag,
362 4166 386 4208 ,ι
403 4160 427 4208 5„
447 4159 518 4209 edm,
535 4158 585 4218 τῆς
602 4159 685 4216 Μ’
708 4159 752 4208 ”d
804 4125 851 4176 les.
870 4135 925 4178 aute
943 4119 980 4180 air
996 4121 1055 4178 lars
1073 4129 1162 4180 babent
1180 4124 1233 4180 xci.

163 4223 269 4274 babetur
286 4225 310 4272 in
328 4225 426 4275 laurio.
446 4226 516 4276 Colla.
533 4227 579 4276 les.
599 4235 622 4276 et
639 4225 719 4276 leiti.
727 4224 750 4276 3.
837 4193 861 4242 h·
880 4193 975 4245 Tm·
995 4195 1062 4246 ωδ·
1087 4197 1135 4247 ¹‘⁸'
1159 4199 1212 4262 ’Ψ
1236 4195 1260 4244 Μ
1285 4203 1323 4246 ⁰⁵¹
1338 4207 1390 4244 ’m'

165 4303 238 4340 suec.
274 4291 326 4340 llos
344 4291 425 4342 delei.
443 4291 466 4341 3.
487 4307 559 4344 sucu.
577 4279 639 4340 isar
655 4291 719 4358 θεῷ·
802 4253 1088 4394 zsssstpirmi'sitsiritwgset
1105 4263 1185 4396 xpp:
1200 4263 1317 4408 ⁸242}ss
1332 4261 1388 4380 ¹lices

196 4404 218 4451 s.
238 4389 336 4439 renen.
361 4389 431 4441 Colb.
456 4391 502 4441 les.
527 4391 606 4442 i'elcl.
625 4391 650 4442 3.
677 4407 751 4444 anon.
801 4393 913 4444 letrici.
927 4386 1127 4448 anomlrusoiu·
1141 4388 1308 4447 rotmiwvsv
1323 4385 1389 4443 ἄπο-

164 4449 192 4501 ῖῖ
207 4442 277 4521 dvii
300 4448 409 4523 ἕτερον,
434 4459 475 4522 qui
499 4459 598 4508 ultimos
625 4461 750 4524 sequeutia
801 4457 951 4526 σχοινὶσας.
977 4461 1187 4525 Paulopostldem
1199 4453 1387 4528 εὐκολώτερον.

163 4519 199 4599 siu
216 4523 302 4573 habet:
327 4515 343 4582 ἢ
362 4515 406 4570 iss
424 4515 454 4572 lv
471 4517 580 4590 σώματί
595 4517 654 4574 ἐστι
670 4519 752 4590 λόγος
836 4530 851 4578 1.
870 4527 952 4578 l'elelr.
971 4527 995 4577 3.
1014 4541 1084 4576 sucu.
1103 4520 1133 4576 ἒν
1150 4523 1205 4593 γὰρ
1223 4527 1290 4580 ταῖς.

163 4599 204 4634 ων
219 4587 287 4638 θεοῦ
305 4599 351 4641 ete.
387 4590 440 4639 llos
466 4591 529 4640 idem
554 4585 688 4656 deciperes
711 4589 751 4656 sp
835 4593 858 4644 l.
877 4590 926 4641 stul
941 4593 1011 4642 deest
1029 4595 1053 4643 iu
1070 4593 1247 4644 Taurineolb.
1266 4589 1388 4642 lesini.
