3226 5308
570 343 678 389 omrro
694 345 873 391 nrscournt
887 346 1023 390 munos.
1336 338 1398 400 599

166 504 227 556 tem
250 503 279 556 et
299 493 497 573 prudentiam.
542 491 584 556 De
605 513 664 574 quo
687 495 767 582 enim
788 493 855 574 quis
878 495 1041 566 consultat,
1065 496 1122 559 hoc
1143 498 1221 560 idem
1236 503 1483 580 prudentiarum.

164 594 339 675 perpendit,
362 594 553 674 vicissimque
575 595 655 674 quod
677 596 745 676 quis
767 596 924 677 prudentia
946 597 1121 676 perpendit,
1150 601 1187 660 de
1212 603 1270 663 hoc
1292 600 1409 666 eodem'

166 696 316 759 consultat
337 704 367 758 et
388 694 539 758 deliberat
584 696 661 758 ilinc
687 696 736 758 illa
760 695 895 759 Salvator
924 701 1029 760 mutua
1050 695 1128 760 inter
1151 719 1185 761 se
1206 702 1321 764 ratione
1343 722 1397 764 ve·

165 795 220 858 luti
242 815 380 876 germana
402 796 491 859 simul
512 797 559 858 bis
582 797 682 858 verbis
705 796 868 876 copularit:
893 797 992 859 Meum
1013 809 1060 859 est
1082 785 1289 864 consiliumet
1311 817 1483 864 recu-reu.

166 900 262 968 ritus,
296 914 362 959 meo
393 908 438 960 est
466 899 650 976 prudentio,
669 913 745 959 'meo
773 909 820 960 est
846 897 1010 977 fortitudo.
1054 898 1128 959 Nam
1152 909 1185 961 ιιι
1205 902 1346 962 fortitudo
1370 911 1399 964 et

168 997 312 1060 securitas
335 997 414 1060 idem
436 1007 491 1070 est,
515 1015 582 1059 cum
605 999 708 1060 eadem
732 999 771 1060 sit
792 997 887 1060 virtus
906 1008 940 1059 'et
961 1000 1105 1078 potentia,
1128 1001 1168 1061 ita
1188 1000 1265 1062 idem
1281 1011 1311 1063 ει
1324 1021 1398 1080 pru·
1515 1051 1519 1070 ,

168 1097 266 1160 dentis
289 1106 320 1159 ει
342 1097 514 1172 consilium,
543 1117 618 1178 quae
646 1099 711 1178 ipse
732 1097 876 1160 Dominus
900 1106 957 1160 est.
1001 1100 1039 1160 nt
1061 1101 1166 1162 nolunt
1187 1101 1270 1180 impii
1292 1101 1399 1164 Filium

168 1197 298 1260 Verbum
322 1207 349 1260 et
369 1201 471 1262 vivens
494 1199 652 1262 consilium
676 1218 754 1274 esse,
777 1199 830 1262 sed
846 1200 1044 1278 prudentiam,
1061 1199 1218 1264 consilium
1235 1212 1263 1264 et
1277 1203 1398 1282 sapien-

169 1297 241 1360 tiam
274 1298 352 1361 velut
378 1300 511 1362 habitum
540 1300 685 1380 quendam
708 1299 771 1361 Deo
799 1300 929 1360 humano
959 1319 1044 1363 more
1067 1303 1156 1362 modo
1179 1304 1286 1364 adesse
1307 1303 1398 1365 modo

169 1397 278 1462 abesse
299 1401 429 1480 lingunt,
460 1385 638 1480 omnemque
660 1399 788 1481 lapidem
811 1409 948 1472 movent,
977 1421 1012 1463 ac
1034 1401 1178 1465 Valentini
1200 1406 1400 1483 praetendunt

169 1501 377 1580 cogitationem
406 1510 436 1562 et
463 1501 660 1574 voluntatem,
693 1519 728 1562 ea
758 1509 870 1562 tantum
893 1510 1008 1576 mente,
1038 1502 1197 1564 urbitium
1219 1513 1399 1584 separenta

166 1599 266 1674 Patre,
289 1621 344 1664 neo
366 1601 522 1681 proprium
545 1601 627 1662 illum
650 1600 748 1663 Patris
772 1601 916 1676 Verbum,
947 1603 1001 1664 sed
1022 1621 1086 1663 rero
1110 1613 1236 1666 creatam
1260 1625 1330 1668 esse
1351 1604 1366 1667 s
1384 1641 1397 1654 ·

167 1709 295 1764 uenus.
339 1701 420 1762 Haec
447 1702 546 1781 itaque
574 1702 642 1762 illos
665 1703 767 1764 audire
789 1705 926 1764 convenit
948 1703 1056 1765 similia
1078 1704 1142 1778 bis,
1173 1724 1246 1785 quae
1270 1706 1339 1767 olim
1363 1705 1399 1768 ad

168 1801 322 1864 Simonem
344 1801 459 1881 blagnm
482 1802 558 1863 dicta
582 1811 668 1863 sunt:
698 1803 840 1884 lmpietas
862 1803 1008 1866 Valentini
1031 1805 1183 1867 vobiscum
1206 1808 1246 1868 sit
1267 1805 1298 1867 in
1320 1807 1399 1868 inte-

168 1900 270 1964 ritum.
315 1901 452 1981 Quisque
474 1911 573 1964 autem
597 1901 751 1983 Salomoni
774 1905 875 1984 potios
898 1905 999 1966 credat
1019 1903 1149 1968 Verbum
1173 1906 1347 1985 sapientiam
1371 1913 1402 1967 ει

166 2002 356 2088 prudentiam
390 2022 458 2064 esse
489 2003 616 2078 dicenti,
651 2004 735 2066 cuius
764 2005 839 2067 baec
860 2005 1000 2067 nimirum
1022 2016 1092 2068 sont
1113 2005 1219 2067 rerba:
1252 2005 1401 2068 Dominus
1477 2033 1481 2048 ι

168 2108 319 2186 supientia
346 2104 491 2184 fundauit
514 2117 646 2178 terrum,
676 2116 705 2168 et
727 2106 826 2168 coelos
848 2109 1069 2186 inprudentia
1088 2111 1223 2187 porooa‘t.
1268 2106 1307 2168 Ut
1327 2124 1399 2168 vero

166 2205 218 2267 bic
246 2205 345 2268 caelos
374 2203 405 2265 in
432 2205 607 2285 prudentia,
638 2206 678 2267 ita
709 2207 739 2267 in
761 2206 888 2268 Psalmis
911 2208 1009 2269 Verbo
1031 2207 1150 2269 Domini
1172 2209 1306 2270 lirmatos
1329 2227 1399 2268 esse
1511 2222 1517 2236 ·

167 2307 286 2369 dicitur.
330 2306 369 2368 Ut
398 2324 491 2385 porro
522 2307 619 2369 Verbo
654 2307 726 2370 c'aeli
760 2308 868 2370 [irinati
895 2318 981 2382 sont,
1016 2309 1061 2369 sic
1090 2327 1283 2388 quaecunque
1306 2307 1401 2368 voluit

166 2407 254 2483 lecit,
284 2415 316 2469 et
343 2415 375 2469 ut
395 2407 557 2488 Apostolus
587 2407 623 2468 ad
652 2408 938 2472 Thessalonicenses
967 2408 1086 2470 scribit:
1120 2409 1264 2472 Voluntas
1289 2405 1347 2467 Dei
1368 2411 1401 2468 io

169 2508 290 2572 ciriaco
313 2507 384 2570 lecu
406 2519 462 2570 cst.
506 2508 601 2588 igitur
615 2507 669 2570 Dei
682 2507 773 2570 lilius
796 2509 861 2588 ipse
884 2517 931 2571 εει
952 2509 1081 2572 Verbum
1104 2515 1135 2569 et
1157 2507 1313 2588 sapientia,
1334 2507 1399 2584 ipse
1474 2535 1476 2542 ⁴

169 2607 326 2684 prudentio
358 2618 388 2669 et
418 2609 522 2670 vivens
555 2619 602 2672 εει
630 2610 806 2684 consilium,
840 2619 927 2690 atque
949 2610 980 2670 in
1003 2593 1039 2672 eo
1062 2609 1200 2670 voluntas
1222 2606 1319 2668 Patris
1342 2614 1399 2667 est.

170 2705 238 2785 lpse
259 2707 390 2782 veritas,
415 2707 465 2768 lux
496 2717 526 2770 ει
546 2710 639 2772 virtus
662 2719 710 2772 est
731 2711 838 2772 Patris.
883 2711 972 2784 Quod
995 2711 1021 2772 si
1043 2709 1180 2770 volontas
1203 2707 1257 2768 Dei
1279 2713 1327 2768 est
1348 2723 1398 2766 sa·

168 2806 280 2886 pientia
303 2815 334 2868 ει
354 2809 527 2886 prudentia,
550 2811 576 2872 si
599 2812 669 2872 item
691 2812 784 2874 Filius
806 2812 870 2892 ipsa
893 2813 934 2873 sit
956 2811 1116 2888 sapientia,
1139 2809 1228 2887 igitur
1250 2807 1300 2886 qui
1323 2825 1405 2885 con·¹
1429 2867 1436 2877 ,

170 2907 266 2970 tendit
286 2907 391 2970 Filium
420 2909 570 2972 voluntate
597 2913 705 2973 lactum
734 2932 819 2987 esse,
847 2913 928 2973 idem
958 2909 1079 2971 omnino
1104 2917 1150 2970 est
1171 2926 1206 2969 ac
1227 2907 1253 2968 εἰ
1275 2907 1406 2984 diceret,¹

171 3008 353 3090 Sapientiam
375 3009 406 3070 in
428 3009 573 3089 sapientia
596 3003 701 3082 lacta'm
725 3031 810 3092 esse,
838 3019 868 3072 et
888 2999 995 3072 rutum
1023 3009 1053 3070 in
1076 3009 1136 3070 lilio
1160 3026 1230 3070 esse
1252 3007 1399 3081 ellectum,

170 3127 206 3171 ac
226 3107 357 3172 Verbum
379 3110 577 3189 perverbum
599 3119 728 3172 ereetum
752 3128 840 3186 esse3
862 3128 937 3189 quae
958 3109 1133 3189 utiqueDeo
1149 3107 1318 3188 divinisque
1332 3107 1399 3170 cius

170 3210 331 3292 Scriptoris
353 3211 481 3272 maxime
502 3219 679 3293 repugnant.
721 3209 879 3272 Enimvero
894 3209 1065 3290 Apostolus.
1078 3209 1184 3272 Filium
1207 3227 1267 3270 non
1290 3207 1399 3269 volun-

169 3312 256 3388 tatis,
286 3311 340 3372 sed
361 3311 517 3390 proprium
538 3319 681 3391 paternae
703 3321 825 3374 naturae
847 3311 1038 3391 splendorem
1061 3319 1091 3372 et
1112 3311 1236 3390 liguram
1260 3327 1329 3370 esse
1351 3307 1405 3370 his-

168 3413 270 3476 verbis
291 3413 458 3492 praedicat:
490 3413 553 3486 Qut
579 3432 644 3475 cum
668 3417 708 3476 sit
730 3413 876 3491 splendor
896 3412 1014 3492 plurios
1035 3423 1065 3474 et
1085 3412 1189 3492 fipurp
1211 3411 1407 3494 substantioe,

170 3519 244 3578 ειιισ.
288 3513 320 3576 Si
343 3531 424 3593 ergo,
448 3521 593 3593 utsupra
617 3511 757 3586 diximus,
779 3521 902 3592 paterna
925 3519 1028 3574 natura
1052 3521 1082 3574 et
1104 3511 1269 3572 substantia
1293 3507 1328 3572 ex
1344 3527 1399 3570 ro-

168 3615 281 3676 luntate
302 3633 363 3676 non
387 3623 442 3688 est,
466 3613 559 3694 liquet
580 3632 677 3693 neque
700 3613 745 3688 iu,
769 3615 850 3694 quod
872 3623 1014 3694 paternae
1036 3612 1221 3675 substantiae
1243 3609 1400 3695 proprium

170 3799 194 3850 1.
229 3799 258 3850 tt
275 3800 346 3852 ceteri
366 3806 390 3848 ιι
405 3799 461 3849 editi
476 3791 695 3864 ἐστερεώθησαν·
716 3789 759 3846 od-
810 3799 868 3850 editi
894 3797 945 3857 τῆς
970 3788 1067 3848 οὐσίας
1093 3793 1143 3855 τῆς
1169 3791 1330 3872 σηρικῇ,
1348 3791 1399 3843 llos

168 3879 208 3913 τω
225 3859 319 3914 πάντα
336 3857 396 3912 ὅσα.
435 3865 526 3915 ibidem
568 3873 607 3915 ost
628 3858 759 3924 ἠθέλησεν
811 3866 867 3927 fleg.
888 3866 910 3914 l.
935 3873 957 3914 et
981 3869 1080 3925 Segoer.
1106 3857 1155 3910 τὸν
1179 3854 1241 3910 υἱὸν
1263 3871 1397 3928 apportet.

169 3934 227 3996 lies.
238 3935 260 3983 l.
279 3934 535 3994 etSegoer.omittont
552 3882 566 3978 b
583 3925 676 3999 κύριος
693 3933 758 3995 quod
811 3933 889 3982 Ceteri
908 3939 931 3980 et
949 3933 1005 3980 editi
1024 3923 1075 3977 τὸν
1090 3921 1187 3993 κόριον
1202 3922 1336 3995 κηρύττει.

170 4002 194 4050 io
213 4000 267 4050 eliis
286 4009 309 4048 et
327 4000 398 4048 editis
416 3999 511 4059 legitur.
843 4000 866 4047 t.
886 3999 927 4049 Sic
939 4000 996 4060 lisg.
1010 3998 1030 4046 l.
1040 3999 1140 4056 Seguer.
1152 3997 1251 4047 Gobler.
1261 4003 1284 4044 ει
1296 3995 1400 4044 Feleltm.

203 4083 226 4130 p.
247 4068 287 4116 Sic
306 4067 361 4128 lleg.
382 4066 404 4115 l.
428 4064 638 4126 Seguer.lnglic.
658 4065 757 4114 Gobler.
812 4064 834 4112 l.
871 4071 899 4112 ,ιι
921 4067 960 4114 olii
986 4074 1008 4114 et
1033 4065 1090 4112 editi
1109 4055 1304 4128 ὥςπροεῖπεν.
1341 4060 1400 4110 ibid.

170 4143 194 4184 at
211 4135 365 4184 Felclmonui
387 4133 407 4182 l.
426 4139 497 4195 atque
516 4133 546 4180 ite
566 4131 623 4190 lesit
640 4131 756 4180 Noouios.
809 4131 866 4192 lteg.
880 4132 901 4180 l.
912 4124 1081 4193 crsasum&
1092 4123 1246 4194 βουλήσεως
1257 4119 1398 4176 οὐκέστιν.

99 4195 104 4202 ’
170 4202 348 4252 litteratorio
367 4200 484 4249 Commel.
503 4189 757 4264 ὅραμὴὸλέγειν.
812 4197 885 4248 Desii.
912 4199 1010 4248 Goblor.
1029 4199 1133 4248 sercin.
1156 4199 1174 4246 l.
1195 4199 1291 4258 etlleg.
1311 4195 1335 4244 2.
1354 4185 1403 4242 εἰει

207 4270 229 4319 b.
248 4269 304 4331 Dea.
325 4269 347 4317 l.
372 4268 472 4329 Segoer.
497 4267 569 4315 liasil.
587 4267 676 4326 tortio.
694 4256 758 4330 παρ’
810 4257 839 4312 ἐκ
856 4258 1009 4327 βσιιλήσειός
1021 4259 1104 4314 ἐστιν.
1138 4265 1183 4314 llii
1199 4253 1403 4325 steditioa’rfloo·

171 4326 263 4385 αὐτοῦ.
299 4335 378 4385 Ceteri
397 4342 420 4384 et
439 4327 576 4398 eutrtmp’
596 4327 679 4398 αὐτῷ.
708 4333 759 4382 lior
810 4324 912 4392 λήσεώς
928 4325 995 4382 ἐστι.
1031 4333 1082 4382 llos
1102 4333 1191 4394 liepl.
1210 4333 1311 4393 Segner.
1330 4329 1410 4380 tout..

170 4403 229 4464 neg.
248 4405 270 4454 l.
294 4411 318 4452 ot
334 4404 435 4465 Seguer.
456 4395 502 4448 καὶ
524 4395 579 4466 γὰρ
596 4395 642 4448 καὶ
659 4393 674 4447 ὅ
692 4391 760 4448 σ’ττιό-
811 4409 834 4450 ει
853 4401 957 4450 Felolm.
980 4401 1001 4448 l.
1024 4391 1155 4453 alradus.
1199 4399 1233 4447 lle
1251 4433 1257 4448 .
1276 4397 1300 4446 2.
1327 4395 1402 4444 Dosil.

172 4465 275 4523 motos
296 4470 340 4520 ulii
354 4479 378 4520 et
388 4471 444 4520 editi
454 4463 501 4517 aral
507 4470 628 4534 posterius
638 4469 759 4518 omittunt.
809 4468 900 4530 lngtic.
919 4467 1022 4516 Velclm.
1038 4468 1059 4517 l.
1078 4476 1102 4516 ει
1120 4467 1142 4518 5.
1162 4457 1199 4518 uic
1216 4459 1287 4514 aaut.
1323 4461 1403 4512 Ceteri

124 4553 129 4562 ²
206 4540 222 4588 i.
246 4539 286 4588 Sic
304 4537 396 4599 uest.
414 4545 437 4587 et
454 4537 595 4600 Segoeriun.
630 4536 715 4586 ttulit
735 4543 759 4584 et
810 4543 834 4586 et
851 4535 909 4586 editi
927 4524 971 4581 ὅτι
988 4525 1059 4586 etot.
