3176 5304
221 339 264 404 32
742 353 917 398 amaranto.

220 507 295 571 locis
316 507 355 569 ad
375 506 557 569 reruoodam
580 504 720 568 haeresin
735 514 765 568 et
779 503 1010 568 confirmandam
1033 503 1123 568 fidem
1136 503 1295 568 Nicaenam
1318 513 1457 570 uteretur

223 609 393 690 etquidem
416 607 471 669 alia
502 608 618 669 ratione
650 614 738 686 atque
771 604 954 686 antiquiores
983 605 1124 668 ecclesiae
1156 606 1296 669 doctores
1319 625 1453 670 consue-

222 709 347 781 vissent,
371 708 500 770 breviter
521 716 553 769 el
572 707 766 788 probabiliter
796 707 896 770 docuit
922 707 1000 770 idem
1023 706 1109 769 llich.
1130 708 1236 770 Simon
1259 708 1278 768 Ι.
1300 708 1321 770 l.
1343 726 1373 788 p.
1395 711 1452 773 91.

99 867 106 876 .
223 803 270 872 his
293 809 409 872 verbis:
431 809 583 870 Noritatcs
605 811 711 884 (norae
734 809 900 870 sententiae
922 816 952 870 et
973 809 1257 887 argumentationes)
1278 809 1339 870 Arii
1362 829 1453 874 noea-

223 913 338 974 sionem
362 910 470 972 dohant
490 909 650 971 Athanasio
673 910 785 972 maiore
807 927 893 983 cura,
917 927 1004 990 quam
1026 908 1055 970 id
1079 911 1314 986 somniantum,
1337 912 1453 974 exami-

222 1013 313 1076 nandi
335 1020 395 1074 tam
418 1011 527 1072 veteris
549 1029 638 1092 quam
658 1011 727 1074 nori
758 1009 924 1074 testamenti
953 1010 1036 1072 locos
1059 1010 1096 1072 ad
1124 1011 1217 1074 lilium
1240 1010 1287 1074 dei
1310 1021 1453 1092 spectau-

223 1124 280 1178 tes.
325 1112 506 1192 Theologiae
527 1129 564 1174 eo
586 1119 720 1192 tempore
742 1129 818 1174 nora
849 1111 1064 1174 accendebatur
1085 1111 1151 1185 lux,
1185 1120 1215 1174 et
1237 1130 1327 1191 quum
1349 1113 1455 1176 disce·

220 1215 369 1296 ptationes
390 1213 464 1276 ittae.
478 1212 669 1276 Alexandriae
691 1222 811 1276 exortae
833 1221 951 1288 essent,
982 1212 1030 1273 uhi
1054 1213 1203 1274 dialectica
1225 1213 1365 1287 llorehat,
1394 1215 1453 1278 de·

220 1315 433 1400 monstratioui
465 1315 628 1394 scripturae
661 1316 836 1395 iungehatur
867 1313 1064 1376 ratiocinatio.
1115 1314 1191 1376 llino
1223 1334 1293 1376 vero
1325 1333 1452 1396 magnae

223 1419 363 1497 deinceps
386 1423 489 1478 enatae
510 1424 581 1479 sunt
602 1416 837 1489 controversiae,
861 1415 1007 1496 siquidem
1030 1415 1179 1495 quaelihet
1199 1434 1270 1495 pars
1293 1435 1344 1489 ea,
1375 1435 1464 1497 quae,

223 1538 259 1582 ex
281 1517 399 1598 scriptis
422 1517 667 1597 evangelistarum
691 1526 721 1579 et
742 1517 947 1598 apostolorum
969 1517 1171 1580 ratiocinando
1195 1517 1370 1593 alliciebant,
1392 1537 1453 1598 pro

157 1689 162 1694 ,
222 1638 299 1702 puro
322 1620 369 1681 del
384 1619 481 1704 ¹verbo
504 1619 601 1698 putari
623 1619 768 1682 rclehant.
812 1619 912 1680 Ariani
936 1618 1161 1698 expostulabant
1189 1637 1256 1681 nrm
1284 1619 1452 1693 catholicis,

223 1721 303 1802 quod
325 1739 414 1782 voces
438 1729 466 1782 et
488 1720 630 1782 lormulas
652 1721 683 1782 in
714 1720 890 1800 religionem
917 1719 1119 1793 induxissent,
1148 1739 1223 1800 quae
1248 1718 1455 1800 inscriptura

202 1823 308 1885 'sacra
332 1841 391 1882 non
426 1817 585 1884 instarent.
629 1821 662 1882 S.
684 1821 861 1896 Athanasius
894 1829 996 1882 eontra
1029 1820 1189 1901 probabat,
1211 1821 1338 1882 Arianos
1361 1840 1455 1884 voces

223 1923 369 1986 eiusmodi
392 1941 518 1984 novasse
539 1921 633 1985 multo
656 1921 767 2003 plures.
812 1922 854 1984 lta
878 1923 985 1984 lactum
1009 1930 1072 1996 est,
1094 1930 1128 1983 ut
1148 1930 1273 2000 utraque
1294 1939 1364 2002 pars
1388 1941 1453 1984 non

223 2024 319 2088 solum
342 2023 491 2104 expressis
513 2023 591 2086 sacri
606 2024 717 2086 codicis
732 2023 913 2086 testimoniis
935 2022 1089 2098 niteretur,
1112 2023 1165 2084 sed
1188 2024 1276 2085 etiam
1292 2041 1453 2102 argumen-

196 2127 261 2188 'tia
283 2144 338 2206 per
360 2125 602 2205 consequentiam
625 2125 694 2188 inde
716 2126 821 2196 ductis,
844 2143 900 2186 nec
914 2123 1014 2186 minus
1035 2122 1195 2185 traditione
1217 2124 1366 2202 exegetica
1389 2124 1452 2186 sire

222 2226 519 2306 interpretationibus
542 2227 743 2306 antiquiorum
766 2225 906 2290 eeclesiae
930 2226 1144 2304 scriptorum.“
1159 2257 1201 2268 -—
1223 2224 1341 2286 Etenim
1362 2226 1450 2288 Arios

223 2327 259 2390 ah
281 2327 412 2390 Luciano
434 2327 609 2408 presbytero
631 2327 832 2401 Antiocheno,
867 2335 899 2388 ut
920 2325 1051 2398 ridetur,
1084 2326 1236 2405 profectus
1269 2345 1336 2388 cum
1359 2326 1451 2388 sociis

130 2497 138 2512 .
223 2430 286 2492 suis
318 2429 548 2510 profitebantur,
583 2429 806 2490 tundamentum
829 2427 961 2489 veritatis
994 2427 1127 2506 positum
1161 2447 1229 2488 esse
1251 2429 1281 2489 in
1305 2428 1451 2508 scriptura

221 2543 307 2592 sama
330 2548 453 2610 eamque
476 2529 637 2592 secundum
660 2547 781 2591 sensum
802 2529 979 2590 historicum
1002 2528 1063 2590 sive
1086 2529 1122 2589 ad
1143 2528 1270 2590 litteram
1299 2529 1451 2608 explican-

224 2630 291 2692 dam
314 2649 393 2692 esse.
437 2631 539 2711 ltaque
572 2629 608 2692 ah
642 2630 728 2692 initio
760 2631 981 2692 controversiae
1010 2647 1075 2690 cum
1098 2628 1278 2704 Alexandro,
1307 2631 1451 2710 episcopo
1521 2663 1523 2668 ·

108 2812 111 2823 Ι
220 2731 431 2806 Alexandrino,
455 2733 490 2794 ad
514 2731 703 2794 evertendum
726 2733 833 2812 dogma
856 2731 892 2793 de
915 2731 1065 2792 divinitate
1081 2730 1189 2792 Christi
1209 2731 1354 2810 plurimos
1375 2749 1450 2810 pro-

223 2832 357 2896 ferebant
379 2835 561 2912 scripturae,
595 2832 721 2894 maxime
744 2833 778 2894 N.
802 2833 837 2893 Τ.
860 2832 955 2907 locos,
989 2831 1019 2893 in
1042 2831 1148 2911 quihus
1170 2831 1207 2892 de
1230 2831 1349 2894 Christo
1372 2833 1451 2895 dieta

223 2943 336 3010 essent,
359 2952 434 3014 quae
456 2953 516 2996 non
538 2943 666 3015 possent
687 2951 754 2997 oum
776 2933 832 2996 hac
847 2934 960 2998 scillcet
974 2933 1178 2996 commenticia
1202 2933 1353 3017 divinitate
1375 2951 1450 2996 oon-

223 3035 332 3111 ciliari;
363 3037 532 3099 testimonia
555 3055 626 3101 vern
659 3036 840 3118 scripturae,
874 3035 981 3116 quihus
1004 3033 1140 3096 catholici
1162 3037 1341 3096 sententiam
1364 3053 1449 3098 suam

222 3138 390 3210 tuebantur,
413 3137 622 3213 improbabant
644 3157 736 3218 eaque
758 3137 816 3198 alio
838 3155 931 3198 sensu
946 3135 1114 3216 accipienda
1130 3153 1199 3196 esse
1215 3137 1449 3198 contendebant:

222 3236 252 3298 id
275 3235 360 3314 ,quod
389 3238 554 3309 Alexander
572 3239 649 3316 ipsa
678 3238 824 3318 significat
851 3239 882 3298 in
905 3255 951 3316 ep.
975 3235 1011 3296 ad
1032 3235 1229 3297 Alexandrum
1258 3237 1306 3298 his
1334 3237 1450 3299 rerhis:

221 3331 336 3400 πᾶσάν
357 3355 395 3398 τε
416 3328 517 3398 αὐτοῦ
539 3336 597 3418 τῆς
619 3341 783 3419 σωτηρίου
813 3334 1002 3418 οἰκονομίας
1028 3335 1082 3399 καί
1106 3328 1147 3399 dc'
1170 3329 1258 3420 ἡμᾶς
1284 3333 1452 3404 concerni-

222 3455 308 3512 σεως
342 3429 455 3519 φωνὴν
488 3430 710 3515 ἐκλεξάμενοι,
745 3432 780 3511 ἒξ
801 3427 909 3499 αὐτῶν
942 3441 1144 3520 σοναγείρειν
1177 3441 1361 3522 πειρῶνται
1391 3439 1451 3522 τῆς

222 3526 376 3619 ἀσεβείας
405 3531 531 3600 ἑαυτῶν
559 3529 598 3596 τὸ
624 3533 786 3620 κήρυγμα,
816 3537 874 3620 τῆς
903 3528 1047 3623 ἀρχῆθεν
1075 3535 1238 3622 θεότητος
1266 3532 1366 3604 αὐτοῦ
1393 3539 1448 3606 καὶ

220 3634 316 3722 παρὰ
336 3637 383 3721 τῷ
405 3631 510 3718 πατρὶ
533 3631 630 3722 δόξης
652 3627 788 3701 ἀλέκτου
810 3635 888 3713 τοὺς
902 3633 1019 3720 λόγους
1041 3631 1342 3724 ἀποστρεφόμενοι.
1386 3641 1451 3703 lloe
1573 3659 1576 3666 ’

222 3747 282 3802 est:
315 3739 510 3820 collectisque
534 3738 670 3800 omnibus
693 3739 817 3800 rombus
848 3738 985 3802 solutori
1014 3744 1079 3802 eina
1112 3744 1322 3826 incarnatione·
1347 3761 1452 3806 susce-

217 3851 347 3923 ptosque
364 3851 497 3922 propter
519 3858 574 3902 noa
597 3839 764 3902 humilitati
785 3840 1030 3920 congruentibus,
1052 3845 1174 3922 impium
1196 3861 1234 3906 εο
1256 3845 1303 3908 bis
1323 3845 1452 3926 proedi-

118 3986 123 3996 -
226 3947 374 4006 cntionem
397 3943 534 4022 constare
562 3946 723 4012 nituntur,
757 3941 866 4016 uerbo,
889 3943 996 4018 qulbus
1020 3955 1147 4006 aeterne
1170 3948 1234 4008 eiua
1258 3948 1401 4008 da'm'na'toa
1424 3956 1454 4009 et

221 4043 386 4127 ineffabilia
410 4045 492 4125 opud
509 4054 631 4123 putrem
652 4045 755 4125 glorio
783 4044 975 4118 declaratur,
1005 4058 1195 4110 aversantes.
1240 4045 1324 4108 Conl.
1347 4045 1451 4107 Theo-

167 4238 173 4247 Ι
220 4145 318 4207 doret.
342 4145 411 4210 hist.
435 4144 541 4206 eccles.
563 4143 615 4206 lih.
636 4143 661 4208 l.
684 4163 747 4224 cap.
771 4147 801 4210 3.
825 4146 870 4208 ed.
893 4145 959 4207 llal.
981 4145 1068 4209 Tom.
1091 4147 1142 4208 lll.
1164 4165 1193 4226 p.
1218 4148 1290 4210 729.
1337 4145 1449 4208 Catho-

219 4245 268 4309 lici
289 4259 363 4308 ¹nou
396 4245 560 4326 negabant,
593 4244 770 4325 scripturam
803 4247 916 4309 sontem
949 4265 1018 4309 esse
1051 4255 1091 4309 et·
1108 4265 1245 4310 normam
1278 4246 1449 4326 dogmatum

221 4346 468 4420 christianorum,
502 4365 557 4408 nec
578 4345 615 4408 de
638 4348 828 4428 grammatica
850 4357 880 4410 ct
900 4347 1043 4409 historica
1071 4347 1215 4410 lihromm
1237 4347 1273 4410 N.
1297 4346 1330 4410 T.
1354 4345 1474 4406 inter-.
1580 4343 1581 4350 ’

218 4449 388 4532 pretatione
408 4447 632 4524 dissentiebant,
655 4449 712 4512 nisi
734 4449 813 4530 quod
836 4447 970 4527 singulos
991 4448 1076 4510 locos
1098 4447 1262 4512 secundum
1284 4444 1450 4524 analogiam

219 4549 385 4642 scripturae
412 4549 603 4632 regulamque
638 4550 707 4614 fidei
737 4547 977 4645 interpretandos
1007 4567 1076 4612 esse
1105 4547 1261 4610 docebant.
1305 4548 1349 4610 lta
1377 4565 1451 4610 nero
