3162 5308
559 388 668 432 orario
685 387 724 432 rr.
741 387 1006 432 consultandos.
1166 427 1168 438 ,
1194 355 1197 362 ’
1312 373 1369 436 651

134 541 188 604 bil
213 541 264 604 bic
294 559 471 620 corporeum
498 539 718 619 intelligendum
747 548 804 600 est.
848 538 961 618 Nempe
987 557 1054 600 mos
1083 547 1128 600 est
1156 539 1271 602 diuinae
1293 541 1459 606 Scri-oasa.

137 653 268 725 pturae,
292 659 336 714 ea,
360 661 434 722 quae
456 659 545 722 supra
567 641 718 704 bominem
742 649 821 710 sunt,
843 641 974 702 humano
996 659 1080 702 more
1103 643 1208 704 ellerre
1230 650 1260 702 et
1281 641 1375 721 signi-
1432 695 1440 718 ,

136 747 251 807 ficare.
295 743 371 806 ilinc
398 744 435 805 de
463 743 610 805 creatione
639 743 683 804 sic
709 742 854 822 loquitur:
889 741 998 804 Menas
1028 753 1097 804 tuoe
1123 745 1262 822 [coement
1282 763 1328 806 me
1349 755 1378 807 et

136 851 369 929 formaverunt
388 865 449 919 me,
478 855 508 908 et
529 845 639 909 Munus
660 863 726 906 meo
747 845 821 924 [ecit
844 843 914 906 ltoec
936 848 1051 916 omnio,
1083 852 1113 904 et
1134 845 1203 925 lpse
1223 847 1378 908 mandauit

139 960 176 1012 et
203 961 307 1012 creato
329 961 410 1012 nent.
455 947 572 1010 Scilicet
603 945 756 1026 aptissime
778 945 893 1024 singula
917 945 1052 1018 denotat,
1082 963 1148 1008 cum
1171 953 1202 1008 et
1222 946 1268 1016 id,
1297 947 1377 1026 quod

138 1051 219 1113 Filii
241 1049 396 1130 proprium
418 1059 448 1112 et
470 1067 644 1129 germanum
667 1057 722 1118 est,
746 1046 897 1127 exprimit,
922 1056 951 1108 et
972 1065 1020 1108 res
1043 1054 1157 1109 cresus
1179 1045 1288 1109 indicat
1310 1065 1377 1110 esse

140 1153 331 1232 incoepisse.
375 1151 447 1214 Nam
470 1152 523 1214 bas
546 1151 664 1231 quidem
687 1148 755 1211 lacit
783 1158 814 1209 et
834 1156 930 1222 creat,
959 1148 1065 1210 Filium
1093 1157 1189 1212 autern
1219 1167 1254 1210 ex
1277 1149 1377 1230 seipso

144 1253 283 1316 Verbum
305 1262 334 1315 et
356 1252 529 1332 sapientiam
551 1251 652 1332 gignit.
697 1249 805 1312 Uterus
822 1250 900 1312 enim
923 1259 953 1312 et
974 1267 1026 1312 cor
1047 1249 1202 1330 proprium
1225 1261 1255 1313 et
1276 1269 1377 1313 rerum

147 1357 246 1418 ietnm
269 1355 442 1435 significent.
486 1353 647 1434 Siquidem·
666 1371 722 1414 nos
750 1369 852 1414 aerum
881 1354 972 1414 letum
1001 1352 1193 1432 producimus
1223 1372 1258 1414 ex
1280 1364 1377 1426 utero,

148 1476 246 1538 opera
268 1467 366 1519 autem
389 1474 478 1517 manu
501 1455 655 1518 allicimus.

240 1561 292 1624 28.
338 1557 415 1631 Quid
437 1557 528 1619 veiint
548 1555 653 1636 igitur,
680 1555 833 1638 inquiunt,
860 1554 1030 1618 huiusmodi
1058 1555 1147 1616 rerba
1176 1567 1246 1620 unte
1270 1555 1378 1637 lucife-

147 1660 253 1724 rum?
297 1659 413 1732 Quibus
436 1677 490 1738 ego
511 1658 630 1738 quidem
653 1657 875 1737 responderim,
899 1658 925 1720 si
948 1658 1030 1719 bisce
1052 1657 1151 1720 verbis
1175 1668 1245 1721 oete
1268 1657 1379 1739 luer'se-

149 1781 227 1825 rum
248 1761 313 1822 eius
334 1759 497 1822 mirabilem
519 1779 555 1822 ex
570 1761 659 1822 llario
680 1769 778 1821 ortum
801 1759 958 1840 significari
981 1769 1096 1840 putent,
1119 1760 1288 1840 complures
1304 1761 1377 1822 alios

151 1873 224 1925 ante
246 1861 354 1924 sideris
376 1871 473 1925 ortrrm
495 1863 587 1924 luisse
609 1861 734 1942 genitos.
779 1861 857 1935 Quid
873 1862 961 1942 igitur
975 1862 1023 1924 bic
1043 1862 1236 1924 admiratione
1258 1863 1377 1942 dignum
1388 1885 1464 1929 rem.

154 1964 296 2038 occurrit,
320 1963 370 2027 ubi
392 1972 489 2026 tamen
511 1963 599 2026 veluti
623 1963 780 2044 singularis
803 1973 832 2026 et
854 1963 980 2043 insignis
997 1963 1119 2026 alicuius
1135 1963 1179 2025 rei
1201 1963 1377 2046 lit-mentio,

153 2085 224 2128 cum
245 2065 274 2128 id
296 2065 431 2146 plurimis
454 2065 492 2128 sit
513 2063 694 2128 commune?
737 2064 849 2127 Deinde
872 2065 950 2127 aliud
972 2077 1018 2127 est
1039 2065 1176 2146 gignere,
1202 2065 1281 2127 aliod
1303 2065 1378 2128 edu·
1393 2083 1401 2108 ,-

155 2185 235 2230 cere.
278 2167 351 2230 Nam
373 2167 492 2248 gignere
515 2167 646 2247 incipere
667 2176 715 2229 est
735 2165 844 2246 aliquid
866 2185 1040 2247 procreare,
1064 2167 1189 2231 educere
1211 2177 1309 2230 autern
1327 2165 1380 2230 iri-

153 2269 197 2331 bil
225 2269 302 2333 aliud
331 2279 392 2344 est,
426 2289 512 2352 quam
541 2270 621 2350 quod
649 2269 707 2332 iam
736 2269 837 2331 existit
863 2269 1038 2350 producere.
1084 2271 1228 2344 Quocirca
1259 2271 1285 2332 si
1309 2271 1381 2332 baec

154 2371 247 2435 dictio
270 2373 305 2434 ad
328 2391 437 2454 corpus
461 2374 599 2440 refertur,
623 2371 775 2434 sciendum
791 2379 838 2434 est
853 2391 920 2434 eum
935 2391 995 2434 non
1012 2380 1082 2435 tunc
1098 2371 1176 2452 gigni
1199 2371 1378 2452 incoepisse,
1413 2421 1422 2434 ,

155 2493 223 2536 cum
245 2484 331 2537 nocte
352 2475 523 2555 pastoribus
545 2473 741 2536 annunciatus
763 2481 824 2546 est,
858 2475 911 2536 sed
934 2493 1000 2536 cum
1022 2474 1150 2554 Angelus
1173 2473 1208 2534 ad
1231 2473 1379 2552 Virginem

158 2583 205 2657 est
225 2575 351 2636 locutus.
396 2575 480 2638 Tunc
501 2584 600 2638 autem
624 2575 768 2655 temporis
790 2594 850 2638 nox
872 2595 933 2638 non
957 2585 1029 2651 erat,
1052 2594 1118 2638 cum
1136 2575 1166 2636 id
1188 2593 1248 2636 non
1271 2575 1380 2638 dictum

160 2673 215 2742 sit,
238 2682 268 2735 at
288 2693 347 2736 nox
369 2685 446 2748 erat,
473 2695 543 2740 cum
566 2697 601 2740 ex
623 2687 710 2739 utero
731 2677 852 2758 prodiit.
895 2679 927 2740 ld
950 2675 1131 2740 discriminis
1154 2677 1219 2757 ipsa
1243 2675 1382 2738 observet

160 2773 327 2853 Scriptura,
356 2795 431 2856 quae
457 2779 585 2856 primum
608 2779 727 2860 quidem
749 2777 909 2859 significat,
938 2797 1005 2840 curn
1034 2795 1101 2840 eum
1123 2785 1191 2840 ante
1213 2777 1380 2840 Luciferum

159 2877 288 2955 genitum
312 2876 392 2949 dicit,
415 2878 538 2940 alterum
559 2898 630 2942 vero
652 2881 771 2954 indicat,
794 2899 860 2943 cum
884 2881 993 2941 exitum
1009 2897 1052 2941 ex
1074 2886 1159 2940 utero
1174 2880 1316 2952 nominat,
1338 2879 1381 2942 uti

159 2977 278 3040 Psalmo
299 2978 444 3057 vigesimo
470 2979 567 3059 primo
588 2981 729 3044 babetur:
760 2981 802 3044 Tu
829 3001 861 3043 es
890 2985 943 3061 pue·
969 2985 1136 3044 ectroce'sti
1153 2999 1199 3044 me
1221 2999 1261 3044 eo·
1282 2993 1380 3045 atero.

161 3078 315 3149 Praeterea
337 3079 552 3142 observandum
575 3090 620 3144 est
642 3083 751 3144 dictum
774 3100 835 3143 non
857 3101 941 3144 esse:
963 3091 1031 3144 ante
1054 3095 1151 3144 ortum
1166 3082 1304 3156 Luciferi,
1328 3083 1381 3146 sed

161 3189 272 3244 batum
295 3190 366 3246 cate
386 3183 572 3263 luciferam.
617 3183 701 3246 Unde
729 3182 754 3246 si
776 3183 813 3246 de
835 3202 961 3264 corpore
988 3185 1071 3246 locus
1099 3185 1149 3247 bic
1175 3185 1381 3265 intelligendus

163 3290 222 3356 est,
250 3301 375 3346 necesse
397 3293 444 3346 est
465 3303 575 3364 corpus
597 3293 664 3347 ante
685 3285 826 3354 ddamum
849 3285 958 3359 luisse,
989 3305 1054 3348 cum
1084 3293 1151 3348 ante
1173 3286 1314 3369 ddamurn
1336 3287 1381 3348 si-

162 3383 229 3445 dera
252 3385 423 3447 exstiterint
468 3385 518 3448 Vel
547 3387 793 3476 certequidnam
814 3388 887 3478 baec
908 3387 1053 3467 significet
1073 3388 1162 3450 dictio
1184 3386 1380 3468 indagandum

162 3485 246 3548 nobis
268 3495 323 3550 est.
359 3487 399 3558 ld
421 3505 492 3550 sane
514 3505 675 3568 possumus
696 3489 845 3551 aloenne
868 3489 1000 3564 discere,
1023 3489 1062 3552 ita
1086 3491 1115 3552 in
1137 3491 1310 3570 Apocalypsi
1332 3489 1381 3552 lo-

163 3597 283 3667 quente:
312 3589 373 3670 Epo
401 3609 467 3653 sum
489 3589 587 3672 Alplso
608 3600 637 3653 et
661 3591 769 3672 Omepo
790 3601 819 3654 et
838 3597 957 3673 prtinus
979 3611 1013 3655 oe
1035 3597 1218 3655 uour'asriaus
1242 3601 1270 3655 et
1288 3595 1382 3674 prin·
1422 3639 1440 3662 ,.

163 3695 268 3770 clpam
290 3703 326 3752 oc
346 3691 426 3772 fiais.
471 3692 570 3768 Beati,
594 3695 647 3773 put
667 3692 798 3756 dilatant
820 3704 917 3756 vertes
938 3713 1031 3764 euos,
1054 3705 1090 3756 at
1112 3697 1153 3756 sit
1169 3704 1308 3773 potestus
1331 3711 1382 3754 eo·-

164 3809 229 3852 rum
249 3796 284 3853 tn
306 3791 387 3870 ligno
408 3795 487 3854 vitoe
510 3803 539 3855 et
557 3810 616 3872 per
634 3803 745 3873 portos
772 3797 889 3858 intrent
917 3798 950 3855 eie
979 3799 1137 3858 civitatem.
1181 3793 1270 3857 Foris
1294 3812 1382 3856 coece

166 3904 191 3954 et
210 3891 349 3972 venefici,
373 3901 558 3962 scortatores
580 3903 608 3954 et
630 3893 796 3955 bornicidoe‘
813 3903 843 3954 et
863 3891 1046 3956 idololatrae
1068 3903 1096 3955 et
1118 3899 1213 3956 omnis
1235 3899 1288 3977 pue·
1306 3895 1383 3974 facit

197 4077 212 4126 l.
237 4077 278 4126 Sic
296 4077 351 4138 lleg.
378 4077 476 4140 Seguer.
494 4075 566 4126 basil.
584 4084 608 4127 st
625 4078 747 4139 Anglican.
799 4079 960 4140 Testamenti,
980 4081 1019 4144 qni
1039 4087 1061 4128 et
1079 4079 1157 4140 addit,
1181 4089 1206 4131 nt
1223 4081 1335 4144 Vulgata,
1353 4073 1383 4130 dr

165 4147 190 4198 lt
205 4145 244 4196 alii
264 4151 288 4194 et
305 4145 361 4194 editi
380 4137 407 4192 oi
423 4135 542 4208 ἀστέρες.
797 4145 837 4211 τῷ
856 4137 952 4212 αἵματι
969 4145 1019 4195 τοῦ
1037 4138 1143 4213 ἀρνίου,
1163 4152 1382 4214 ieeoepur'uedpni.

196 4229 216 4275 g.
236 4215 292 4275 lieg.
312 4221 335 4262 et
352 4213 451 4276 Segoer.
472 4213 510 4262 bic
527 4219 551 4262 et
568 4219 623 4261 ante
640 4203 656 4272 ἦ
674 4203 746 4279 ἀρχῆ
798 4215 842 4264 blei
866 4231 921 4264 aero
940 4217 1024 4267 Graeci
1050 4219 1145 4268 codeces
1164 4219 1216 4267 nori
1235 4217 1381 4268 Testamenti

166 4275 330 4336 rddnntatal,
355 4282 419 4346 qnod
438 4281 478 4330 alil
504 4288 527 4330 et
551 4281 607 4331 editi
626 4283 745 4332 omittunt.
797 4297 856 4332 nass.
884 4292 907 4333 et
935 4284 991 4334 editi
1019 4285 1107 4336 babent
1131 4278 1159 4333 οἱ
1174 4278 1383 4338 ποιοῦντεςτᾶε

167 4350 213 4400 llos
239 4364 296 4400 mss.
321 4365 406 4400 ornnes
431 4364 484 4399 corn
503 4349 608 4399 editione
627 4349 745 4400 Commel.
796 4343 906 4405 ἐντολὰς
924 4344 1017 4414 αὐτοῦ,
1034 4356 1076 4471 ἕω·
1094 4357 1311 4418 {ocioatproerepto
1323 4355 1382 4403 eise.

168 4409 191 4466 oi
204 4411 384 4472 πλατύνεντες
401 4408 664 4472 τὰεστελὰςαῦτῶν,
689 4417 745 4468 Edi·
796 4419 888 4470 ibidem
913 4422 968 4484 lieg.
994 4432 1017 4472 et

168 4488 196 4536 tio
222 4486 297 4536 Paris.
324 4496 347 4538 et
374 4487 459 4538 Coton.
483 4479 511 4535 οἱ
531 4479 677 4539 πλύνοντες
697 4480 747 4540 τὰς
796 4478 829 4535 ἵν’
849 4481 934 4539 ἔσται.

170 4547 421 4621 melentiadam
438 4557 514 4605 locent
531 4557 677 4605 etoloeruoe.
704 4555 746 4604 Sic
830 4557 853 4605 b.
872 4559 912 4607 Sic
931 4571 988 4608 mss.
1008 4573 1061 4607 cnm
1081 4558 1185 4608 editione
1202 4551 1321 4630 compet.
1357 4557 1385 4602 et

170 4621 234 4670 etium
258 4624 328 4672 babet
346 4637 389 4674 ma.
409 4624 483 4674 codex
500 4624 673 4674 Alexandrinos
691 4625 745 4673 nori
797 4623 869 4675 editio
889 4627 963 4675 Paris.
982 4633 1005 4675 et
1023 4625 1107 4674 colon.
1126 4617 1170 4672 ἐπὶ
1186 4629 1218 4666 ro
1237 4613 1255 4658 ἓ

1052 4436 1133 4485 egoer.
1152 4413 1198 4469 lae
1214 4413 1299 4467 serae
1337 4420 1382 4470 lilii
