3226 5308
584 407 691 452 onarro
707 408 750 450 ur.
767 407 882 450 coxano
896 407 1029 450 ouranos.
1323 397 1393 478 ‚571

173 565 282 626 Paulus
306 563 442 642 scripsit:
482 562 621 632 Christus
650 561 707 622 on·
733 563 832 652 oirtpc
856 570 884 620 et
908 558 965 620 oet
987 551 1149 640 supientia,
1181 577 1266 638 quem
1289 581 1397 640 quaeso
1407 585 1481 630 rnen,

174 685 367 748 progressum
390 665 503 744 accepit
525 659 699 742 Sapientia?

261 873 310 936 52.
356 869 499 930 Homines
528 867 646 946 quidem
675 872 777 944 utpote
800 865 889 925 creati
913 865 942 925 in
964 865 1070 926 virtute
1092 864 1231 944 progredi
1254 873 1283 925 et
1304 867 1397 945 prola-

176 955 243 1033 rore
266 981 401 1052 possunt.
437 951 521 1030 ¹lliuc
542 969 644 1030 Enoch
666 966 825 1028 translatus
849 975 909 1040 est,
938 966 1113 1046 lllopsesque
1142 967 1303 1030 crescendo
1326 988 1396 1048 per·
1558 949 1568 1030 ι’

173 1075 337 1144 liciebatur,
361 1083 390 1134 et
411 1073 493 1134 lsaac
515 1069 695 1150 prolicieudo
718 1087 841 1146 magnus
865 1079 910 1128 est
932 1069 1064 1140 ell'ectus,
1087 1069 1247 1147 Apostolus
1269 1070 1339 1130 ilem
1362 1071 1396 1130 ad

176 1196 211 1238 ea
234 1195 308 1254 quoe
330 1175 428 1252 priora
452 1183 523 1234 suut
545 1191 577 1234 se
600 1179 725 1232 testatur
747 1170 913 1230 extendere.
959 1169 1070 1249 Singuli
1094 1170 1205 1231 scilicet
1227 1171 1397 1236 ulteriorem

175 1288 244 1341 ante
267 1298 300 1340 se
328 1277 464 1356 gradum,
498 1295 555 1354 quo
584 1273 851 1354 progrederemur,
884 1272 1025 1334 habuere.
1067 1273 1104 1334 tt
1131 1272 1184 1334 llei
1211 1272 1318 1347 Filius,
1348 1275 1396 1353 qui

175 1359 294 1460 quidem
317 1379 399 1440 solus
423 1379 486 1458 ipse
509 1387 563 1448 est,
587 1393 714 1455 quonam
737 1394 769 1436 se
792 1383 892 1454 potest
913 1373 1095 1436 extendere?
1125 1375 1231 1436 Omnia
1253 1375 1481 1455 siquidemroor.

176 1483 205 1544 iu
228 1501 295 1544 eum
319 1479 485 1543 contuendo
507 1477 681 1558 proliciunt,
714 1475 779 1554 ipse
802 1495 889 1550 vero,
923 1496 988 1538 cnm
1012 1477 1093 1538 solus
1122 1477 1176 1549 sit,
1207 1476 1237 1538 in
1265 1479 1329 1538 solo
1352 1487 1398 1538 est
1471 1515 1477 1522 -

175 1585 272 1656 Patre,
296 1603 311 1645 a
334 1601 393 1662 quo
416 1601 477 1649 non
500 1581 573 1642 ultra
596 1571 793 1659 progreditur,
818 1577 869 1638 sed
894 1597 1012 1656 semper
1033 1579 1064 1640 iu
1087 1597 1122 1640 eo
1146 1587 1254 1640 menet.
1298 1580 1398 1658 ltaque

175 1667 332 1749 hominum
352 1695 398 1746 est
426 1685 586 1764 proficere,
619 1690 649 1742 at
676 1680 728 1741 Ilei
758 1680 866 1752 Filius,
897 1680 964 1758 quia
994 1680 1066 1742 nihil
1089 1700 1147 1760 qao
1170 1677 1398 1760 progOedcretur

126 1795 130 1804 ’
175 1789 308 1861 haberet,
331 1807 396 1850 cum
419 1787 448 1848 iu
470 1785 558 1847 Patre
580 1784 618 1846 eit
640 1785 803 1863 perlectus,
827 1783 957 1862 scipsum
980 1801 1033 1860 pro
1057 1782 1144 1842 nohis
1167 1782 1342 1854 humiliarit,
1367 1793 1398 1844 ut

175 1910 232 1954 nos
260 1891 291 1952 iu
321 1890 384 1951 eius
412 1888 577 1950 humilitate
605 1887 698 1964 magis
727 1903 862 1946 cresccre
884 1902 1054 1964 possemus.
1098 1885 1183 1945 alliud
1205 1893 1302 1946 cutem
1325 1885 1397 1946 nihil

175 2002 222 2056 est
244 1993 456 2057 incrementrma
479 1999 625 2064 nostrum,
647 2006 733 2068 quam
757 1995 788 2050 ut
809 2006 825 2048 a
847 1986 947 2060 rebus,
971 2006 1045 2066 quae
1067 2006 1171 2050 sensus
1195 1995 1322 2060 movent,
1345 2007 1396 2049 re·

175 2097 313 2158 cedamus
336 2103 366 2156 et
386 2095 422 2156 ad
444 2093 541 2172 ipsum
563 2091 736 2153 accedamus
752 2089 897 2162 verton,
920 2088 1156 2169 quandoquidem
1174 2096 1203 2150 et
1218 2089 1281 2151 eius
1296 2089 1395 2150 humi-

158 2199 240 2262 'lilas
270 2196 343 2258 nihil
370 2195 448 2257 aliud
477 2204 538 2266 est,
568 2211 656 2272 quam
677 2191 756 2272 quod
778 2210 895 2253 carnem
915 2200 1051 2252 nostram
1074 2192 1194 2274 accepit.
1238 2191 1303 2252 Non
1326 2211 1396 2271 ergo

174 2300 303 2362 Verbum
327 2307 359 2360 ut
380 2297 507 2360 l'erhum
529 2295 655 2376 prolicit,
678 2313 742 2356 cum
765 2295 925 2373 perlectum
950 2294 989 2354 sit
1011 2313 1045 2354 ex
1067 2295 1198 2374 perlecto
1219 2293 1307 2355 Patre
1328 2294 1395 2355 nul-

123 2407 124 2412 ’
173 2403 258 2484 laque
282 2401 402 2464 omnino
424 2418 456 2461 re
481 2408 579 2479 egeat,
604 2398 657 2458 sed
679 2397 779 2476 potius
802 2395 866 2458 eliis
888 2395 1061 2474 proficiendi
1084 2395 1123 2458 sit
1146 2414 1244 2456 causa.
1290 2395 1394 2455 Verum

173 2507 222 2566 hlc
244 2505 332 2566 etiam
354 2504 482 2564 humano
506 2521 590 2563 more
619 2499 713 2560 dictus
743 2507 789 2559 est
815 2500 976 2577 prolicere,
1011 2498 1148 2578 quoniam
1177 2496 1329 2558 hominum
1358 2497 1398 2557 sit

176 2606 332 2682 prolicere.
366 2604 440 2666 lliuc
461 2615 543 2666 caarte
566 2601 724 2664 admodum
746 2601 930 2681 Evangelista
953 2609 1077 2663 aetatem
1100 2619 1165 2662 cum
1187 2599 1397 2680 progressione

178 2703 346 2776 coniunxit,
369 2704 512 2782 siquidem
535 2705 612 2767 nullo
635 2712 682 2765 est
702 2703 788 2765 llerhi
811 2713 840 2766 et
861 2703 914 2766 llei
936 2712 1031 2776 aetas,
1062 2703 1115 2766 sed
1138 2711 1247 2766 aetates
1270 2703 1306 2764 ad
1328 2721 1396 2778 cor-

175 2823 253 2886 pora
275 2803 434 2885 pertinent.
477 2807 518 2868 hd
547 2825 655 2886 corpus
685 2807 774 2886 igitur
801 2815 915 2886 spectat
936 2795 1110 2868 'huiusmodi
1131 2823 1327 2885 progressus,
1361 2824 1396 2866 eo
1493 2783 1501 2802 ’

168 2906 256 2968 euim
279 2906 452 2986 proliciente
469 2909 503 2992 in
524 2910 589 2989 ipso
611 2910 722 2990 pariter
751 2909 933 2971 cernentium
962 2907 1056 2970 oculis
1084 2906 1255 2987 proliriehat
1282 2907 1396 2985 patela-

174 3007 428 3071 ctiodirinitatis.
473 3010 587 3082 Quanto
610 3031 700 3091 porro
722 3010 906 3072 manilestius
921 3009 1057 3071 divinitas
1074 3015 1106 3070 te
1121 3008 1291 3090 explicabat,
1314 3017 1396 3070 tauto

172 3110 269 3190 magis
304 3110 382 3190 opud
416 3129 519 3173 omues
547 3111 681 3174 homines
713 3110 804 3191 gratia
833 3111 897 3173 eius
927 3119 1063 3190 tanquam
1085 3111 1214 3174 hominis
1238 3109 1395 3172 crescebat.

173 3213 249 3275 Nam
269 3212 367 3276 iulans
390 3213 506 3294 quidem
529 3216 713 3294 gestabatur,
742 3232 817 3294 puer
838 3223 934 3275 autern
958 3215 1054 3274 lactus
1071 3213 1214 3274 remansit
1234 3212 1264 3274 in
1287 3212 1396 3294 templo

167 3315 319 3396 ipsosque
341 3317 510 3380 sacerdotes
533 3317 569 3379 de
592 3318 656 3397 lege
678 3315 879 3396 interrogarit.
913 3315 1031 3377 Sensim
1048 3325 1145 3378 nutem
1160 3324 1312 3376 crescente
1327 3333 1396 3376 cor-

172 3437 247 3499 pore
270 3425 300 3478 et
323 3417 419 3480 Verbo
440 3421 572 3500 seipsum
595 3419 626 3481 in
642 3438 678 3482 eo
693 3419 894 3500 patefaciente,
917 3419 1013 3499 primo
1029 3418 1134 3480 Petrus
1158 3416 1322 3498 deindeque
1345 3417 1393 3479 alii

175 3538 241 3581 eum
264 3538 333 3582 vere
354 3520 460 3583 Filium
482 3521 536 3582 uei
558 3540 627 3582 esse
650 3523 837 3594 confitentur,
860 3521 1047 3602 quantumvis
1069 3518 1169 3581 ludaei
1193 3538 1258 3580 cum
1280 3527 1395 3582 veteres

174 3629 237 3682 tum
259 3621 328 3682 novi
351 3621 400 3686 isti
422 3624 501 3684 ultro
524 3623 660 3686 claudant
682 3624 794 3698 oculos,
817 3625 855 3685 nh
877 3624 1003 3698 videant,
1026 3623 1106 3704 quod
1129 3623 1178 3684 hlo
1199 3621 1229 3682 in
1253 3621 1396 3700 snpientia

210 3775 232 3824 d.
251 3774 322 3823 llasil,
340 3769 499 3840 προκόψειν.
535 3776 622 3837 uerius
642 3777 663 3826 l.
683 3779 759 3839 prima
844 3779 866 3826 h.
887 3779 942 3838 fleg.
956 3777 977 3826 l.
995 3779 1094 3838 Seguer.
1114 3775 1245 3826 contenet
1258 3775 1361 3826 Felelrn.
1376 3777 1396 3827 1.

175 3856 245 3890 manu
263 3835 407 3906 προκόψῃ,
427 3843 469 3891 sed
488 3843 593 3892 secunda
612 3839 757 3910 προκόψεο,
808 3843 956 3910 porrocirca.
995 3843 1055 3892 illiti
1075 3843 1164 3908 aliique
1180 3835 1361 3908 μεμέτρηται.

175 3910 289 3959 ntceteri
309 3910 411 3957 metiti.
449 3909 498 3958 llox
518 3909 759 3973 lle.l.etSegaer.
845 3912 859 3959 i.
886 3913 926 3960 Sic
944 3919 1043 3974 uterque
1062 3910 1120 3972 lleg.
1142 3911 1241 3972 Seguer.
1260 3913 1397 3962 Gobleriau.

174 3969 273 4024 ἑαυτοῦ
290 3961 408 4038 βδθμόν.
436 3969 759 4042 Ηος.2,αυτῶνβαθμο’ν.
810 3977 915 4026 Felclnn.
936 3979 957 4026 l.
977 3985 1000 4026 οι
1018 3977 1041 4026 5.
1076 3977 1162 4027 ltalii
1181 3979 1398 4031 eleditloComm.

174 4045 237 4098 Editi
256 4051 279 4090 et
296 4043 336 4091 clii
355 4031 439 4089 αὐτοῦ
456 4036 576 4106 ροθμόν.
810 4035 958 4109 ἀνθρώπῳ,

209 4127 230 4162 ο.
249 4109 288 4162 Sic
306 4109 362 4170 lter.
373 4109 394 4160 l.
405 4111 503 4170 segitem
517 4111 614 4163 Gohler.
624 4118 647 4160 et
655 4111 760 4163 Felelua.
845 4111 866 4160 l.
888 4113 943 4175 fleg.
958 4113 979 4162 l.
999 4113 1097 4172 Serum.
1116 4113 1215 4164 Gcbler.
1226 4116 1363 4166 etlielclm.
1375 4117 1397 4166 l.

177 4182 198 4231 l:
235 4176 415 4228 ltaliietediti
433 4163 757 4244 emellardueiatlswr.
810 4172 909 4229 ἑαυτὸν
925 4175 955 4230 ἐν
972 4171 1052 4246 οὗτοὶ
1089 4174 1321 4233 retonuooetv
1338 4177 1397 4233 lao-

173 4247 265 4298 lhidem
285 4245 372 4308 sept.
392 4246 463 4296 Basil.
484 4255 506 4296 et
525 4247 661 4298 fetetne.
681 4234 715 4308 ἢν
731 4242 761 4298 lv
811 4247 859 4314 τῷ.
897 4250 975 4300 Ceteri
993 4259 1016 4298 et
1034 4249 1090 4300 editi
1107 4243 1206 4299 imin
1222 4244 1315 4316 ἑαυτῷ.

173 4313 214 4381 τῷ
231 4313 322 4428 optet.
358 4313 419 4366 utin
446 4325 516 4380 etque
543 4316 581 4367 alii
609 4308 649 4365 atr
670 4309 700 4367 tr
722 4315 761 4384 aqi
845 4317 861 4368 l.
880 4317 1111 4412 lleg.l.ctSc3utr.
1129 4313 1175 4368 καὶ
1193 4311 1221 4400 οἱ
1238 4315 1295 4437 νέοι
1313 4303 1396 4400 edroi.

174 4395 279 4528 uadosi}
295 4450 399 4502 deletum
419 4458 456 4501 eat
474 4451 496 4502 ln
511 4453 567 4517 lleg.
579 4455 601 4504 l.
811 4385 1113 4506 ppplappapdssptzzplcpgpp
1130 4388 1218 4504 {deff
1235 4401 1397 4520 rppp'pvppsti

209 4533 231 4580 g.
249 4521 289 4570 Sic
308 4521 362 4582 lleg.
383 4519 404 4569 l.
430 4527 453 4570 et
475 4521 574 4584 chuar.
610 4523 637 4572 lu
661 4522 715 4572 aliis
737 4530 761 4572 et
812 4521 903 4586 liegl.
922 4514 965 4572 tu
982 4515 1012 4574 lv
1030 4519 1119 4604 σοφίᾳ
1136 4515 1306 4590 προκόπτειν.
1344 4525 1395 4572 llox

171 4586 244 4636 editis
261 4578 293 4634 ad
313 4589 388 4638 deest.
425 4587 476 4638 llox
501 4589 557 4654 lleg.
578 4589 599 4644 l.
619 4591 761 4655 etSegaer.
812 4591 874 4640 idern
893 4598 916 4640 et
933 4593 1031 4654 Seguer,
1052 4605 1100 4651 την
1114 4585 1220 4656 σοφίαν
1234 4582 1319 4650 αὐτὴν
1327 4603 1394 4655 προ·

173 4647 292 4721 καὶγὰρ
310 4647 325 4702 d
342 4646 539 4720 οὖογγολοοτὴς,
810 4653 928 4708 κόπτειν.
964 4659 989 4708 lu
1015 4659 1069 4709 aliie
1087 4668 1110 4712 et
1128 4658 1198 4708 editio
1215 4648 1393 4714 consectatu.
