3234 5282
589 325 700 370 onemo
715 326 747 371 n.
763 326 879 372 cerrus
893 327 1028 374 uranos.
1345 313 1407 378 tto

180 487 213 544 et
234 476 436 542 tbtmoculoto.
479 473 515 540 lu
536 475 587 539 illu
609 494 681 556 ergo
703 477 866 556 perlectum
889 486 937 540 est
957 477 1112 541 bominum
1134 497 1240 558 genus,
1262 477 1407 562 qualeque
1416 494 1492 542 uus.

181 578 268 642 initio
295 579 405 642 lactum
435 578 532 640 brerat
558 575 605 640 rel
632 576 734 657 potius
760 579 906 658 ompbore
925 597 993 642 ctrm
1013 581 1104 660 matis
1125 581 1297 644 restitutum
1319 590 1408 664 atque

180 688 352 761 reparatum
374 686 430 742 est.
465 677 619 758 Siquidem
637 697 673 742 cr
691 679 819 752 mortuns
836 679 955 742 excitati
972 689 1099 742 mortem
1115 701 1175 744 nnn
1193 683 1319 763 amplins‘
1334 703 1406 764 per-

156 847 162 853 ,
182 781 379 854 timescimus,
397 777 496 842 sedin
508 777 627 841 Christo
643 797 763 862 semper
777 778 808 840 in
825 778 916 841 caelis
933 797 1037 842 sumus
1055 783 1215 860 regnaturi.
1239 785 1325 856 Quod
1337 785 1406 848 ideo

181 882 404 963 consequimur,
427 879 507 960 qnod
522 879 620 959 ipsum
635 879 689 941 liei
704 878 833 942 Verbum
847 879 1004 960 proprium
1018 888 1107 960 atquo
1122 899 1156 943 cx
1171 881 1258 946 Patre
1274 886 1405 964 genitum
1483 949 1487 958 ,

180 1001 301 1046 earnem
313 981 409 1045 induit
420 984 574 1060 tactusque
585 981 676 1042 bomo
690 987 747 1042 est
770 980 843 1042 Nam
859 980 886 1044 si
901 987 1029 1044 meatem
1042 999 1109 1044 cum
1124 981 1248 1044 baberet
1262 992 1406 1060 naturam,

179 1085 274 1148 nnus
296 1091 402 1165 postea
423 1083 531 1148 inisset
550 1081 654 1155 bomo,
676 1079 755 1142 idem
776 1082 911 1162 proiecto
933 1083 1014 1162 quod
1029 1091 1114 1146 antea
1130 1084 1293 1146 mansisset
1307 1085 1406 1148 bomi-

177 1203 252 1272 num
274 1203 384 1266 genus,
412 1201 509 1264 neque
530 1201 596 1246 uun
618 1181 680 1244 lieo
703 1182 893 1246 coniunctum
914 1183 1032 1246 luisset.
1076 1183 1136 1258 Qut
1158 1185 1239 1247 enim
1259 1205 1311 1248 res
1333 1186 1406 1249 tecta

178 1304 235 1368 per
255 1305 319 1349 rem
340 1287 445 1348 lactum
467 1303 534 1348 cnm
556 1283 695 1346 creatore
717 1283 856 1364 coniungi
877 1283 1005 1364 posset?
1025 1285 1083 1348 Aut
1105 1285 1175 1366 qnid
1198 1285 1298 1348 auxilii
1320 1287 1407 1350 simi-

181 1385 260 1450 libus
281 1396 389 1469 posset
410 1373 473 1448 dari
495 1404 513 1446 a
534 1383 693 1460 similibus,
716 1392 782 1446 cum
804 1385 870 1466 ipsa
893 1385 998 1448 endem
1020 1386 1127 1450 auxilio
1149 1387 1324 1468 indigeant?
1347 1363 1411 1463 Qui

178 1507 267 1564 vero,
298 1490 326 1552 si
353 1487 482 1551 Verbum
510 1505 561 1548 res
589 1495 686 1548 cresto
716 1493 814 1559 esset,
847 1495 953 1566 posset
978 1485 1032 1547 liei
1064 1488 1240 1550 senentiam
1261 1488 1407 1570 abrogare

177 1599 392 1672 peccatumque
420 1588 585 1662 dimittere,
616 1605 683 1650 cnm
711 1588 770 1650 boc
791 1586 845 1648 liei
865 1586 1021 1668 proprium
1043 1607 1110 1652 esse
1130 1590 1307 1671 scripserint
1327 1591 1403 1654 l'ro-

178 1689 308 1774 pbctse‘i
330 1691 404 1752 Nam
422 1690 498 1764 Quis
514 1688 598 1753 Deos
620 1689 728 1751 sriuilis
751 1693 805 1760 tui,
828 1693 882 1772 qui
901 1691 1011 1770 aufers
1029 1700 1155 1772 percote
1170 1701 1199 1754 et
1215 1693 1405 1758 transcendis

179 1789 380 1875 iniquitates?
413 1786 566 1871 Siquidem
587 1788 668 1852 Deus
691 1789 778 1852 dixit:
814 1789 909 1854 Terre
931 1809 962 1854 er
984 1800 1013 1854 et
1034 1795 1066 1854 ia
1089 1802 1207 1854 terrum
1227 1797 1406 1870 reverteris,

179 1911 274 1974 eoque
296 1910 384 1954 causo
406 1899 463 1966 est,
485 1909 538 1954 cnr
558 1891 695 1954 homines
717 1891 786 1954 lecti
808 1890 948 1954 mortales
970 1891 1091 1956 luerint.
1137 1892 1295 1966 Quomodo
1317 1892 1406 1972 igitur

176 2003 332 2078 peccatum
353 1999 481 2074 possent
501 2011 551 2055 res
573 1994 667 2056 lactes
688 1991 830 2054 solvere?
859 1992 966 2055 Verum
988 1993 1056 2073 ipse
1077 1993 1167 2057 solvit
1187 1993 1349 2069 Dominus,
1372 2003 1407 2058 ut

178 2093 258 2160 idem
286 2096 351 2175 ipse
379 2094 435 2157 ait:
470 2092 540 2157 Nisi
566 2093 663 2157 Filius
690 2112 745 2157 coa
777 2093 971 2164 liberaverit,
1005 2112 1130 2175 vereque
1160 2096 1292 2159 ostendit
1312 2095 1404 2160 Filius

175 2197 319 2261 liberator
340 2215 451 2261 senec
472 2203 602 2258 creatum
630 2214 686 2258 nec
712 2196 821 2258 luctum
851 2213 936 2269 esse,
970 2194 1023 2256 sod
1056 2207 1179 2260 naturae
1205 2197 1317 2272 Patris,
1351 2197 1403 2280 qni

178 2299 355 2364 sententium
376 2299 456 2361 illam
477 2298 563 2360 initio
593 2297 701 2360 tulerat
729 2296 873 2376 solusque
900 2303 1018 2377 peccata
1051 2298 1214 2374 condonat,
1247 2299 1403 2379 proprium

179 2421 248 2467 esse
270 2402 399 2466 Verbum
423 2409 453 2463 et
474 2400 643 2480 imaginem.
688 2397 762 2460 Cum
780 2397 858 2460 enim
880 2397 911 2461 in
926 2397 1023 2461 Verbo
1044 2400 1155 2462 dietum
1176 2402 1283 2464 luerit:
1307 2400 1404 2462 Terra

177 2523 207 2567 es
230 2514 257 2567 rt
279 2508 452 2586 interrant
474 2505 650 2570 reverteris,
671 2497 755 2560 valde
777 2507 974 2579 congruenter
994 2519 1049 2581 per
1068 2501 1147 2564 idem
1162 2501 1260 2581 ipsum
1274 2500 1404 2596 Verbum

178 2612 264 2682 etque
285 2605 315 2666 in
337 2605 405 2683 ipso
427 2601 549 2664 libertas
573 2607 603 2661 et
624 2599 733 2662 solutio
755 2601 951 2666 damnationis
973 2603 1048 2666 iactu
1070 2611 1128 2666 est.

265 2802 316 2868 68.
359 2800 455 2882 Atqui,
477 2800 623 2882 inquiunt,
646 2801 761 2866 etiamsi
783 2803 918 2866 Salvator
939 2811 1056 2866 creatus
1079 2811 1171 2894 esset,
1193 2798 1405 2882 poteratlln

178 2904 382 2966 tantummodo
412 2903 510 2965 dicere
538 2910 624 2982 atque
653 2904 693 2966 ita
715 2905 831 2968 solvere
852 2905 1101 2968 maledictionem.
1145 2903 1183 2964 llt
1203 2901 1293 2964 simili
1310 2899 1404 2964 medo

176 3002 255 3084 ipsis
282 3004 321 3067 ita
350 3003 466 3086 occurri
493 3003 606 3084 possit:
638 3005 733 3068 Etiam
761 3005 827 3068 sine
853 3005 916 3068 ullo
945 3003 1009 3068 cius
1040 3004 1165 3066 adventu
1185 3011 1302 3084 poterat
1321 3001 1488 3071 benencas.

175 3105 379 3168 tantummodo
401 3105 500 3166 dicere
521 3112 609 3184 atque
630 3105 670 3167 ita
692 3107 809 3168 solvere
830 3103 1078 3168 maledictionem.
1121 3104 1231 3166 Verum
1252 3104 1404 3168 attendere

176 3215 312 3288 oportet,
335 3205 468 3286 quidsit
488 3205 659 3269 bominibus
681 3206 771 3280 utile,
793 3224 856 3268 non
878 3212 976 3268 summ
998 3205 1068 3286 quid
1091 3207 1121 3269 in
1144 3205 1283 3270 omnibus
1304 3207 1404 3288 possit
1507 3213 1514 3227 '

174 3307 265 3372 Dens.
309 3308 442 3388 Namque
465 3307 553 3370 etiam
576 3315 643 3370 ante
664 3307 730 3370 Noe
752 3325 850 3370 arcam
872 3307 1019 3382 homines,
1042 3308 1093 3390 qni
1114 3317 1320 3390 peccaverant,
1341 3327 1400 3389 po-

174 3409 461 3484 terat-interimer03
489 3419 587 3472 tamen
610 3409 639 3470 id
662 3410 784 3472 nonnisi
806 3417 878 3490 post
898 3427 995 3472 arcam
1017 3410 1094 3472 lecit.
1138 3411 1259 3473 Poterat
1281 3427 1401 3491 quoque

173 3510 286 3591 absque
307 3511 407 3592 blopse
428 3509 617 3574 solummodo
641 3510 740 3574 dicere
760 3511 965 3592 populumque
987 3511 1113 3574 educere
1135 3530 1170 3574 ex
1191 3513 1341 3592 Aegypto,
1371 3519 1402 3574 at
1452 3527 1455 3534 ·

172 3611 202 3674 id
222 3631 278 3692 per
303 3613 435 3694 bloysem
463 3611 528 3674 lieri
560 3613 765 3676 conveniebat.
809 3613 931 3676 Poterat
962 3612 1032 3676 item
1060 3613 1152 3690 Deus·
1168 3613 1311 3694 populum
1333 3613 1402 3684 sine

171 3711 319 3776 iudicibus
351 3733 544 3792 conservare3
578 3733 681 3776 rerum
711 3733 728 3776 e
755 3732 789 3776 re
820 3714 923 3795 populi
956 3723 1019 3776 mat
1046 3716 1160 3778 iudices
1187 3733 1243 3794 pro
1266 3722 1399 3794 tempore

170 3813 292 3880 babere.
327 3816 406 3890 Quin
429 3817 518 3878 etiam
539 3815 605 3896 ipse
621 3815 756 3877 Salvator
775 3823 891 3896 poterat
912 3816 949 3879 ab
972 3815 1057 3878 initio
1080 3815 1229 3890 advenire,
1251 3815 1297 3878 rel
1310 3824 1398 3896 post-

204 4002 229 4052 d.
246 4000 386 4054 11111111.
405 4010 428 4052 et
445 4000 647 4052 aditiossommel.
666 3985 701 4062 ἦν
716 3991 759 4049 lc'-
808 3994 868 4056 υἱὸς
885 3995 899 4048 1
917 3993 1115 4068 ἐλευθερώσας,
1143 3991 1187 4050 dre
1204 3993 1253 4051 odor
1269 3994 1330 4051 ἔστι
1345 4001 1400 4051 sri-

168 4083 226 4134 ννς.
261 4071 306 4120 ant
324 4083 383 4122 mss.
401 4056 435 4129 ἦν
452 4061 466 4116 t
484 4062 573 4134 λόγον.
809 4080 875 4135 αμα.
909 4071 970 4121 turc.
988 4071 1094 4121 notrum.
1112 4071 1136 4121 c.
1153 4067 1302 4135 γεννητῶν.

203 4154 225 4188 s.
243 4139 343 4200 Segner.
362 4147 385 4189 et
403 4139 459 4200 lteg.
477 4131 677 4205 γεγραμμένον.
842 4138 865 4186 b.
885 4139 984 4202 Segner·
1001 4148 1024 4190 et
1036 4138 1140 4188 l'elelm.
1151 4139 1176 4189 1.
1193 4133 1276 4192 idest.
1312 4137 1356 4189 1111
1375 4145 1399 4187 et

201 4207 220 4256 l.
243 4207 343 4268 Sogner.
368 4214 391 4256 et
407 4205 465 4268 lteg.
483 4205 542 4260 uois
557 4199 659 4256 τοίνυν.
689 4203 756 4256 Editi
807 4205 864 4256 editi
880 4197 1023 4276 λύτρωσις.

167 4270 227 4328 nois
241 4267 306 4342 γάρ.
841 4273 856 4323 i.
882 4275 1022 4337 Seguerisn.
1039 4267 1100 4322 iuri
1123 4281 1147 4324 et
1170 4274 1259 4324 ibidem
1277 4265 1331 4338 πρὸ
1350 4269 1398 4332 τῆς

201 4343 338 4406 g.choer.
357 4351 381 4393 et
398 4342 540 4395 l'slelm.l.
558 4333 637 4408 ἡμᾶς.
664 4341 755 4394 lbidem
797 4339 871 4390 ,Νῶε
897 4340 1037 4405 raqdorrod.¹
1061 4339 1107 4391 1111
1132 4349 1157 4391 at
1179 4341 1237 4392 editi
1259 4333 1352 4400 ἐπειδή
1375 4345 1399 4389 et

169 4407 268 4471 Segner.
287 4411 344 4473 lleg.
363 4412 460 4468 Gobler.
478 4411 585 4462 Felobm.
607 4411 629 4460 l.
646 4409 672 4459 1.
690 4417 713 4459 et
731 4409 755 4459 b.
806 4403 862 4474 πρὸ
881 4407 929 4470 τῆς
944 4405 1071 4474 κιβωτοῦ.

167 4465 277 4537 ibone
295 4469 310 4524 d
327 4471 385 4532 cido
403 4471 417 4526 d
435 4471 634 4544 ἐλευθερώσας,
654 4469 691 4530 cic
708 4468 756 4525 obst
843 4477 865 4524 1.
884 4480 983 4538 Seguer.
1001 4475 1075 4526 basil.
1089 4471 1398 4526 conlocabuntur.

162 4531 226 4595 ἔστι
247 4546 357 4613 κτίσμα.
391 4547 437 4599 1111
460 4555 483 4600 et
507 4547 564 4598 editt
588 4537 698 4604 tutor
722 4535 758 4596 oc
797 4541 866 4596 ,τοῖς
882 4539 965 4598 λαοῖς.
1000 4544 1046 4594 llil
1064 4549 1089 4594 et
1105 4543 1163 4592 editi
1180 4539 1239 4594 sois
1255 4531 1351 4591 tuoe.
