3258 5276
578 385 685 432 omero
702 385 734 430 n.
751 383 867 432 correo
882 387 1017 432 munos.
1093 339 1109 390 Ι
1335 371 1399 436 297

165 549 240 615 etos,
264 539 317 600 sed
338 537 418 619 quad
440 555 507 600 cum
530 535 667 598 scribsi
690 536 732 598 sit
751 533 854 612 Filius,
881 537 978 600 tidelis
1000 537 1065 616 ipse
1087 555 1205 620 quoqne
1228 547 1284 614 est,
1309 537 1484 618 eiquerms.

167 644 198 706 in
219 640 377 712 omnibus,
400 657 476 719 quae
497 637 607 699 dixerit
627 635 776 709 feceritve,
798 637 872 700 tides
895 647 943 700 est
964 637 1138 700 adhibenda.
1180 639 1314 720 Namque
1337 640 1396 703 im·

168 741 318 806 motabilis
339 746 493 821 permanet
514 757 571 800 nec
592 737 623 799 in
646 757 700 799 sua
729 737 857 800 bumana
885 737 1141 800 administratione
1169 747 1219 800 aut
1249 759 1396 820 corporeo

166 844 292 907 adventu
313 841 400 904 ullam
422 839 515 902 subiit
536 839 740 900 mutationem.

250 947 282 1006 7.
327 943 377 1004 Sic
404 959 476 1019 ergo
498 937 615 1001 retundi
638 945 738 1018 potest
759 937 878 1006 illorum
900 935 1101 1016 impudentia,
1130 937 1254 1016 solaque
1281 957 1317 1000 ex
1343 940 1399 1003 hac

166 1044 297 1108 dictione
317 1044 391 1123 fecit
413 1047 548 1102 errantes
571 1058 625 1101 eos
648 1039 885 1118 arbitrantcsque
906 1037 960 1100 Ilei
982 1037 1110 1100 Verbum
1133 1039 1240 1100 lactum
1264 1057 1334 1100 esse
1351 1040 1397 1102 la-

166 1146 307 1209 cillianum
331 1152 377 1206 est
398 1141 543 1204 refellere.
589 1141 778 1220 Quapropter
807 1158 873 1201 cum
901 1147 1001 1203 rectus
1029 1139 1069 1202 sit
1097 1138 1217 1202 illorum
1239 1140 1398 1203 verborum

167 1265 292 1318 sensns,
324 1252 498 1324 constetque
520 1261 555 1304 ex
579 1261 633 1314 eo,
656 1241 843 1321 quandonam
866 1241 955 1302 etad
976 1240 1126 1321 quidrox
1146 1243 1221 1322 [ecit
1241 1242 1399 1318 celeratur,

167 1365 292 1409 necesse
315 1350 367 1406 'est
396 1363 432 1406 ex
452 1363 487 1406 ea
508 1344 574 1424 ipsa
597 1341 812 1404 haereticorum
835 1341 994 1403 ostendere
1023 1341 1239 1425 stupiditatem,
1273 1343 1486 1406 maximat-us.

167 1449 204 1520 si,
227 1456 261 1510 ut
282 1455 368 1508 antea
391 1445 528 1517 diximus,
551 1443 587 1505 ad
610 1443 673 1506 cius
696 1451 812 1521 ternpus
835 1450 864 1504 et
885 1461 973 1505 nsum
991 1441 1213 1506 attenderimus
1236 1439 1323 1506 uon
1338 1445 1397 1528 ipi-

165 1557 215 1611 tur
235 1566 303 1610 cum
326 1548 399 1610 baec
419 1546 532 1610 diecret
552 1543 728 1624 Apostolus,
758 1544 795 1606 de
817 1543 882 1618 bis,
910 1562 986 1623 quae
1008 1551 1076 1606 ante
1097 1545 1277 1609 creationem
1299 1558 1395 1623 erant,

166 1649 256 1712 rerba
279 1648 413 1719 iaciebat,
436 1647 488 1710 sed
512 1646 549 1706 de
571 1647 618 1708 bis
641 1645 791 1718 duntaxat,
814 1664 889 1725 quae
905 1645 1033 1710 Verbum
1055 1661 1173 1708 carnem
1195 1649 1302 1710 lactum
1323 1667 1397 1730 spe·

167 1759 299 1821 ctarem3
321 1748 366 1810 sic
388 1747 465 1809 enim
489 1746 633 1824 scriptum
655 1754 716 1808 est:
742 1745 834 1818 Unde,
858 1749 978 1826 scotres
1000 1752 1114 1818 eoacti,
1137 1753 1306 1813 eocottosis
1328 1769 1398 1812 coe·

171 1849 257 1911 lestis
285 1853 469 1929 participes,
503 1846 693 1910 considerate
725 1846 895 1928 apostolum
929 1860 959 1910 et
988 1835 1163 1932 pontificem
1196 1849 1397 1928 consessionis

170 1959 296 2012 nostroe
319 1949 440 2024 lesum,
463 1952 516 2029 qai
533 1947 632 2028 fidelis
655 1959 701 2010 est
721 1951 757 2020 ei,
780 1951 834 2028 qui
853 1950 926 2029 [ecit
947 1948 1045 2012 illusa.
1090 1949 1287 2023 Quandonam
1308 1949 1400 2030 igitur

170 2049 280 2112 missus
303 2057 360 2122 cst,
383 2059 433 2112 aut
454 2049 639 2129 quandonam
663 2057 796 2110 nostram
820 2049 916 2112 induit
937 2050 1079 2114 earnem?
1124 2050 1319 2124 Quandooam
1338 2070 1397 2114 no·

170 2159 251 2214 strae
280 2151 477 2214 corilessionis
509 2151 642 2231 pontifex
664 2159 710 2212 est
731 2149 851 2213 lactus?
893 2150 1000 2213 Nonne
1029 2159 1114 2226 tunc,
1145 2171 1212 2216 urm
1239 2161 1398 2236 postquam

167 2271 223 2334 pro
245 2253 334 2314 nobis
357 2273 391 2316 se
414 2255 478 2334 ipse
500 2253 670 2326 obtulisset,
692 2269 802 2331 corpus
818 2252 954 2315 excitarit
973 2271 1008 2314 ea
1021 2253 1158 2328 mortuis,
1181 2273 1316 2335 nuncque
1332 2273 1397 2332 eos,

167 2353 218 2434 qui
240 2353 336 2434 ipsios
359 2356 575 2436 amplectuntur
588 2354 689 2426 belem,
710 2352 831 2414 adducit
846 2361 876 2414 et
891 2355 979 2416 offert
992 2354 1081 2428 Patri,
1106 2373 1211 2418 omnes
1233 2357 1397 2430 redimens,

167 2463 196 2518 et
226 2473 281 2536 pro
310 2456 450 2518 omnibns
480 2457 542 2517 llen
572 2453 760 2516 satisfaciens
789 2472 914 2534 cumque
942 2456 1105 2536 propitium
1135 2454 1287 2518 reddens?
1330 2456 1398 2518 Non

168 2555 266 2637 itaque
287 2557 451 2637 Apostolus
480 2553 568 2617 Verbi
597 2563 731 2614 naturam
759 2553 805 2616 rel
830 2556 993 2618 naturalem
1022 2557 1088 2618 eius
1118 2575 1152 2617 es
1181 2557 1268 2618 Patre
1300 2561 1401 2618 ortum

166 2655 216 2715 bis
237 2657 422 2741 significabat
442 2655 583 2718 vocibus:
610 2654 673 2726 Qui
691 2654 790 2734 fidelis
812 2669 858 2720 est
879 2661 909 2720 es·
930 2661 983 2738 qui
1002 2658 1077 2736 [ecit
1097 2656 1203 2729 illum3
1231 2655 1324 2728 obsit,
1354 2654 1399 2715 si-

170 2754 289 2832 quidem
311 2755 454 2826 alliciens,
476 2773 535 2815 non
559 2755 695 2816 ellectum
717 2764 764 2818 est
785 2757 933 2830 Verbum3
961 2756 1016 2818 sed
1039 2755 1103 2818 eius
1125 2756 1163 2816 ad
1184 2755 1323 2816 homines
1345 2751 1401 2814 ad·
1439 2821 1443 2830 Ι

168 2862 290 2938 rentum
312 2863 343 2914 et
363 2856 471 2916 lactum
492 2855 691 2934 pontificatum
714 2856 871 2930 indicabat,
894 2865 928 2918 ut
948 2856 1073 2934 exlegis
1090 2855 1261 2916 ctbaronis
1276 2852 1402 2916 historia

113 3015 120 3030 ,
166 2951 238 3016 lieet
264 2954 446 3033 perspicere.
494 2955 556 3021 Nec
581 2955 660 3018 enirn
687 2958 786 3018 Aaron
814 2956 947 3035 pontifex
979 2955 1097 3034 genitus
1121 2961 1182 3026 est,
1216 2954 1270 3015 sed
1297 2955 1402 3028 bomo,

167 3055 218 3134 qui
242 3063 360 3133 postea,
390 3073 456 3116 curn
479 3054 540 3117 lieo
562 3055 686 3134 placuit,
714 3059 808 3118 lactus
837 3056 1056 3134 estpontile13
1086 3055 1166 3133 quod
1199 3053 1317 3134 quidem
1339 3071 1402 3117 non

170 3155 276 3235 quovis
298 3156 388 3218 modo
410 3167 506 3218 actum
529 3165 592 3230 est,
615 3175 671 3218 nec
692 3157 741 3219 ille
763 3155 917 3218 consuetis
939 3173 975 3217 ex
995 3155 1181 3218 vestimentis
1203 3155 1334 3235 pontilsx
1356 3163 1401 3218 est

143 3234 303 3336 ‘agnitum
326 3257 378 3318 sed
401 3258 587 3344 epomidem,
609 3259 753 3338 poderem
777 3265 807 3318 et
828 3255 972 3318 rationale
993 3255 1104 3328 induit,
1128 3275 1201 3337 quas
1223 3263 1320 3320 vestm
1343 3255 1398 3320 uei

166 3357 253 3420 iussu
275 3367 442 3420 terruerant
464 3359 615 3428 mulieres,
646 3359 753 3438 quibus
776 3358 827 3420 ille
848 3357 969 3420 indutus
992 3357 1021 3418 in
1045 3365 1145 3420 sanem
1166 3359 1398 3439 ingrediebatur,

165 3465 199 3520 nt
219 3459 396 3521 sacriticium
419 3479 475 3540 pro
497 3460 608 3540 populo
631 3461 761 3532 ollerret,
784 3479 819 3521 ao
834 3457 922 3521 veluti
938 3459 1054 3522 medius
1070 3460 1305 3523 constituebatur
1319 3461 1399 3522 inter

167 3557 387 3622 paternionem
410 3569 440 3622 et
459 3561 614 3622 bominum
637 3561 788 3624 sacrilioia.
833 3560 884 3623 Sic
905 3559 994 3640 igitur
1014 3561 1081 3641 ipse
1110 3581 1228 3642 quoque
1250 3561 1397 3624 Dominus

165 3661 201 3720 ia
222 3665 376 3742 principio
404 3661 524 3741 quidem
552 3672 622 3727 erot
653 3663 791 3734 Verbum,
821 3671 850 3726 et
881 3661 1008 3727 Verbum
1028 3672 1098 3726 erat
1119 3663 1202 3743 opud
1224 3662 1337 3736 Deum,
1368 3671 1400 3726 et

202 3977 220 4026 l.
249 3977 290 4026 Sic
312 3979 414 4038 Soqner.
438 3977 538 4028 Gobler.
562 3985 586 4026 et
608 3977 714 4027 Velrkm.
735 3977 758 4027 1.
810 3987 862 4027 σιν.
898 3978 990 4027 ibidem
1008 3977 1106 4028 Gobler.
1125 3985 1149 4027 et
1159 3972 1400 4049 Felckm.l.tlpr1²te

168 4051 192 4093 et
208 4043 341 4108 Scriptura.
376 4046 421 4096 atti
446 4059 501 4096 raro
526 4052 550 4093 et
567 4045 625 4094 edati
643 4035 761 4110 ἀδελφοί
811 4037 896 4093 odaia
913 4038 1014 4092 πιστὸν
1030 4035 1162 4110 ὄπυιε.

166 4124 230 4178 μου.
846 4113 867 4163 l.
887 4113 944 4173 lisq.
963 4121 987 4163 et
1005 4112 1107 4162 Felelm.
1120 4115 1143 4164 5.
1160 4107 1207 4161 sal
1224 4113 1272 4174 τῆς
1285 4105 1400 4181 Ἀαρών.

202 4190 225 4240 g.
249 4179 336 4239 uestes
366 4187 390 4229 et
419 4179 574 4230 Felolrroanni
592 4178 616 4229 5.
647 4179 759 4230 omittant
810 4180 863 4230 llos
881 4181 938 4242 lisa.
956 4181 1048 4243 dnqtio.
1066 4189 1090 4231 et
1108 4181 1213 4232 Velelrn.
1231 4183 1255 4233 d.
1273 4179 1401 4248 γεγέννη-

166 4235 279 4304 Ὶησοῦν.
810 4260 863 4298 ται.
899 4249 943 4298 atti
963 4257 986 4299 et
1003 4250 1060 4300 editi
1077 4245 1230 4314 γεγένηται.

203 4316 226 4362 a.
245 4314 385 4363 cerauno.
404 4305 487 4380 αὐτῷ.
533 4315 593 4365 lbid.
619 4315 757 4366 tetelmt.
845 4316 861 4366 l.
885 4317 926 4366 Sic
943 4317 1044 4380 Sequor.
1062 4317 1136 4370 basil.
1153 4318 1246 4380 Anglio.
1260 4318 1317 4381 llas.
1329 4319 1400 4371 Gobl.

168 4376 317 4446 nporqtpss
334 4379 373 4446 aqi
389 4376 525 4447 πνεύματι
541 4375 587 4430 καὶ
603 4377 697 4451 πατρῖ.
810 4383 1018 4436 Felelm.l.etb.
1053 4385 1132 4436 Ceteri
1147 4399 1202 4434 rero
1215 4393 1240 4434 et
1251 4385 1309 4436 editi
1325 4377 1402 4436 inar-

203 4450 218 4495 i.
242 4449 283 4497 sie
301 4453 394 4512 separer
421 4453 513 4504 Gobter
538 4452 632 4500 feletem
658 4449 759 4512 l.et4.,
810 4443 983 4518 dooadpsros.
1019 4451 1110 4502 lbidero
1135 4451 1276 4513 Seguntiae.
1301 4453 1402 4503 Gobler.

169 4515 212 4561 aad
229 4515 254 4563 io
270 4517 324 4565 solo
343 4521 442 4574 sepner.
464 4519 559 4568 additur
574 4519 690 4569 articulus
701 4515 758 4568 τοῦ.
810 4519 915 4569 l'elclsm.
937 4521 958 4569 l.
978 4526 1001 4568 et
1018 4519 1043 4568 4.
1061 4513 1113 4578 cira
1128 4511 1265 4584 inoptata,
1283 4511 1335 4568 τὸν
1350 4529 1400 4568 rto·

169 4577 217 4630 atti
233 4591 258 4630 et
273 4586 331 4636 edita
349 4579 401 4646 τὴν
416 4579 446 4635 la
453 4579 559 4652 πατρὸς
570 4577 654 4652 peiore
663 4581 759 4652 ysara·
810 4579 889 4651 daipu,
908 4579 941 4635 ab
958 4577 1062 4650 λόγων.
