3250 5292
1025 313 1030 340 l

575 381 684 426 omrro
698 383 742 428 ur.
758 383 873 429 coortu
887 385 1023 430 minos.
1322 375 1408 440 '483
1510 399 1518 414 ·

180 553 238 598 neo
258 552 351 598 ausus
373 541 422 594 est
442 531 557 594 dicere:
580 531 643 612 ligo
664 544 693 594 et
715 533 924 598 Paternacum
946 555 1061 612 summ,
1083 537 1143 599 rel:
1177 538 1240 620 ligo
1262 543 1295 604 io
1317 541 1495 606 Patronem.

181 648 210 700 er
231 636 325 700 Pater
346 639 379 699 ic
399 651 446 696 aaa
475 644 537 708 ως
565 633 619 694 sed
648 633 783 696 omnium
804 635 923 713 quidem
944 637 1065 698 nomine
1094 638 1203 700 dictum
1232 649 1294 710 est:
1331 643 1408 716 Quia

147 767 150 772 ·
179 736 289 800 similis
312 739 360 798 tui
378 738 412 798 iu
435 735 508 807 diis,
537 731 691 796 Domina?
723 741 768 810 et:
809 735 886 808 Quis
915 735 1023 797 similis
1049 741 1109 798 erit
1130 739 1259 804 Domino
1280 747 1314 804 r'a
1334 743 1409 824 filiis

180 835 262 900 uei?
296 835 345 898 ille
377 843 475 900 autem
510 834 594 896 solus
626 853 695 896 nera
724 843 753 896 et
781 834 924 906 naturalis
958 836 1054 916 imago
1082 837 1179 899 Patris
1202 859 1269 904 ease
1290 843 1408 904 dicitur.

181 937 255 1000 llam
276 937 395 1000 temetsi
422 936 459 1000 ad
486 937 645 1016 imaginem
672 953 791 1016 qnoque
820 936 872 997 Dei
900 920 969 998 lacti
996 937 1105 1000 luimus
1128 939 1239 1020 Deique
1260 941 1356 1022 imago
1379 953 1409 1006 et

179 1039 275 1118 gloria
297 1039 494 1120 appellamur,
517 1047 629 1100 alnon
652 1037 748 1100 nostri
771 1057 859 1100 causa
882 1038 1054 1100 huiusmodi
1076 1059 1185 1102 nomen
1208 1060 1311 1104 sumus
1333 1061 1407 1106 con-

168 1141 293 1215 secuti,
327 1141 381 1203 sed
412 1148 535 1220 propter
566 1138 780 1200 inhabitantem
811 1141 841 1200 in
871 1139 960 1201 nobis
989 1139 1148 1219 imaginem
1177 1160 1333 1222 veramque
1355 1143 1408 1204 Dei

183 1240 323 1318 gloriam,
356 1259 429 1320 quae
457 1241 522 1304 eius
552 1240 680 1304 Verbum
710 1249 774 1313 est,
807 1240 887 1320 quod
914 1249 1037 1320 propter
1064 1260 1121 1302 nos
1144 1261 1213 1304 caro
1235 1250 1340 1323 postea
1362 1227 1409 1304 ¹nst

181 1343 300 1404 lactum.

270 1423 318 1508 ll.
363 1444 436 1506 Cum
460 1443 549 1522 igitur
571 1461 607 1504 ex
629 1442 676 1504 his
698 1440 858 1503 dilucidum
881 1440 929 1514 sit,
953 1442 1028 1503 adeo
1049 1441 1179 1523 ineptam
1198 1453 1227 1506 et
1248 1445 1408 1508 absurdam

176 1563 248 1608 esse
269 1544 390 1607 illorum
413 1545 601 1616 sententiam,
624 1552 705 1605 certe
727 1541 890 1604 similitudo
912 1542 961 1604 illa
977 1551 1006 1604 et
1021 1544 1118 1606 unitas
1133 1543 1170 1605 ad
1185 1543 1250 1606 Filii
1273 1555 1408 1608 naturam

176 1655 228 1706 est
254 1643 429 1708 necessario
458 1644 623 1705 referenda.
667 1644 740 1722 Nisi·
760 1643 839 1704 enim
867 1642 907 1704 ita
935 1642 1129 1722 intelligatur,
1151 1645 1225 1707 nihil
1246 1641 1295 1708 ille
1316 1665 1407 1726 supra

180 1764 231 1806 res
253 1747 344 1807 lactas
366 1744 522 1806 habiturus
545 1753 603 1817 est,
625 1745 666 1806 uti
689 1744 828 1818 diximus,
852 1763 948 1824 neque
965 1745 1063 1807 Patris
1085 1748 1202 1809 futurus
1224 1747 1405 1823 estsimilis,

180 1846 235 1908 sed
256 1845 353 1908 Patris
376 1846 546 1923 dogmatum
568 1845 724 1916 duntaxat;
755 1843 815 1905 imo
844 1844 880 1906 alr
910 1845 976 1926 ipsu
998 1846 1085 1908 Patre
1107 1847 1239 1920 dilleret,
1268 1849 1397 1928 quando·

179 1947 301 2026 quidem
323 1947 413 2008 Pater
435 1956 480 2008 est
505 1957 605 2025 pater,
639 1945 776 2024 dogmata
804 1954 902 2008 autem
925 1955 955 2008 et
976 1947 1109 2010 doctriua
1131 1949 1229 2010 Patris
1253 1960 1330 2012 snrrt.
1375 1949 1407 2012 Si

181 2048 273 2128 igitur
293 2048 387 2110 Filius
410 2047 573 2110 secuudum
597 2048 732 2127 dogmata
756 2056 786 2108 et
806 2048 971 2110 doctrinam
993 2048 1073 2110 Patri
1102 2058 1149 2112 est
1176 2051 1299 2124 similis,
1331 2070 1405 2132 pro-

180 2152 258 2212 iecte
281 2169 317 2212 ex
339 2150 458 2210 illorum
481 2148 626 2212 sententia
650 2149 736 2210 Pater
758 2149 824 2211 solo
856 2149 977 2210 nomine
1004 2147 1089 2228 patei·
1115 2151 1233 2212 tuturus
1261 2162 1322 2226 est,
1352 2171 1409 2214 noc

177 2251 272 2314 Filius
295 2247 443 2313 simillima
465 2250 530 2312 eius
544 2251 643 2330 imago
658 2250 731 2320 erit;
752 2250 814 2311 imo
831 2249 938 2312 nullam
954 2250 1040 2330 plane
1056 2252 1277 2330 proprietatem,
1300 2251 1410 2314 nullam

178 2353 277 2414 Patris
299 2352 524 2414 similitudinem
546 2351 656 2414 habere
680 2351 836 2417 videbitur.
875 2352 958 2423 Quae
980 2351 1060 2412 enim
1082 2351 1244 2414 similitudo
1267 2352 1311 2414 val
1333 2372 1409 2432 quae

176 2456 345 2534 proprietas
367 2453 464 2516 Patris
487 2453 518 2514 in
540 2452 591 2514 illo
614 2471 684 2514 esse
699 2461 808 2532 potest,
831 2451 882 2532 qui
897 2452 1033 2513 diversus
1050 2462 1096 2514 est
1111 2471 1127 2512 a
1142 2451 1253 2515 Patre?
1275 2453 1408 2534 Namque

178 2545 287 2616 Paulus
309 2557 385 2634 ipse,
408 2555 458 2634 qui
481 2555 634 2617 doctrinae
651 2553 813 2615 Salvatoris
837 2553 1001 2614 consimilia
1025 2554 1160 2630 docebat,
1182 2553 1288 2616 similis
1311 2555 1407 2618 eidem

178 2657 285 2714 namra
306 2673 368 2714 nou
390 2655 455 2718 luit.
498 2655 605 2716 Errant
626 2653 725 2733 igitur,
748 2653 798 2733 qni
821 2633 870 2714 ita'
889 2655 1038 2728 sentiunt,
1068 2673 1196 2734 veraque
1224 2674 1315 2717 unum
1337 2665 1408 2718 sunt

180 2753 274 2814 Filius
304 2761 333 2814 et
359 2753 463 2826 Pater,
497 2755 742 2832 quemadmodum
776 2773 867 2834 supra
900 2755 1012 2816 dictum
1041 2762 1102 2828 est,
1135 2763 1222 2834 atque
1249 2755 1288 2817 ita
1315 2756 1407 2819 Filius

179 2853 278 2914 Patris
301 2861 349 2914 est
369 2853 475 2914 similis
498 2861 528 2914 et
549 2873 584 2916 ex
600 2856 665 2934 ipso
681 2855 768 2916 Patre
783 2855 912 2934 genitus,
936 2855 1051 2934 qualem
1067 2854 1203 2918 videlicet
1217 2855 1406 2936 intelligimus
1473 2929 1478 2940 ‚

176 2964 210 3016 et
233 2954 383 3016 cernimus
411 2954 502 3015 filium
530 2973 564 3016 se
590 2955 699 3016 habere
721 2975 790 3034 erga
812 2966 925 3035 patrem
948 2965 978 3016 et
1000 2955 1189 3036 splendorem
1212 2975 1280 3034 erga
1302 2957 1406 3018 solem.

179 3055 257 3128 Quia
281 3055 359 3117 enim
381 3055 440 3117 hoc
460 3055 550 3118 modo
572 3075 605 3116 se
627 3055 715 3118 habet
736 3057 845 3130 Filius,
873 3057 983 3118 idcirco
1012 3076 1078 3118 cum
1101 3058 1161 3136 agit
1181 3057 1290 3129 Filius,
1318 3057 1407 3118 Pater

178 3158 319 3220 similiter
340 3158 409 3236 agit,
434 3165 550 3218 etcum
573 3157 664 3218 Pilius
687 3157 723 3218 ad
739 3157 864 3217 Sanctos
887 3158 1008 3230 accedit,
1031 3157 1119 3220 Pater
1140 3177 1259 3238 quoque
1281 3157 1316 3218 ad
1339 3157 1405 3220 illos
1445 3217 1455 3228 ,

179 3259 210 3320 in
240 3257 314 3319 Filio
347 3257 477 3331 accedit,
512 3266 545 3319 ut
572 3258 638 3337 ipse
670 3257 752 3320 hisce
780 3257 926 3336 pollicitus
949 3268 996 3320 est
1021 3259 1136 3320 verbis:
1181 3257 1239 3338 ligo
1263 3269 1291 3320 et
1314 3257 1406 3322 Pater

176 3364 328 3421 vecr'emus
351 3371 382 3420 et
401 3363 588 3422 mansionem
611 3361 692 3440 opud
714 3377 780 3420 mm
800 3360 956 3438 sociemus.
996 3359 1147 3440 Siquidem
1170 3368 1254 3438 pater
1276 3359 1306 3420 in
1327 3359 1404 3420 ima·
1512 3425 1517 3432 ,

177 3461 246 3540 gine
269 3459 409 3532 cernitur,
433 3467 463 3521 et
484 3461 515 3521 in
536 3459 601 3522 luce
624 3459 767 3541 splendor
782 3460 891 3522 existit.
924 3460 1009 3533 Hinc,
1033 3469 1065 3520 ut
1079 3460 1167 3538 paulo
1183 3467 1251 3520 ante
1266 3459 1404 3530 diximus,

177 3579 243 3622 oum
266 3561 354 3622 Pater
375 3560 426 3622 dat
446 3560 568 3640 gratiam
592 3571 622 3623 et
641 3579 755 3642 paoem,
779 3561 903 3624 eandem
924 3561 1037 3642 pariter
1051 3559 1101 3622 dat
1114 3557 1215 3632 Filius,
1239 3559 1280 3621 uti
1295 3559 1493 3624 Paulusnsu.

211 3727 232 3762 a.
251 3713 291 3762 Sic
308 3713 364 3775 Reg.
377 3713 398 3762 l.
416 3713 547 3774 etSoguer.
582 3713 763 3764 ltaliietediti
848 3729 870 3774 g.
890 3715 930 3764 Sic
948 3713 1041 3774 Regi.
1060 3713 1195 3774 etSegoer.
1221 3711 1300 3760 Atelli
1313 3709 1403 3762 etaditi

177 3778 226 3827 rod
242 3773 353 3845 πατρός.
390 3781 440 3830 llor
464 3783 520 3842 lleg.
542 3782 563 3830 l.
582 3789 605 3830 ot
623 3783 764 3843 Seguerion.
816 3773 879 3828 ddi
897 3772 962 3831 uide.

178 3839 295 3912 ὀνόματι
319 3847 408 3914 μόνον
429 3842 520 3912 πατὴρ
544 3841 629 3896 ἔσται,
666 3849 763 3899 Goblrr.
849 3847 873 3898 lr.
892 3849 1051 3910 Siouterqsa
1069 3847 1125 3906 Reg.
1148 3847 1288 3906 etSeguer.
1307 3844 1405 3896 Gobler.

176 3923 201 3964 at
219 3915 372 3966 l‘elclrna'nnl
393 3917 415 3964 l.
434 3907 551 3978 ὀνόματι
568 3909 656 3978 μόνον
673 3907 763 3982 πατήρ
815 3915 921 3964 Felelm.
942 3914 963 3962 l.
982 3915 1047 3964 er-s.
1083 3913 1162 3963 Ceteri
1188 3922 1268 3962 rutam
1299 3919 1323 3961 et
1348 3911 1405 3962 aditi

174 3973 244 4032 trra.
278 3982 359 4032 llriet
371 3985 443 4031 editio
454 3981 571 4031 Commel.
582 3973 699 4045 ὀνόματι
715 3995 765 4028 πα·
815 3973 861 4028 καὶ
879 3971 1057 4045 ἀπαύγασμα.

92 4087 100 4093 ·
175 4041 521 4164 ermemm-
543 4049 766 4167 tcmttu
816 4039 1404 4165 ,perterruitsitleam

177 4129 391 4244 οὖδὲρῖδιότητας.
493 4129 548 4230 'li
816 4151 1005 4247 ἐργαζόμενος.
1040 4131 1105 4231 idum
1127 4189 1151 4231 ot
1173 4129 1223 4232 alii⁸
1232 4174 1308 4229 low
1325 4171 1405 4243 ἔργα·

97 4269 101 4276 ’
210 4253 227 4300 l.
254 4253 294 4300 Sic
319 4253 374 4313 lieg.
396 4251 417 4299 l.
442 4259 465 4302 ct
488 4252 588 4312 Segner.
623 4249 685 4300 Editi
710 4263 765 4299 roro
817 4244 936 4316 ζόμενος.

176 4311 253 4385 παρὰ
271 4317 319 4366 τοῦ
337 4309 447 4383 πατρός.
482 4319 589 4368 Felclm.
609 4317 631 4367 2.
651 4327 674 4366 er
692 4318 764 4366 editio
851 4320 872 4366 l.
899 4317 987 4379 negt
1022 4317 1122 4378 Seguer.
1146 4323 1170 4364 et
1187 4315 1310 4377 Scriptura
1328 4305 1405 4370 notri·

175 4387 330 4450 Commelm,
350 4388 464 4436 mendose
488 4387 577 4436 babent
600 4381 764 4450 παρεξαλλα-
816 4397 909 4452 ceper.
947 4383 992 4432 lm
1011 4393 1034 4433 at
1052 4384 1108 4433 editi
1122 4375 1304 4446 ποιησόμεθα.

176 4449 278 4518 γμένῳ.
314 4453 373 4502 lbid.
393 4451 628 4516 Reg.l.etSeguer.
646 4446 746 4516 καὶγᾰ
850 4453 865 4500 l.
894 4449 982 4512 Regi
1018 4459 1041 4499 et
1059 4451 1157 4512 Seguer.
1176 4443 1222 4497 roi
1238 4441 1365 4498 διδόντος
1382 4453 1406 4494 at

76 4517 85 4526 “
174 4516 220 4568 καὶ
239 4513 253 4568 ὁ
274 4517 385 4574 Παῦλος.
422 4521 467 4572 lm
492 4530 515 4572 ot
540 4521 596 4571 editi
613 4515 660 4568 roi
675 4465 764 4584 yirpd
815 4533 869 4569 mor
889 4509 1154 4576 odaiusabduldr.
1191 4516 1235 4564 llil
1255 4523 1278 4563 et
1295 4513 1352 4562 editi
1365 4506 1406 4558 dt-

176 4583 291 4641 Παῦλος.
815 4580 922 4640 δόντος,
942 4576 1045 4644 ταύτην
1062 4575 1077 4634 d
1095 4575 1160 4635 alric.
1196 4581 1288 4632 totte-
1306 4579 1406 4632 Goblar.

1146 4663 1201 4714 dl*
