3094 5318
470 387 615 432 ertsrott
630 385 668 429 tt.
684 387 720 429 tn
737 341 932 430 sentrtonstt.
1236 371 1297 436 813

25 541 200 604 sominis
234 539 450 620 blasphemare,
473 539 500 602 si
522 537 589 618 quis
610 555 682 600 vero
704 535 768 600 eius
791 555 882 616 opera
903 536 1000 600 rideat
1016 537 1046 600 in
1062 537 1175 617 Spiritu
1197 547 1387 604 sanctorem.

25 645 118 704 'tacta
151 643 331 723 dicatque,
354 661 437 715 eunt,
460 641 510 721 qui
534 639 600 702 talia
623 638 728 714 edidit,
751 657 807 701 nea
827 637 920 700 Deum
943 656 1011 712 esse
1032 657 1089 702 nec
1108 639 1161 702 Dei
1182 641 1299 716 Filium,

25 745 88 808 ‚etl
118 763 170 808 ea
201 744 377 807 Beelzebuli
399 741 556 816 adscribat,
578 740 735 804 manifesto
757 739 963 820 blasphemare
984 741 1117 820 negando
1139 741 1202 804 eius
1224 742 1300 805 diri·
1401 767 1415 815 ⁴,

24 847 202 910 ritatem.
257 847 373 912 Etenim
396 845 426 908 in
448 843 622 925 Evangelieo
646 843 734 916 dicto,
756 842 800 904 uti
822 859 911 922 saepe
933 842 1041 905 dictum
1065 851 1119 918 est,
1142 863 1208 907 eum
1231 845 1302 909 dicit

24 949 165 1012 Silium
196 949 350 1022 hominis,
373 948 519 1011 carnalem
542 955 571 1008 et
592 946 749 1007 humanam
771 962 855 1006 suam
877 951 1010 1006 naturam
1034 943 1158 1018 indicat,
1180 954 1213 1008 ut
1233 967 1300 1010 eum

24 1051 220 1132 Spiritum
247 1051 333 1125 dicit,
362 1050 489 1113 declaret
511 1067 598 1111 suum
621 1065 688 1108 esse
711 1055 843 1108 sanetum
866 1045 1025 1128 Spiritum,
1046 1047 1085 1116 ‚in
1113 1067 1171 1128 quo
1202 1051 1310 1132 omnia¹

23 1153 268 1233 operabatur.
320 1151 403 1214 Unde
424 1169 490 1214 eum
514 1167 604 1230 opera
627 1148 743 1222 ederet,
773 1140 883 1210 aiebat:
913 1148 949 1210 Si
974 1149 1049 1211 milti
1076 1168 1139 1213 nott
1167 1153 1300 1231 creditis,
1363 1139 1367 1148 ’

24 1255 171 1319 saltem
203 1254 352 1334 operibus
374 1258 446 1316 meis
469 1254 595 1325 credite;
618 1261 654 1314 ut
677 1254 861 1331 comtestalis
883 1255 953 1331 petia
975 1269 1026 1331 epo
1043 1255 1076 1313 itt
1091 1249 1183 1315 Patre
1197 1264 1225 1315 et
1239 1252 1300 1316 Pc-

30 1368 92 1419 tet·
122 1361 167 1418 itt
194 1373 259 1418 me.
305 1355 376 1418 Cum
398 1363 496 1416 autem
518 1353 616 1434 seipse
637 1371 692 1433 pro
715 1351 803 1413 nohis
825 1351 1018 1432 corporaliter
1039 1351 1192 1416 oblaturus
1208 1363 1298 1431 esset,

31 1457 188 1538 quando
221 1475 257 1519 ea
279 1456 315 1518 de
338 1475 423 1518 causa
441 1455 573 1520 ascendit
588 1455 814 1535 lerosolymam,
829 1452 985 1534 Discipulis
1002 1454 1065 1516 suis
1081 1455 1192 1518 aiebat:
1214 1451 1299 1521 Dir-

32 1565 122 1622 mt'te
151 1565 229 1622 ium
252 1570 280 1622 et
302 1561 494 1639 requt'ssct'te3
516 1575 580 1619 ecce
601 1562 678 1619 ettt'ttt
700 1560 956 1638 appropinquavit
978 1555 1064 1632 horo,
1087 1557 1226 1622 stlit'lt'tts
1242 1559 1298 1622 lo-

32 1665 149 1723 minis
188 1661 338 1724 tradetur
366 1663 398 1721 itt
425 1677 532 1721 manus
551 1670 754 1740 peccatorum.
799 1657 884 1718 Nam·
900 1675 989 1738 opera
1015 1657 1133 1737 quidem
1162 1661 1297 1736 eiiecere,

38 1771 80 1824 ut
105 1780 220 1822 verus
243 1760 322 1822 Deus
345 1760 531 1834 crederetur,
559 1777 639 1822 mors
662 1769 759 1822 autem
782 1759 846 1820 eius
868 1760 963 1840 palam
987 1761 1070 1834 iecit,
1099 1780 1166 1824 eum
1192 1781 1297 1826 resera

40 1881 181 1942 corpus
209 1862 337 1934 habere,
368 1861 493 1942 ideoque
522 1863 586 1923 iure
607 1861 714 1924 Filium
742 1862 871 1924 hominis
900 1861 1014 1924 dicebat
1042 1881 1109 1924 eum
1132 1881 1217 1936 esse,
1246 1865 1296 1945 qui

42 1965 257 2028 tradebatur.
302 1964 430 2026 Verbum
453 1964 530 2026 enim
553 1963 718 2026 immortale
737 1972 767 2025 et
788 1963 915 2026 intactile
937 1973 966 2026 et
987 1963 1137 2043 ipsissima
1158 1965 1216 2027 rita
1239 1973 1295 2028 est.

42 2069 178 2130 Verum
205 2085 264 2128 nec
284 2067 322 2128 iis
344 2066 493 2130 Pharisaei
515 2066 683 2140 credebant,
706 2084 802 2146 neque
823 2065 959 2127 volebant
981 2066 1045 2146 ipsa
1066 2067 1193 2129 filiorum
1222 2087 1295 2130 suo-

45 2187 127 2231 rum
156 2187 257 2248 opera
279 2167 395 2242 tidere;
423 2177 603 2248 quapropter
630 2186 683 2229 eos
713 2186 832 2230 rursum
859 2167 966 2229 leniter
993 2169 1125 2248 coarguit
1151 2167 1295 2232 Dominus

45 2272 104 2333 bis
131 2269 261 2332 verbis:
285 2269 321 2332 Si
340 2289 392 2351 ego
415 2275 446 2332 itt
468 2270 673 2333 beelzebulem
694 2275 780 2333 eiicio
802 2271 973 2344 daemonio,
996 2269 1069 2332 Filii
1081 2275 1179 2334 uestri
1191 2275 1224 2334 itt
1239 2289 1296 2352 gtto

51 2370 226 2457 eiicietttti'
269 2371 339 2435 ldso
367 2375 428 2454 ipsi
453 2373 565 2434 iudices
596 2375 695 2434 vestri
719 2383 821 2435 eruat.
865 2370 966 2434 Porro
996 2376 1025 2434 si
1044 2375 1076 2433 itt
1098 2371 1218 2452 Spiritu
1239 2371 1299 2434 Dei

52 2479 150 2537 eit'ct‘o
180 2473 354 2546 duetttottt’u,
381 2475 523 2556 prosectu
548 2475 691 2554 pervertit
718 2477 749 2535 itt
776 2491 830 2536 cos
860 2491 985 2552 regnum
1012 2472 1078 2535 Dei.
1121 2472 1178 2534 illc
1199 2481 1295 2535 autem

19 2611 20 2616 κ
57 2573 140 2634 dixit
166 2579 202 2635 itt
226 2573 345 2655 Spiritu
367 2575 439 2652 liei,
467 2593 528 2637 non
558 2574 637 2655 quod
664 2574 762 2656 minor
790 2583 870 2636 esset
891 2575 957 2655 ipse
979 2573 1105 2654 Spiritu,
1135 2593 1189 2636 nee
1211 2576 1296 2656 quasi

57 2671 203 2752 Spiritus
227 2691 261 2735 ea
283 2675 312 2736 in
335 2695 368 2739 se
390 2685 580 2757 operaretur,
603 2675 657 2738 sed
678 2683 711 2739 ut
731 2695 850 2739 rursum
872 2676 1048 2749 declararet,
1072 2693 1122 2746 se,
1155 2695 1221 2740 cunt
1243 2677 1297 2740 Dei

52 2773 205 2839 .Verbnm
228 2783 318 2850 esset,
341 2779 558 2860 perspiritum
581 2779 681 2840 omnia
703 2777 835 2860 operari,
860 2777 1069 2856 auditoresque
1091 2776 1226 2852 doceret,
1252 2797 1294 2852 se,

59 2894 134 2938 cunt
160 2875 294 2954 Spiritus
316 2897 406 2958 opera
427 2879 590 2943 Beelzehuli
613 2880 824 2950 adscriberent,
848 2879 877 2938 in
901 2897 935 2939 ea
957 2887 1129 2958 operantem
1152 2879 1296 2960 Spiritum

60 2977 291 3058 blasphemare.
334 2980 450 3044 Etenim
473 2983 546 3045 haee
567 3001 633 3044 cunt
655 2981 736 3052 dicit,
759 2977 899 3050 ostendit,
923 2997 976 3040 eos
999 2997 1059 3041 non
1081 2999 1117 3042 ex
1131 2981 1296 3061 ignorantia

61 3081 119 3142 sed
146 3087 259 3159 sponte
289 3099 341 3142 sua
369 3101 401 3144 se
433 3083 463 3143 itt
492 3083 567 3146 banc
596 3082 847 3166 evidentissimam
874 3080 1087 3160 blasphemiam
1115 3081 1294 3162 implicasse,

64 3201 125 3244 nec
148 3180 320 3256 erubuisse,
343 3183 422 3263 quod
445 3203 478 3245 ea
501 3202 600 3263 opera,
623 3201 698 3262 quae
720 3183 765 3244 tel
787 3183 845 3262 ipsi
868 3181 920 3243 liei
942 3201 1012 3244 esse
1038 3192 1222 3265 compertum
1237 3186 1292 3246 ba-

64 3285 186 3356 berent,
212 3291 345 3346 amentes
359 3284 526 3346 Beelzebuli
548 3284 779 3365 adscripsissent
799 3293 886 3364 atque
908 3284 944 3346 ab
966 3285 1083 3366 impuro
1099 3285 1205 3367 spiritu
1220 3289 1294 3350 lacta

65 3395 304 3448 asseverassent.

66 3539 125 3604 ileg.
145 3540 277 3602 etSeguer.
296 3555 357 3606 quos
375 3539 500 3604 sequimur
511 3531 657 3604 εἷργάζετυ.
709 3548 732 3590 et
748 3532 886 3602 legitemi
903 3540 1050 3605 Φαρισαῖοι
1075 3542 1127 3602 (sed
1146 3543 1244 3606 Seguer.
1264 3545 1293 3594 ds

67 3608 130 3657 Editi
149 3617 173 3658 et
191 3609 232 3657 alii
250 3601 406 3672 εἰργάσατο.
442 3607 515 3656 Paulo
533 3609 656 3671 postlieg.
708 3621 776 3657 mora
795 3607 969 3675 depascebat
994 3617 1015 3658 et
1041 3609 1072 3658 ita
1097 3609 1154 3672 legit
1177 3611 1292 3661 Nunnius.

66 3669 219 3736 πιστεύητε.
255 3677 314 3726 lhid.
326 3689 381 3741 μου
393 3683 451 3740 post
467 3667 558 3740 ἔργοις
575 3677 658 3728 deerat
707 3677 767 3726 Edit.
787 3677 903 3728 Commsl.
923 3669 950 3724 οἱ
968 3667 1093 3726 landerice.
1132 3677 1182 3728 llos
1201 3679 1257 3737 lieg.
1270 3687 1300 3730 et

72 3745 95 3792 in
115 3745 193 3800 editis,
211 3743 255 3792 sed
274 3745 374 3794 habetur
400 3745 422 3792 itt
443 3744 498 3806 lleg.
517 3753 540 3794 et
557 3745 655 3806 Seguer.
692 3739 855 3804 'Seguetitn.,
874 3759 935 3808 qnos
947 3737 1104 3824 sequi'tisum
1123 3755 1167 3808 est,
1182 3739 1214 3794 'ot‘
1230 3738 1292 3798 uiot'.

31 3807 35 3822 '
70 3811 161 3861 ibidem
180 3815 279 3871 Seguer.
302 3803 450 3866 πιστεύητε.
706 3811 751 3860 liii
770 3821 793 3861 et
811 3813 866 3861 editi
886 3803 914 3858 οἱ
929 3807 998 3862 laec.

105 3895 124 3928 c.
144 3867 345 3938 replicuisset.
382 3877 417 3926 ld.
443 3891 496 3926 mox
519 3885 575 3940 post
592 3869 656 3937 ὅπη·
741 3893 761 3929 e.
778 3874 826 3926 καί
842 3880 910 3928 deest
927 3881 950 3928 itt
968 3881 1026 3941 Bag.
1046 3880 1176 3942 etSegnsr.
1201 3881 1292 3934 lntliit

73 3941 133 3992 vitto
151 3945 222 3994 habet
238 3937 291 3992 teci.
328 3944 401 3993 Paulo
420 3953 475 4006 post
493 3945 657 4007 lieg.Segner.
709 3953 731 3994 et
749 3947 819 3996 editis
837 3946 932 4009 legitur.

75 4013 169 4064 Gohler.
182 4011 317 4062 etl'elclm.
330 4011 352 4060 1.
370 4003 441 4074 itere
458 4005 659 4066 sarcotenta
743 4013 759 4062 l.
784 4013 839 4074 ileg.
850 4015 981 4076 etSegnsr.
997 4013 1043 4064 soli
1062 4005 1135 4080 αὐτῷ
1152 4007 1291 4082 ἐνεργοῦν-

75 4078 210 4144 μαθηταίς
234 4081 325 4130 omisso
352 4070 442 4127 αὐτοῦ.
485 4079 575 4128 ibidem
600 4081 655 4143 lleg.
707 4093 754 4133 rur
771 4084 862 4130 omissa
879 4073 910 4129 ir
926 4073 1009 4146 stirpi.

77 4151 172 4209 Seguer.
191 4147 248 4196 edil.
267 4147 384 4198 Commel.
402 4155 425 4196 et
442 4143 481 4195 alii
500 4147 595 4210 quidam
614 4163 656 4198 co·
741 4163 763 4211 g.
781 4149 871 4210 buglis.
890 4141 998 4205 διδάξει,

77 4215 140 4266 dices
156 4205 308 4272 tradedisse,
328 4224 351 4264 et
369 4216 399 4264 ita
418 4214 505 4276 legitur
523 4215 546 4263 iu
565 4215 655 4266 Graeco
741 4217 764 4266 b.
785 4217 847 4266 llaec
857 4210 980 4282 τοσούτῳ
992 4211 1041 4266 τὸν
1046 4217 1222 4288 χορηγοῦντα
1233 4213 1291 4272 dac·

75 4283 191 4346 Evangelii
215 4291 286 4333 testu.
328 4283 388 4332 Edit.
413 4281 486 4334 Paris.
512 4283 608 4334 Gobler.
633 4291 656 4334 et
707 4281 832 4350 φημοῦσι
854 4285 940 4335 desunt
963 4287 986 4336 itt
1012 4286 1083 4336 [istil.
1124 4287 1176 4338 llos
1194 4289 1249 4350 lleg.
1268 4295 1292 4338 et

79 4351 219 4402 lidelmi.
243 4346 418 4402 assentasse.
455 4351 513 4400 lbid.
539 4345 655 4401 sideest
706 4357 805 4414 Segusa.
823 4345 869 4400 καὶ
884 4346 939 4422 γὰρ
957 4347 1002 4402 καὶ
1020 4353 1108 4404 toties.
1143 4357 1170 4406 lu
1188 4357 1292 4407 aditiset

79 4419 101 4468 itt
120 4421 288 4484 liegb'eguer.
307 4415 418 4470 ethadil.
453 4420 480 4470 ln
504 4419 557 4470 aliis
581 4427 604 4470 et
631 4421 655 4471 in
706 4415 870 4486 reiiqttistttts'
886 4433 1035 4485 postremum
1054 4425 1129 4475 deest.

81 4487 144 4540 editis
161 4489 252 4552 legitur.
740 4489 756 4539 i.
781 4489 835 4552 fleg.
855 4481 1026 4556 αἰσχύνοντι),
1046 4507 1182 4558 perperam.

93 4555 134 4630 ‚d
151 4557 187 4608 Sic
203 4557 260 4620 lleg.
279 4564 303 4608 et
320 4555 419 4620 Seguer.
447 4555 471 4606 ln
487 4556 539 4606 aliis
554 4564 577 4606 et
585 4555 655 4607 editis
739 4558 761 4606 lt.
781 4548 848 4605 ὄντα
866 4558 932 4608 deest
957 4561 980 4610 in
1000 4561 1055 4622 lleg.
1074 4561 1174 4622 chuer.
1192 4557 1289 4610 Gabler.

83 4625 201 4676 sideest.
238 4625 290 4676 slot
314 4624 463 4676 editioris.
483 4625 654 4688 liegsegter.
706 4631 729 4676 et
748 4625 852 4676 teleto.
870 4625 902 4688 l,
931 4627 955 4677 iu
980 4629 1048 4678 editis
1071 4635 1095 4678 et
1118 4629 1171 4677 aliis
1195 4625 1288 4689 legitur.
