3226 5308
571 401 733 446 enormis.
750 401 1015 461 courmlnrlnoo.
1334 389 1397 454 stt

174 553 248 620 illud
270 551 400 618 Verbum
422 569 491 615 caro
512 552 620 614 lectum
644 558 700 624 est,
722 549 753 614 in
775 567 834 630 quo
857 549 955 612 omnin
977 550 1054 614 lactu
1075 557 1160 626 sunt,
1182 569 1240 614 nec
1260 553 1484 618 Christueecn.

172 653 543 726 accuratissimum,
565 671 620 732 per
641 652 722 731 quod
744 651 844 714 omnin
865 653 941 713 lccts
962 659 1044 725 sunt,
1067 651 1156 732 igituir
1177 652 1313 718 Christus
1336 673 1399 718 non

172 759 269 822 lectus
292 763 340 818 est
360 771 440 829 cero,
464 753 518 817 sed
541 753 616 814 torte
632 751 769 814 Christus
785 751 915 813 Verbum
937 751 1101 831 appellatus
1124 761 1182 816 est.
1225 755 1312 828 Quod
1330 755 1398 836 qui-

14 882 23 913 s
118 901 124 914 .
173 859 245 920 dom
276 857 302 920 si
323 873 427 919 rerum
453 863 516 929 cst,
549 853 648 934 primo
678 851 753 914 elius
782 853 841 914 erit
869 852 1035 932 quom·qui
1065 855 1187 915 nomine
1208 853 1398 934 significetur,

174 957 282 1019 deinde
309 974 372 1018 non
399 973 453 1036 per
475 971 543 1017 enm
567 953 665 1015 omnic
688 955 763 1015 lecta
785 959 889 1025 erunt,
910 953 964 1014 sed
986 953 1016 1015 in
1038 953 1108 1028 illo,
1130 955 1162 1015 in
1184 973 1243 1034 quo
1264 954 1399 1018 Christus

174 1075 293 1138 quoque
320 1058 386 1137 ipse
407 1057 501 1118 lectm
523 1062 580 1117 est.
624 1053 678 1116 Sin
699 1059 797 1115 nutem
819 1051 963 1128 dixerint,
993 1035 1167 1134 sapientiem
1189 1055 1221 1116 in
1240 1055 1328 1118 Patre
1349 1056 1397 1118 in·

176 1167 241 1222 ster
262 1155 409 1238 qualitatis
432 1175 515 1230 esse,
543 1155 590 1218 vel
620 1172 688 1217 enm
709 1154 885 1234 sapientiem
906 1153 1003 1234 ipsam
1025 1173 1111 1230 esse,
1138 1173 1214 1235 quoe
1236 1174 1325 1236 supro
1346 1175 1398 1220 rc-

177 1258 351 1321 censuimus
369 1257 498 1320 absurde
519 1255 692 1320 necessario
716 1263 945 1334 consequentur,
967 1253 1104 1318 uidelicet
1118 1275 1185 1318 eum
1201 1257 1399 1338 compositum

177 1377 258 1434 csse,
282 1359 387 1440 suique
408 1359 504 1440 ipsius
527 1377 596 1422 esse
617 1365 732 1437 petrem
754 1364 785 1419 et
804 1355 907 1418 tilium.
950 1351 1058 1442 verum
1080 1357 1259 1436 coarguendi
1274 1357 1316 1420 illi
1331 1367 1402 1422 sunt

177 1468 209 1522 et
230 1460 410 1524 consulendi.
454 1459 606 1538 Siquidem
628 1458 768 1532 Verbum,
793 1456 873 1536 quod
896 1457 1094 1532 indecem,
1117 1476 1173 1521 nec
1194 1467 1323 1522 creatum
1345 1477 1403 1524 neo

175 1579 214 1624 ex
245 1561 339 1624 nihilo
371 1567 472 1640 potest
502 1578 581 1622 esee.
636 1559 669 1622 si
700 1559 770 1622 item
804 1557 933 1620 Verbum
964 1557 994 1620 io
1027 1558 1090 1621 lieo
1123 1568 1187 1635 est,
1222 1560 1288 1641 ipse
1321 1567 1402 1623 certo

175 1661 313 1725 Guneus
346 1661 452 1734 tuerit,
486 1661 537 1740 qui
570 1661 627 1722 eit:
660 1661 722 1741 Epo
754 1665 788 1722 to
815 1659 908 1724 Patre
940 1670 970 1723 ct
997 1659 1092 1723 Peter
1118 1666 1152 1724 io
1176 1681 1223 1725 me
1250 1672 1312 1738 κη
1350 1660 1402 1742 qui
1489 1641 1502 1668 ⁰

176 1763 258 1825 idem
277 1762 392 1824 idcirco
412 1759 582 1840 unigenitus
605 1769 662 1834 est,
684 1745 751 1840 quin
771 1759 872 1823 nullus
893 1759 969 1822 alins
991 1778 1028 1823 ex
1044 1779 1082 1824 eo
1097 1761 1135 1823 sit
1149 1762 1274 1842 genitus.
1317 1762 1402 1824 Unus

176 1863 228 1924 liic
255 1869 304 1926 ost
322 1861 433 1934 Filius,
461 1862 510 1940 qui
532 1871 562 1924 et
582 1861 728 1936 Verbum,
758 1861 902 1942 sapientis
931 1869 961 1923 ct
988 1863 1087 1924 virtus
1105 1863 1168 1925 eive
1188 1862 1321 1943 potentin
1344 1868 1401 1924 est.

176 1964 239 2026 Nec
261 1962 341 2024 euim
363 1981 400 2024 ex
420 1963 470 2024 hic
490 1971 536 2024 est
557 1961 739 2042 compositus
753 1963 845 2036 Bous,
865 1963 921 2025 sed
942 1963 1049 2026 horum
1072 1973 1119 2026 est
1140 1965 1266 2044 genitor.
1308 1963 1402 2026 Nem·-

176 2081 236 2143 qnc
258 2062 507 2142 quemadmodum
528 2081 578 2124 res
601 2071 715 2125 erentes
738 2063 836 2126 Verbo
858 2063 1007 2143 producit,
1030 2063 1069 2126 ite
1085 2064 1249 2128 secundum
1263 2063 1403 2144 propriso

175 2164 328 2226 esseutiae
349 2171 484 2226 netursm
507 2163 635 2226 Vmbum
657 2163 759 2243 pigent,
781 2181 836 2243 per
857 2163 937 2243 qnod
959 2162 1059 2226 omnin
1080 2163 1180 2238 elficit,
1201 2174 1282 2228 creet
1303 2173 1333 2226 et
1347 2164 1402 2227 ad·

176 2265 335 2328 ministrat.
379 2263 529 2344 Siquidem
553 2263 652 2327 omnin
674 2263 771 2326 Verbo
796 2271 826 2328 et
846 2263 990 2343 sepientis
1011 2266 1181 2340 incusum,
1204 2267 1328 2346 eiusque
1342 2266 1490 2328 im-rcei.

175 2365 262 2446 perio
286 2365 424 2428 universo
445 2373 649 2445 perseverent.
692 2365 776 2428 ldem
798 2374 896 2428 eutem
917 2365 1044 2428 oculto
1067 2366 1240 2439 dicendum
1263 2365 1404 2427 nimirum

53 2455 58 2468 ’
175 2469 201 2529 si
231 2467 307 2530 nihil
339 2466 434 2546 giguit
453 2465 551 2541 Dens,
580 2465 654 2528 nihil
682 2466 754 2528 item
781 2465 841 2545 egit
868 2465 932 2528 siue
953 2466 1058 2540 efficit,
1080 2481 1149 2529 nem
1172 2466 1237 2528 eius
1258 2466 1337 2528 letius
1359 2471 1406 2527 est

177 2567 282 2641 Filius,
303 2581 357 2645 per
377 2584 465 2646 quom
488 2567 558 2647 egit.
603 2567 657 2629 Sin
679 2566 789 2639 minus,
811 2566 846 2628 nd
869 2565 989 2632 eosdem
1011 2566 1260 2645 interrogationes
1282 2565 1403 2628 eedem-

178 2683 237 2743 que
259 2665 388 2728 absurde
409 2666 595 2746 impudentes
614 2667 648 2753 ‚hi
671 2667 808 2730 homines
830 2667 1031 2730 revolventur.

267 2769 298 2829 5.
341 2765 386 2828 lix
411 2765 660 2832 Deuteronomio:
698 2768 754 2832 Vor
783 2779 897 2840 oeteo,
927 2771 980 2848 qm·
1005 2765 1177 2830 adicerem
1199 2767 1318 2829 dommo
1340 2765 1406 2828 lieo

178 2879 301 2939 oestro,
331 2869 433 2930 uiride
460 2873 600 2932 sotumi
627 2871 774 2932 tiodiem
801 2871 857 2932 die.
901 2865 945 2928 l'u
965 2866 1014 2930 his
1035 2865 1135 2928 serbis
1159 2863 1318 2928 discrimen
1338 2863 1406 2928 Filii

179 2975 211 3028 et
232 2985 332 3030 rernm
353 2975 516 3030 mentorum
538 2969 606 3031 licet
626 2970 807 3048 perspicere,
829 2967 1051 3046 intelligensque
1072 2965 1178 3028 Filium
1200 2965 1254 3030 liei
1276 2973 1407 3028 mmmm

181 3067 304 3130 minime
325 3083 404 3130 osse.
447 3067 535 3130 Enim
556 3087 625 3130 voro
639 3069 732 3130 Filius
755 3068 840 3130 dicit:
862 3065 924 3146 llqo
945 3075 975 3128 et
989 3065 1083 3130 Potor
1103 3085 1200 3130 eoum
1216 3085 1339 3142 romum
1360 3073 1406 3128 et:

181 3168 243 3247 Epo
265 3171 298 3230 iri
319 3167 414 3234 Putre
435 3179 463 3230 ct
484 3168 579 3232 Potor
601 3173 634 3232 rie
654 3187 701 3232 ore
722 3179 782 3238 est,
815 3185 866 3228 res
894 3173 993 3232 summ
1020 3167 1114 3230 lacteo
1141 3185 1208 3230 oum
1236 3165 1405 3247 proliciunt,

179 3267 310 3330 Domino
341 3267 512 3332 educerem
556 3267 669 3349 Nempe
691 3267 820 3332 Verbum
848 3267 985 3346 unqum
1008 3268 1162 3348 proprium
1184 3275 1231 3328 est
1251 3267 1282 3328 in
1305 3265 1406 3340 Putre,

61 3411 65 3422 -
177 3377 210 3430 ot
229 3386 281 3432 res
302 3369 411 3440 tecue,
435 3375 560 3447 utpote
581 3387 657 3462 quoe
679 3369 863 3430 extrinsecus
886 3367 1032 3440 existunt,
1060 3367 1238 3442 adhaerent3
1264 3367 1407 3430 nimirum

178 3469 285 3530 nntnrl
312 3466 425 3530 oleoso
453 3477 539 3541 eunt,
567 3468 717 3530 voluntntc
739 3475 836 3530 cutem
858 3467 1030 3530 adiicerent.
1072 3467 1190 3530 Etenim
1212 3466 1322 3540 Filius,
1354 3464 1406 3548 qni

179 3569 285 3630 neturl
315 3576 376 3638 est,
410 3585 502 3632 unum
531 3577 577 3630 est
605 3586 672 3632 cum
695 3567 847 3648 genitore,
867 3567 918 3647 qui
940 3585 1011 3630 vero
1033 3566 1219 3634 extrinsecus
1240 3567 1406 3647 adoptetur.

177 3667 282 3746 generi
302 3667 469 3747 adiungitur
484 3667 547 3730 sive
562 3668 712 3732 edhecret.
748 3667 825 3732 liiuo
834 3667 933 3732 cuttu
946 3667 1063 3734 subdit:
1088 3668 1173 3742 Quor
1187 3672 1273 3730 sotio
1286 3682 1406 3745 mopso.

179 3772 231 3832 otri
249 3767 333 3834 lictor
361 3768 611 3852 appropinquet?
658 3749 809 3834 Et'stttii:
842 3768 926 3832 Deus
952 3772 1203 3850 appropinqueris
1224 3764 1289 3846 epo.
1331 3765 1407 3828 Nem

178 4000 225 4050 que
237 3984 420 4049 importunitates
432 3983 602 4048 impudentibus
618 3985 670 4034 iliis
686 4000 768 4035 oroor-
853 3985 869 4033 l.
894 3983 935 4034 Sic
952 3985 1009 4047 llos.
1032 3992 1057 4035 ct
1073 3984 1173 4046 Sequor.
1207 3987 1236 4034 At
1253 3983 1293 4034 elii
1309 3990 1333 4033 et
1349 3968 1409 4035 ictu

179 4058 240 4130 reret.
273 4050 323 4102 tter
339 4056 428 4111 mee,
453 4051 494 4113 qui
508 4049 556 4101 deo
582 4051 682 4130 oppositi
698 4052 768 4130 oddi-
817 4045 871 4116 μέν
887 4051 1007 4127 omittunt.
1085 4111 1092 4128 ἱ
1154 4106 1177 4128 υ
1396 4107 1408 4162 ³

178 4118 768 4234 suffusis-cc
818 4131 876 4248 r,c
890 4111 1044 4238 erus
1059 4129 1199 4234 ute
1214 4117 1407 4258 nitesce

180 4249 244 4300 mele
262 4249 414 4300 emendatum
431 4257 470 4300 ert
486 4248 533 4300 lucc
550 4249 638 4300 rnodo:
664 4251 768 4307 Quodsi
818 4245 865 4299 ruci
888 4241 902 4298 ὃ
925 4242 991 4306 sio'c.
1033 4251 1084 4302 lton
1108 4249 1253 4303 inicium-2.
1280 4257 1305 4302 ot
1333 4249 1407 4306 editio

179 4318 241 4368 illud
259 4323 300 4367 etc.
318 4317 489 4381 inpudentibus
505 4319 559 4368 istis
576 4323 710 4380 occurrent,
738 4331 768 4368 ro
820 4317 939 4368 Commet-
958 4305 974 4365 d
991 4311 1021 4367 dd
1037 4307 1148 4374 ἔξωθεν,
1168 4317 1292 4368 mendose

178 4385 222 4433 r'ttc
240 4385 423 4436 deuteronomii:
441 4383 488 4434 Vos
505 4393 584 4436 notem
602 4385 644 4450 qui
662 4384 766 4448 licorp·
851 4385 936 4436 lusio
958 4385 1117 4449 nennscripti
1146 4385 1252 4436 codices.
1297 4382 1327 4434 dt
1349 4381 1408 4433 editi

179 4450 252 4512 positi
270 4449 483 4514 eddietiqucestis,
499 4453 707 4518 qnaeriteeumin
721 4452 768 4502 hoc
817 4447 921 4507 nomo,
946 4465 1083 4517 perpetem.
1126 4452 1234 4503 Noouios
1257 4450 1315 4502 item
1338 4449 1410 4498 vertit

180 4515 236 4578 ipro
254 4517 300 4569 die.
816 4520 863 4636 gui
879 4521 934 4583 {cett
951 4526 1040 4584 pestem
1056 4533 1171 4584 mooe,
1190 4519 1228 4570 cci
1237 4517 1410 4583 appropinquet

837 4601 888 4636 ecc.
1111 4615 1116 4624 ·
