3054 5236
454 389 569 433 course
583 391 800 436 eroccmmumr
815 394 901 438 emen
917 396 937 438 r.
1246 385 1305 452 881

15 537 147 598 ttius.
208 537 283 618 Ipse
304 557 423 618 quoque
443 523 665 604 liominus'ait:
691 542 763 606 Cum
785 547 904 608 uenerit
918 545 1003 627 fitius
1020 547 1157 611 bominis.
1201 537 1391 616 Viliunirmo.

15 639 85 700 bei
125 638 246 718 filium
269 639 401 702 hominis
424 643 530 708 iactum
554 643 640 712 dicit,
670 643 796 706 iudicem
819 665 939 725 quoque
961 647 1094 710 vivorum
1118 659 1148 712 et
1168 661 1306 716 mortuo-

15 759 107 802 ·um
156 759 200 804 ac
227 741 339 820 Regem
367 742 526 805 bominum
556 751 587 804 et
618 744 711 806 Deum
739 765 853 816 verum.
900 747 960 809 Sed
989 751 1123 829 eorporis
1152 771 1262 815 nomen
1292 774 1308 816 e

14 840 163 902 medio
201 841 312 904 toliere
340 841 429 904 vultis
458 850 546 922 atque
574 844 605 906 id
634 847 768 925 assequi,
805 856 897 910 utne
919 849 996 911 ultra
1019 851 1134 915 dicatur
1155 853 1306 916 Christum

14 961 119 1015 esse
151 941 331 1004 hominem.
377 943 445 1017 Quo
467 945 594 1036 potestis
616 947 715 1009 animo
739 948 853 1010 divinas
876 951 1046 1031 Scripturas
1068 954 1165 1016 abhuc
1184 951 1307 1035 legere?

15 1044 128 1106 Cum
141 1044 327 1106 Matthaeus
341 1045 459 1125 quidem
473 1045 599 1108 scribat:
613 1047 701 1112 Liber
711 1055 916 1129 uenerationis
924 1051 994 1117 Iesu
1004 1052 1120 1117 Christi
1128 1055 1189 1136 ptri·
1197 1056 1306 1133 Dauid,

16 1147 106 1228 fiiis·
127 1147 313 1223 Abrabam,
335 1147 462 1210 loannes
486 1166 572 1210 vero:
595 1149 634 1212 In
645 1155 802 1233 principio
817 1166 887 1218 eret
901 1152 1035 1226 Verbum,
1052 1166 1080 1217 et
1097 1154 1221 1218 Verbum
1236 1167 1304 1220 eret

18 1248 143 1328 apud
172 1247 285 1321 Deum,
309 1259 339 1312 et
358 1247 442 1312 Deus
468 1260 537 1311 erot
553 1249 689 1315 Verbum.
733 1253 863 1316 Verbum
885 1260 983 1316 autem
1006 1255 1138 1318 etDeum
1161 1264 1191 1318 et
1212 1257 1304 1320 filium
1347 1333 1353 1340 .
1417 1283 1420 1290 ¹

21 1346 160 1410 David
198 1347 228 1409 si
263 1347 379 1412 divisim
408 1347 600 1412 considerare
630 1352 801 1428 volueritis,
835 1355 893 1417 duo
923 1374 959 1418 ex
987 1365 1087 1420 mente
1107 1365 1207 1420 restra
1229 1358 1306 1420 dieta

27 1449 199 1524 fuerint3
225 1449 273 1510 sin
296 1469 313 1512 a
334 1449 441 1512 divinis
466 1451 562 1514 edocti
586 1453 749 1533 scripturis
768 1455 970 1530 credideritis,
993 1457 1121 1520 Verbum
1144 1477 1210 1521 cum
1225 1459 1305 1520 Deus

33 1557 146 1614 esset.
173 1550 271 1612 filium
295 1551 425 1614 hominis
447 1553 555 1616 iactum
579 1574 667 1629 esse;
689 1557 867 1635 agnoscetis,
890 1557 1029 1637 quoniam
1052 1577 1130 1621 unus
1153 1568 1201 1621 est
1217 1558 1304 1622 Chri-

34 1663 124 1716 stus
156 1660 192 1713 et
214 1652 313 1727 Deus,
343 1653 393 1732 qrri
422 1662 451 1716 et
479 1655 544 1735 ipse
566 1657 657 1719 homo
681 1667 743 1732 est,
771 1667 804 1720 ιιι
831 1657 940 1738 duplex
961 1658 1141 1739 praedicatio
1164 1660 1228 1722 eius
1251 1658 1305 1722 ad-

36 1761 178 1817 ventus
200 1753 299 1815 'iscile
327 1755 509 1834 persuadere
535 1767 640 1838 posset
669 1758 733 1822 eius
760 1760 935 1838 passionem
964 1768 994 1821 et
1028 1759 1305 1840 impassibilitatem.

45 1856 96 1916 Ut
126 1873 206 1918 cum
230 1854 301 1916 dicit
321 1855 499 1936 Apostolus:
527 1857 624 1922 Homo
650 1859 790 1924 cbristus
813 1860 916 1932 iesus,
945 1865 998 1942 put
1017 1862 1095 1927 dedit
1117 1865 1306 1940 semetipsum

48 1958 293 2020 redemtionem
310 1976 372 2038 pro
394 1959 491 2030 uobis,
515 1962 569 2040 qui
589 1970 635 2023 est
657 1979 753 2041 super
775 1967 875 2024 omnio
889 1961 972 2024 Deus
996 1962 1165 2024 benedictus
1188 1965 1222 2022 tn
1236 1977 1305 2021 soe-

50 2059 156 2128 culo,
184 2055 288 2120 Amen.
332 2058 371 2119 Ει
398 2058 434 2120 ad
458 2059 648 2144 Timotheum
671 2060 808 2124 scribens
832 2062 887 2124 ait:
919 2061 1035 2126 Mernor
1058 2072 1120 2125 esto
1143 2062 1304 2122 Dominum

54 2159 177 2222 lesum
202 2159 356 2221 Christum
384 2178 422 2222 esc
451 2164 562 2222 semine
584 2161 686 2222 bouid
714 2167 928 2226 resurrexisse
950 2183 969 2225 o
990 2166 1133 2226 mortuis.
1178 2161 1217 2222 Et
1238 2160 1303 2242 ipse

60 2261 189 2321 iterum
213 2259 325 2340 inquit:
347 2259 477 2324 Mortem
499 2265 564 2322 eius
586 2265 809 2327 annunciamus
832 2265 925 2328 donec
945 2268 1057 2327 nemrot.

164 2563 215 2622 11.
260 2559 291 2620 Si
320 2559 411 2638 igitur
438 2579 473 2622 er
501 2562 692 2625 confessione
720 2563 981 2627 consubstantialis
1010 2563 1107 2624 earnis
1136 2577 1245 2623 nomeu
1269 2561 1305 2622 de

64 2660 179 2723 medio
201 2659 302 2721 tollitis
324 2667 354 2720 et
376 2662 572 2736 sententiam,
600 2682 674 2744 quae
698 2665 769 2726 dicit
792 2665 942 2727 Christum
965 2681 1035 2724 esse
1056 2661 1227 2734 hominem
1255 2670 1306 2722 sut

64 2780 133 2824 non
160 2759 287 2840 amplius
310 2768 436 2822 mortem
460 2763 525 2824 eius
548 2765 732 2827 annunciatis
755 2765 851 2827 donec
872 2765 980 2836 veniat,
1004 2770 1091 2842 etque
1106 2763 1136 2823 in
1152 2759 1302 2822 hocScri-

64 2872 180 2945 pturas
209 2860 376 2940 abrogatis,
406 2872 456 2925 aut
481 2863 550 2927 licet
577 2867 702 2928 mortem
727 2861 997 2926 Cocsubstantiaiis
1020 2861 1099 2922 Patri
1129 2870 1158 2924 et
1179 2859 1299 2939 Spiritui

71 2969 183 3026 sancto
220 2962 421 3037 annuncietis,
463 2963 489 3024 si
521 2983 582 3027 non
614 2964 814 3028 confiteamini
848 2982 915 3024 eum
951 2981 1039 3024 carne
1069 2979 1190 3042 passum
1224 2979 1386 3035 esseron.

69 3065 174 3145 ipsam
195 3061 290 3124 Patris
319 3071 349 3125 et
371 3063 499 3144 Spiritus
529 3065 622 3127 sancti
650 3063 794 3123 Deitatem
823 3080 960 3142 capacem
989 3061 1093 3124 mortis
1123 3080 1191 3123 esse
1218 3059 1300 3124 dice-

72 3165 123 3240 tis,
147 3181 182 3226 ac
203 3163 332 3226 omnium
354 3164 572 3226 haereticorum
595 3160 766 3240 impiissimi
790 3162 938 3223 evasistis.
981 3161 1063 3222 Mors
1079 3161 1188 3242 quippe
1203 3162 1301 3224 earnis

74 3264 338 3328 consubstantialis
360 3264 452 3326 Verbi
474 3281 557 3356 mors
579 3261 644 3322 tuit.
688 3259 791 3339 Neque
814 3261 892 3322 enim
914 3261 1003 3323 Pater
1025 3279 1142 3324 carnem
1165 3261 1300 3343 gestavit,

75 3385 173 3448 neque
196 3365 324 3446 Spiritus
347 3371 477 3436 sanctus,
501 3369 534 3425 ut
556 3360 646 3441 impie
669 3361 857 3424 somniarunt
868 3361 1074 3436 Valentiniani,
1098 3363 1151 3424 sed
1174 3363 1301 3426 Verbum

72 3487 145 3532 coro
168 3468 283 3546 [comm
305 3474 360 3528 est.
405 3463 476 3525 ideo
498 3481 556 3526 nos
578 3461 648 3524 bum
671 3463 848 3526 confitemur
869 3462 963 3525 lbenm
986 3471 1016 3526 et
1037 3463 1189 3526 hominem
1212 3463 1299 3526 Chri-

76 3577 153 3631 stum
176 3559 260 3640 ess'e,
283 3583 468 3645 nequaquam
491 3563 649 3627 divisionis
671 3583 759 3628 seusa
780 3564 855 3626 haec
876 3564 1018 3638 dicimus,
1041 3563 1137 3638 absit,
1162 3563 1215 3625 ssd
1238 3582 1296 3642 quo

75 3667 232 3749 scripturis
262 3665 520 3744 obtemperemus,
555 3675 588 3728 ut
615 3665 757 3746 passione
786 3666 851 3727 eius
881 3685 951 3727 rere
980 3673 1044 3727 acta
1073 3673 1104 3726 et
1125 3663 1317 3764 annunciata¹

77 3771 171 3832 donec
189 3765 285 3828 veniat
306 3765 336 3825 in
360 3783 448 3824 carne
470 3765 590 3842 quidem
604 3765 692 3826 Verbi
713 3765 886 3844 passionem
908 3773 939 3826 et
952 3775 1082 3827 mortem
1097 3766 1299 3836 confiteamur,

77 3921 129 3971 ibor
140 3915 296 3979 supperiores
315 3905 383 3961 ὅταν
399 3909 460 3980 λέγῃ
478 3907 576 3979 μόνην,
592 3928 660 3964 men·
712 3913 810 3964 Gobier.
824 3913 962 3964 eti-*eiciam
974 3905 1023 3972 1.ἢ
1042 3901 1092 3961 otu
1106 3911 1140 3978 τῇ
1159 3905 1300 3980 ὁμολογίᾳ.

85 3989 149 4038 bosa.
711 3981 786 4030 Panic
805 3987 861 4044 post
878 3981 977 4040 Segoer.
997 3971 1013 4038 ἢ
1032 3971 1064 4026 τό
1082 3994 1127 4043 pro
1144 3975 1188 4028 stoi
1207 3975 1247 4028 τό.

115 4053 137 4102 d,
155 4041 310 4115 ἀντίλυτρον
327 4048 395 4099 deest
413 4047 436 4097 in
446 4047 546 4110 Seguer.
561 4047 659 4099 Gobier.
745 4049 764 4097 t.
781 4045 907 4096 desiliens.
924 4041 1155 4110 smnyybtborroc
1171 4042 1300 4096 umbrosi

85 4117 262 4178 struunt,
279 4115 323 4165 sed
341 4115 443 4164 babetur
460 4117 484 4164 in
503 4115 557 4164 eliis
575 4115 659 4164 inedi-
711 4107 870 4181 bpoousiou.
905 4113 1004 4177 Segoer.
1018 4113 1115 4164 Gobler.
1126 4115 1264 4164 etVetctm.
1277 4111 1299 4165 i.

85 4190 158 4252 tisqos
175 4193 197 4234 et
212 4185 233 4234 ic
253 4184 344 4235 Graeco
363 4183 503 4246 Seripterse
521 4190 592 4232 texto.
629 4175 660 4232 δέ
709 4176 937 4246 καταγγέλλοντες
954 4179 1003 4229 τοῦ
1013 4173 1172 4246 ὅμοουσίου,
1185 4175 1223 4248 μὴ
1235 4173 1300 4248 ὁμο-

84 4263 138 4322 post
154 4247 272 4318 Τιμοθέῳ
291 4251 360 4301 deest
377 4251 400 4300 in
419 4250 513 4300 iisdem.
708 4245 766 4315 λογ.
787 4250 814 4300 io
831 4249 916 4300 eodem
929 4264 984 4299 mox
996 4241 1046 4297 τὸν
1058 4242 1177 4314 χριστόν
1189 4249 1265 4301 deest.

118 4339 138 4374 e.
154 4321 191 4372 Sic
205 4321 301 4382 Segoer.
319 4319 458 4370 Gobierian.
478 4327 501 4369 et
518 4315 623 4367 Veleirm.
636 4317 657 4368 i.
744 4333 766 4379 u.
786 4317 819 4366 Ιιι
831 4312 869 4382 [il
880 4317 980 4380 Seguer.
1000 4315 1098 4369 Gobier.
1117 4326 1139 4369 et
1157 4317 1261 4370 Veieism.
1276 4319 1299 4370 1.

87 4391 143 4442 Editi
165 4398 187 4439 et
207 4388 244 4438 stit
267 4380 364 4443 πάλιν,
385 4379 465 4452 φησι.
503 4385 556 4436 btor
574 4399 659 4436 omnes
708 4385 771 4436 Ebiti
789 4377 929 4450 γεγόνατε.

88 4449 522 4520 teremanuscripttmsyytttoper,
542 4453 658 4504 ebitisto-
743 4456 767 4504 b.
784 4452 858 4502 Bssii.
876 4443 955 4532 ἄχρις
973 4443 1009 4500 ἂν
1024 4444 1099 4520 ἔλθῃ.
1135 4455 1207 4515 Sego.
1224 4451 1298 4515 paulo

91 4517 289 4590 vayystttpsmc.
327 4523 380 4574 blox
398 4522 595 4588 sditietquidam
605 4535 658 4570 me·
708 4528 765 4586 post
790 4513 978 4586 bpoioyouper
1002 4529 1026 4570 et
1050 4535 1104 4571 mox
1121 4511 1293 4581 πιστεύομεν.

93 4593 195 4656 uoscnpti
210 4601 233 4643 ιι
250 4593 274 4642 ic
292 4589 365 4644 texto'.
391 4591 482 4654 tostis.
500 4605 566 4652 sero,
584 4590 672 4654 Saum·
707 4587 800 4640 ibidem
817 4589 890 4640 Bosit.
905 4588 1002 4652 Segoer.
1015 4588 1112 4640 Gobter.
1123 4596 1147 4637 et
1158 4585 1261 4636 Felctm.
1274 4583 1296 4636 t.

124 4677 232 4722 trrrnrnr
244 4687 379 4723 ermonem
394 4687 443 4720 mr.
1060 4669 1093 4720 bb
1142 4667 1146 4672 ’
