3162 5308
510 389 515 396 .
544 355 653 404 onorio
668 363 706 406 rr.
723 363 837 408 oourno
852 365 987 412 omanus.
1292 365 1353 428 647
1459 405 1462 419 ,
1503 366 1507 374 “

138 563 142 577 .
216 511 268 572 25.
314 509 457 582 Quocirca
479 511 590 574 insanit
609 515 742 592 proiecto
764 515 866 591 Arius,
896 503 1031 582 eunr'ait
1051 521 1179 588 Verburn
1202 547 1236 588 ex
1261 532 1350 595 nihilo
1362 551 1437 596 rme.

118 629 219 684 esse,
253 611 403 692 fuisseque
430 613 585 694 aliquando
615 635 680 678 curn
709 635 770 678 non
798 629 888 682 esset.
932 622 1046 684 insanit
1065 626 1177 704 pariter
1199 628 1352 708 sabellius,

119 731 197 774 oum
219 713 337 776 Patrem
359 713 464 776 Filium
487 723 556 778 esse
578 725 607 780 et
627 717 732 780 Filium
753 720 872 782 Patrem
895 741 961 786 esse
983 724 1086 800 docet,
1116 745 1206 790 unum
1236 733 1352 812 quidem
1413 785 1419 802 .

82 851 88 864 ·
118 813 301 896 hypostasi,
331 816 383 878 sed
407 816 526 879 nornine
548 818 642 895 duos3
670 839 758 900 quem
781 830 813 884 ut
835 841 921 884 suurn
944 825 1099 888 oouiirmet
1120 847 1269 908 errorem,
1298 835 1352 895 de-

118 923 247 978 menter
267 925 298 980 et
317 935 473 998 perperam
488 919 621 1000 exempto
637 923 746 1001 gratiae
762 923 890 1003 Spiritus
906 926 1006 989 utitur.
1040 927 1086 990 nir
1101 929 1193 992 enim:
1217 933 1352 1007 „Quem-

121 1018 317 1092 „admodum
347 1022 508 1085 divisiones
541 1035 613 1085 sunt
634 1029 819 1103 prationem,
849 1027 924 1088 idem
951 1041 1051 1092 eutem
1079 1029 1230 1112 Spiritus,
1263 1035 1301 1096 ita
1323 1046 1353 1098 et
1444 1009 1447 1020 ’

122 1127 248 1200 „Pater
269 1125 345 1188 idem
369 1123 486 1202 quidem
510 1134 566 1199 est,
589 1125 641 1186 sed
664 1126 694 1186 in
717 1125 822 1188 Filium
846 1137 876 1189 et
897 1127 1041 1208 Spiritum
1062 1130 1230 1196 ditantur·
1275 1137 1433 1210 Sanouasr.

121 1228 157 1290 id
180 1228 396 1310 perabsurdum
419 1236 473 1290 est.
517 1227 548 1290 Si
571 1227 650 1290 euim
673 1229 775 1290 eadem
798 1237 845 1290 est
866 1229 940 1291 ratio
962 1229 1014 1292 Dei
1037 1240 1068 1293 et
1088 1233 1225 1314 Spiritus,
1249 1241 1350 1319 sequi-

120 1339 179 1394 tur
199 1339 234 1392 ut
254 1331 341 1393 Pater
362 1329 489 1392 Verbum
512 1330 551 1392 sit
573 1338 601 1392 et
624 1329 753 1410 Spiritus
775 1341 911 1404 sanetus,
945 1333 985 1394 ita
1008 1341 1041 1396 ut
1062 1353 1129 1398 sese
1151 1337 1187 1398 ad
1209 1339 1351 1421 cuiusque

109 1433 337 1496 necessitatem
361 1432 585 1496 accommodans
608 1433 698 1495 modo
721 1433 761 1494 sit
782 1433 878 1507 Pater,
902 1434 991 1496 modo
1013 1436 1151 1514 Verbum,
1174 1441 1263 1503 modo
1279 1443 1350 1524 Spi-

121 1535 214 1610 ritus,
244 1546 332 1615 atque
354 1535 428 1596 adeo
451 1535 571 1596 nomine
594 1543 678 1598 tenus
701 1535 794 1597 Filius
816 1534 925 1598 enitet
946 1536 1086 1618 Spiritus,
1107 1559 1140 1602 re
1161 1549 1258 1604 autem
1280 1563 1350 1608 vera
1466 1575 1478 1602 a

120 1636 330 1700 tantummodo
352 1637 451 1710 Pater,
473 1636 522 1716 qui
546 1645 689 1716 quatenus
713 1647 760 1700 est
777 1637 868 1700 Vilius
889 1639 1066 1719 principium
1088 1641 1193 1706 habeat
1214 1663 1248 1706 ao
1261 1645 1349 1710 Pater

121 1739 265 1820 appellari
289 1738 413 1812 desinat,
437 1737 487 1818 qui
509 1737 574 1799 solo
597 1739 717 1800 nomine
738 1739 828 1802 homo
851 1741 944 1804 iaetus
967 1743 1014 1817 sit,
1037 1763 1106 1806 vere
1126 1755 1223 1808 autem
1238 1765 1276 1810 ne
1293 1749 1347 1811 ad-

121 1841 242 1904 venerit
263 1841 397 1920 quidem,
421 1839 470 1926 qui
493 1841 619 1921 denique
641 1841 713 1904 ialse
736 1841 856 1904 dixerit:
884 1843 947 1925 Epo
969 1855 998 1907 et
1020 1845 1125 1918 Potor,
1157 1867 1224 1910 oum
1245 1869 1348 1914 revera

122 1943 191 2022 ipse
213 1941 253 2004 sit
273 1942 376 2016 Pater3
405 1951 560 2022 ceteraque
582 1943 725 2017 absurda,
755 1963 829 2025 quae
852 1945 972 2008 Sabellii
1001 1939 1133 2010 errorem
1156 1949 1346 2031 subsequun-

124 2053 184 2107 tur.
230 2043 405 2108 Nooessario
432 2045 503 2107 item
525 2051 680 2108 evanescet
702 2045 765 2107 Filii
790 2055 823 2116 et,
842 2047 971 2126 Spiritus
997 2047 1106 2112 nomen
1135 2052 1199 2114 eius
1230 2054 1345 2133 expleto

121 2165 197 2219 usu,
224 2163 258 2208 ac
284 2147 409 2228 pr'oiude
436 2146 507 2210 nibil
530 2147 588 2208 nisi
611 2147 697 2210 ludus
719 2147 774 2210 erit
805 2167 880 2228 quae
902 2158 965 2212 actu
988 2159 1073 2224 sunt,
1104 2169 1169 2214 oum
1193 2173 1253 2216 non
1274 2175 1345 2218 rere

123 2251 177 2312 sed
199 2251 319 2314 nomine
348 2259 435 2313 tenus
464 2250 624 2312 extiterint.
668 2249 770 2312 Deleto
793 2259 891 2312 autem
914 2271 949 2312 ex
972 2251 1088 2314 illorum
1111 2256 1256 2318 sententia
1277 2257 1342 2319 Filii

121 2353 243 2416 nornine
265 2360 418 2416 evanescet
439 2371 557 2432 quoque
579 2352 719 2432 Baptismi
742 2353 852 2432 gratia,
875 2353 983 2434 quippe
1006 2354 1055 2435 qui
1078 2355 1108 2416 in
1131 2355 1235 2418 Filium
1256 2357 1343 2420 datus

122 2455 171 2517 sit.
216 2455 294 2530 Quid
315 2473 385 2517 reru
409 2454 478 2517 iude
501 2461 652 2534 sequetur,
675 2453 732 2516 nisi
754 2473 853 2516 rerum
876 2465 1038 2518 creatarum
1062 2455 1226 2520 interitus?
1269 2459 1343 2524 Nam
1459 2445 1462 2462 '

123 2557 148 2616 si
169 2566 202 2618 ut
223 2575 280 2618 nos
299 2575 467 2619 crearemur
487 2556 615 2618 Verbum
635 2556 756 2636 prodiit,
780 2575 874 2637 eoque
895 2558 1061 2638 prodeunte
1077 2559 1238 2636 existimus,
1262 2573 1344 2628 certe

124 2656 189 2735 ipso
211 2657 242 2717 in
263 2657 391 2731 Patrem,
413 2658 454 2719 uti
476 2658 566 2730 aiunt,
589 2659 730 2736 redeunte
753 2659 879 2722 existere
894 2660 1076 2722 desinemus.
1120 2660 1170 2722 Sio
1191 2659 1269 2722 enim
1291 2663 1339 2724 ilie

124 2757 188 2833 erit,
212 2769 245 2820 ut
265 2766 350 2820 antea
372 2767 445 2834 erat,
467 2759 512 2822 sio
532 2761 601 2822 item
623 2779 680 2824 nos
702 2761 776 2823 nibil
796 2761 854 2822 iam
877 2761 998 2833 erimus,
1022 2759 1267 2840 quemadmodum
1289 2763 1339 2823 ni-

121 2859 163 2922 hil
183 2861 268 2942 prius
291 2879 416 2924 eramus.
460 2861 504 2922 Eo
527 2863 634 2943 qtrippe
657 2881 716 2925 nou
739 2863 865 2942 amplius
886 2861 1052 2941 prodeunte
1074 2862 1151 2924 nulla
1174 2863 1271 2926 future
1293 2871 1341 2926 est

121 2981 168 3024 res
192 2971 298 3025 ereata.
879 2952 893 3034 ¹.

202 3068 255 3130 26.
298 3065 406 3128 Verum
428 3065 501 3127 haee
522 3065 640 3146 quidem
662 3063 876 3127 absurdissima
899 3072 977 3126 suut
1023 3063 1109 3136 Quod
1127 3071 1225 3128 autem
1246 3063 1337 3130 Filius

120 3166 293 3248 principium
317 3167 462 3228 existendi
484 3165 595 3230 nuiluru
617 3166 768 3238 habuerit,
799 3165 851 3227 sed
880 3183 999 3244 semper
1026 3173 1058 3226 et
1084 3171 1152 3228 ante
1180 3166 1337 3230 humanam

120 3277 251 3332 naturam
274 3277 433 3332 assumtam
455 3269 532 3350 apud
553 3268 669 3332 Patrem
693 3267 855 3341 exstiterit,
877 3275 959 3346 patet
979 3285 1014 3330 ex
1036 3267 1083 3330 bis
1105 3267 1203 3330 verbis
1225 3269 1338 3349 prinae

120 3369 240 3434 ioannis'
255 3374 423 3454 Epistoiae:
455 3374 545 3448 Quod
564 3373 626 3452 soit
647 3371 683 3434 od
706 3373 808 3446 initio,
838 3371 918 3451 quod
930 3367 1127 3442 sediminas,
1159 3371 1336 3452 quod-oidi-

121 3493 182 3536 mua
206 3475 300 3538 oeulis
321 3480 454 3548 nostris,
487 3477 566 3557 qood
583 3477 810 3555 perspeuoinus,
833 3481 991 3534 simonos
1014 3483 1141 3534 nostroe
1164 3481 1335 3535 contrecto-

121 3589 225 3639 uerunt
248 3579 282 3640 de
306 3577 399 3641 Verbo
421 3581 518 3642 uitae:
552 3587 580 3639 et
602 3581 665 3638 oito
685 3575 882 3654 omnisestoto
903 3583 963 3645 est,
988 3584 1017 3636 et
1038 3573 1167 3636 vidimus
1190 3585 1218 3637 et
1240 3584 1333 3654 testo·
1367 3609 1371 3618 ·

120 3696 185 3740 mur
206 3689 234 3742 et
257 3684 475 3742 oorruooioaous
498 3679 581 3740 vobis
604 3681 697 3741 oitom
718 3689 886 3746 oeternum,
917 3694 991 3756 quoe
1013 3685 1080 3738 erm
1101 3675 1184 3755 opud
1204 3674 1334 3748 Putrem,

121 3791 147 3842 et
167 3784 311 3862 opporuit
332 3781 428 3842 nobis.
471 3779 527 3840 Hie
554 3797 620 3840 oum
648 3778 725 3840 dicat
746 3778 890 3850 loannes,
917 3775 1004 3850 vitam
1033 3793 1094 3836 nou
1122 3777 1226 3837 iactam
1255 3793 1333 3848 esso,

121 3881 168 3942 sed
190 3881 281 3942 iuisse
302 3879 379 3958 apud
394 3879 522 3952 Patrem,
543 3878 620 3940 idem
643 3878 673 3938 in
697 3878 832 3938 iineeius
847 3875 996 3955 Epistulae
1011 3875 1115 3936 Filium
1135 3875 1222 3936 vitam
1237 3875 1331 3955 ipsam

121 3999 184 4044 esse
205 3980 251 4044 bis
273 3981 400 4042 declarat
421 3977 534 4041 verbis:
563 3977 601 4040 Et
623 3997 728 4040 suanus
750 3981 783 4039 in
804 3994 889 4047 uero,
911 3980 943 4038 io
965 3975 1041 4037 Filio
1064 3980 1127 4038 eius
1151 3975 1220 4039 iesu
1242 3977 1332 4041 Obri-

150 4135 165 4186 i.
182 4135 238 4198 Reg.
263 4133 408 4196 etSeguer.
432 4131 470 4197 τῷ
487 4125 581 4195 λέγω.
617 4129 694 4182 Ceteri
749 4127 769 4178 l.
805 4129 832 4177 dt
850 4127 938 4191 buglis.
957 4113 1117 4179 oivomittit.
1153 4129 1230 4180 Ceteri
1241 4129 1331 4182 etediti

120 4211 141 4254 et
156 4205 210 4254 editi
228 4197 259 4251 ri
277 4197 371 4267 λέγειν.
409 4200 483 4252 Pouio
509 4208 564 4260 post
591 4199 646 4262 itep.
674 4208 697 4248 et
747 4187 795 4245 οὐκ
821 4181 869 4244 οὖν
893 4185 968 4263 ἦμεν.

120 4271 211 4336 Seguer.
230 4263 270 4321 ὢν
288 4263 302 4319 ὃ
319 4263 421 4338 πατὴρ,
439 4263 484 4318 καὶ
503 4261 561 4318 ὅσα.
598 4268 623 4318 iu
642 4267 696 4316 aliis
781 4266 803 4314 it.
822 4266 993 4328 diepetSegu.
1013 4257 1090 4323 tinini
1107 4256 1120 4312 d
1137 4257 1270 4326 Ἰωάννης.
1300 4267 1329 4318 dt
1383 4275 1387 4290 ¹

121 4347 141 4390 et
156 4341 223 4392 editis
242 4332 256 4388 d
275 4340 350 4392 deest.
747 4323 761 4380 d
786 4333 853 4384 obest
871 4333 901 4382 ab
925 4333 979 4384 uitis
1005 4341 1028 4382 et
1052 4333 1130 4383 editis.
1164 4334 1214 4384 biox
1233 4333 1327 4398 Regius,

149 4441 168 4488 Β,
186 4425 259 4479 unp,
277 4417 392 4487 ἀπαντᾷ,
428 4422 506 4473 ew,
525 4413 641 4470 guma,
745 4403 845 4466 Segoer.
871 4402 942 4452 [iasii.
971 4409 994 4450 et
1011 4399 1130 4464 bugiiexn.
1150 4387 1325 4460 divinandis.
1364 4397 1368 4406 ’

149 4520 170 4567 ¹¹·
188 4519 244 4582 ΗΘΒ·
263 4519 361 4582 ὃθδῦθῑ·
380 4525 403 4567 ⁰¹
421 4517 518 4568 G⁰V¹⁰⁵
537 4507 669 4576 mmai
745 4469 796 4588 MV.
808 4471 1155 4600 epigoppgoogpgepperponpt
1172 4538 1211 4588 alii
1230 4545 1253 4588 et
1270 4536 1326 4588 editi

151 4610 167 4658 i.
184 4611 223 4660 Sic
240 4611 296 4673 Reg.
317 4612 414 4673 Segosr.
434 4611 531 4664 Gobier.
551 4617 573 4658 et
591 4607 694 4658 Feicitnr.
744 4597 808 4674 ἔφη.
