3162 5308
508 391 651 432 arissam
667 389 686 432 ι.
702 391 738 430 sn
754 387 947 432 ssessionem.
1272 373 1333 436 687

87 547 275 630 profunda
296 543 362 606 Dei.
409 541 485 616 this
513 545 590 604 enin
621 545 677 603 scit
704 559 778 621 pisae
798 551 870 602 snm
893 537 1018 600 bomim‘s
1040 537 1256 616 nisi‘Spiritus
1280 539 1418 601 tio-acsi.

68 653 219 719 minis,
243 651 296 728 paci
314 647 432 723 inipso
456 639 524 706 est?
545 647 640 706 itaet
662 660 736 722 puae
749 641 808 704 Dei
828 652 901 702 sunt
923 657 1006 702 remea
1030 643 1166 716 coenavit
1187 641 1249 699 nisi
1263 639 1335 718 Spi-

94 756 201 831 ritus
223 750 289 811 Dei.
334 744 396 808 Nos
419 755 519 806 autem
540 761 603 806 nan
625 746 766 822 spiritum
787 741 894 801 mundi
913 743 1089 822 accepimus,
1112 741 1163 802 sed
1178 739 1335 819 Spiritum,

94 856 171 933 qui
192 867 232 914 ea
253 849 315 911 Deo
338 856 393 918 cst,
416 857 452 908 ut
472 850 600 908 sciamus
623 863 697 925 quas
719 863 738 906 a
758 843 821 904 Deo
845 843 958 908 donato
980 854 1052 904 sunt
1073 843 1168 904 nolis.
1212 841 1248 902 Et
1269 850 1338 921 post

94 970 227 1034 pauca:
250 951 388 1020 Nescitis,
409 951 480 1029 puio
502 946 643 1037 templum
659 946 716 1008 Dei
735 949 807 1008 estis
829 955 858 1005 st
872 943 1008 1022 Spiritus
1022 943 1081 1005 Ilei
1101 943 1219 1005 bolitat
1236 947 1267 1004 in
1283 963 1337 1006 vo-

95 1052 191 1118 bis?
234 1051 289 1113 Et:
318 1049 377 1113 Sed
398 1048 496 1111 abluti
516 1052 601 1119 estis,
626 1047 677 1110 sed
698 1045 881 1125 sanctificati
900 1049 986 1116 estis,
1016 1046 1068 1108 sed
1088 1046 1246 1126 iustificati
1265 1051 1348 1116 estis.

96 1161 142 1218 in
171 1159 294 1218 nomine
316 1152 438 1213 Dmnini
456 1153 558 1213 nostri
578 1149 648 1212 lesu
672 1148 785 1210 Christi
813 1159 842 1208 at
869 1151 902 1208 in
924 1145 1043 1225 Spiritu
1066 1145 1123 1210 Dei
1148 1152 1258 1209 nostri.
1301 1147 1338 1208 Et

96 1274 244 1320 rssrsus:
267 1254 348 1341 Haec
367 1263 466 1316 autem
489 1255 588 1314 omnia
610 1263 756 1332 operatur
777 1268 857 1312 ursus
880 1258 908 1310 st
929 1249 1005 1310 idem
1027 1248 1181 1327 Spiritus,
1204 1250 1338 1312 dividens

96 1362 250 1442 proprie
271 1355 412 1435 sinpulis,
433 1365 528 1435 prout
551 1353 626 1416 uult.
670 1351 721 1414 m:
751 1351 897 1414 llominus
919 1359 1019 1412 cutem
1041 1348 1175 1440 Spiritus
1198 1360 1259 1426 est,
1288 1351 1341 1414 uli

97 1472 223 1534 autem
244 1457 377 1538 Spiritus
401 1455 528 1526 Domini,
551 1456 593 1518 ibi
613 1455 747 1530 libertos.
791 1452 863 1514 vide
886 1451 972 1514 etism
994 1451 1143 1530 quomodo
1165 1451 1201 1514 ad
1225 1451 1339 1514 Galatas
1407 1507 1412 1514 .

96 1562 158 1627 bis
188 1558 289 1620 verbis
312 1556 436 1618 scribat:
470 1555 506 1617 Ut
529 1557 689 1618 benedictio
712 1554 850 1618 Abrabae
878 1553 964 1634 fieret
986 1559 1024 1615 iu
1048 1553 1166 1618 Christo
1190 1553 1275 1626 lesu,
1303 1565 1340 1617 ut

91 1662 370 1745 pollicitationem
399 1658 535 1738 Spiritus
563 1661 742 1736 accipiamus
761 1674 819 1735 per
840 1655 937 1736 pidem,
981 1653 1017 1716 Et
1038 1655 1159 1716 iterum:
1190 1656 1340 1731 Quoniam

99 1775 223 1827 autem
245 1762 316 1822 estis
338 1757 411 1840 pilii,
439 1761 520 1820 misit
539 1757 621 1818 Deus
643 1756 793 1837 Spiritum
814 1755 886 1820 Filii
911 1761 961 1818 sni
980 1760 1013 1818 iu
1037 1758 1129 1820 corda
1151 1768 1253 1820 vestra
1278 1759 1341 1820 cla-

97 1873 270 1928 mantcm:
298 1861 387 1930 slllc,
411 1857 511 1922 Potor.
555 1858 659 1939 ltaque
680 1862 740 1920 iam
761 1877 822 1921 non
845 1877 875 1920 es
898 1877 1017 1945 servum
1038 1859 1090 1921 sed
1111 1858 1205 1941 filius·
1253 1860 1341 1934 Quod

100 1971 137 2030 si
162 1962 265 2044 filius,
290 1969 318 2022 et
341 1961 425 2022 berea
442 1959 499 2022 Dei
515 1979 574 2042 per
591 1959 753 2022 corissum.
798 1959 877 2020 llaec
892 1977 1008 2039 quoque
1024 1959 1088 2022 eius
1104 1961 1224 2022 suntad
1239 1961 1339 2040 Ephe·
1449 1973 1452 1982 “

105 2068 185 2128 sias
211 2062 315 2124 verba:
344 2063 381 2124 lit
407 2063 501 2124 nolite
530 2067 713 2125 contristare
735 2061 886 2142 Spiritum
907 2073 1045 2124 sanctum
1066 2061 1135 2138 Dei,
1150 2066 1205 2127 ·in.
1218 2049 1284 2144 qno*
1297 2067 1341 2126 si-

105 2169 211 2250 pnati
232 2169 303 2227 estis
326 2167 358 2226 in
380 2165 456 2227 diem
477 2166 678 2228 redemtionis.
722 2163 759 2224 Et
774 2181 896 2224 rursus:
920 2161 1041 2225 Soliciti
1058 2181 1183 2226 serrare
1196 2169 1342 2228 unitatem

104 2271 261 2350 Spiritus
284 2271 316 2330 in
339 2265 458 2328 uinculo
479 2269 573 2347 pacis.
617 2267 661 2326 Ad
682 2264 887 2343 Philippenses
909 2283 979 2325 vero
996 2265 1070 2326 baec
1091 2265 1342 2330 confidentissime

106 2361 242 2434 scribit:
274 2369 354 2443 Quid
375 2366 478 2430 enim?
506 2369 576 2430 diam
604 2371 685 2429 omni
709 2367 796 2430 modo
826 2369 888 2428 siue
914 2385 969 2445 per
1001 2370 1184 2428 occasionem
1205 2371 1267 2430 siue
1286 2385 1343 2445 per

107 2477 282 2536 veritatem
306 2470 443 2534 Christus
466 2471 682 2538 annuncietur,
716 2478 746 2529 et
774 2472 805 2529 in
828 2467 882 2530 loc
902 2467 1032 2548 pendeo,
1066 2467 1117 2540 sed
1144 2477 1172 2529 et
1198 2466 1342 2545 pendebo.
1370 2507 1378 2548 ,

112 2573 190 2632 Scio
217 2575 307 2642 enim,
340 2575 410 2650 puio
439 2571 493 2632 loc
514 2571 588 2632 mibi
604 2573 763 2650 proveniet
784 2569 823 2631 ad
844 2569 971 2632 salutem
990 2587 1049 2648 per
1070 2577 1204 2630 vestram
1226 2572 1343 2630 oratio-

110 2687 191 2732 nem
216 2680 244 2730 et
265 2670 571 2734 subministrationem
592 2671 727 2752 Spiritus
749 2669 819 2734 lesu
843 2671 970 2745 Christi,
1004 2669 1167 2732 secundum
1188 2679 1343 2748 exspecta-

114 2775 239 2836 tionem
261 2779 290 2832 et
310 2788 391 2850 span
412 2789 514 2844 measa,
536 2777 607 2854 qnia
628 2777 661 2834 iu
682 2771 768 2836 nullo
792 2773 976 2852 confundar.
1020 2769 1072 2831 m:
1104 2770 1167 2832 Nos
1189 2775 1267 2832 euim
1289 2789 1343 2832 su-

110 2890 188 2934 mus
217 2873 418 2943 circumcisio,
449 2877 500 2952 qui
519 2874 652 2954 Spiritui
672 2872 730 2936 Dei
750 2877 897 2936 servimus
926 2883 955 2934 et
976 2872 1146 2951 ploricmur
1168 2876 1200 2934 in
1223 2871 1427 2934 cccccccccc.

113 2975 206 3036 lesu.
253 2971 291 3032 Et
312 2971 347 3031 ad
364 2971 662 3036 Thessalonicenses:
684 2974 789 3054 ltaque
804 2976 994 3054 quisperant,
1016 2989 1079 3033 non
1094 2971 1241 3034 bominem
1255 2990 1344 3053 sper-

112 3081 175 3146 nit,
204 3075 258 3135 sed
278 3073 383 3144 Deum,
407 3078 459 3154 qui
479 3077 530 3138 dat
551 3075 700 3156 Spiritum
715 3085 852 3136 sanatum
874 3078 1014 3136 suumin
1037 3074 1130 3136 vobis.
1174 3071 1253 3135 llaec
1273 3074 1344 3136 item

116 3177 156 3240 ad
182 3173 338 3236 Hebraeos
361 3175 477 3238 scribit:
501 3175 565 3238 Hoc
587 3175 775 3256 sipniplccnte
798 3173 918 3254 Spiritu
939 3186 1054 3245 sarecto,
1075 3176 1206 3238 nondum
1227 3193 1345 3256 propa-

118 3279 221 3342 latam
243 3295 307 3338 esse
327 3287 503 3340 sanctorum
525 3281 603 3340 aiam
625 3277 721 3341 adbuc
740 3278 846 3356 priore
868 3276 1060 3340 tabernaculo
1084 3277 1207 3340 labente
1221 3287 1344 3340 statum.

117 3467 214 3516 babeat
241 3455 287 3510 nul
315 3455 569 3526 paicieacc'nciisu·
595 3455 639 3511 ἵνα
667 3472 711 3512 etc.
763 3463 899 3526 Scripturas
923 3455 1026 3511 tesius(
1045 3463 1157 3512 ottobon.
1177 3458 1206 3510 τί
1219 3457 1274 3528 γὰρ
1294 3453 1344 3514 ὅτι.

117 3535 215 3584 Ibidem
236 3545 281 3595 pra
306 3514 711 3598 liisrerbisoaidiedareaipsa
762 3523 995 3580 stiteteontztii
1015 3521 1110 3580 i'rsetc.
1146 3531 1345 3582 Moxssobteiisu.

117 3595 234 3668 κυρίου,
263 3600 318 3661 lleg.
342 3597 364 3647 2.
391 3600 461 3648 babet
490 3583 522 3646 οὗ
550 3593 580 3647 δὲ
608 3592 707 3665 κύριος.
763 3597 901 3652 Felclm.l.
920 3608 943 3648 et
961 3600 1059 3660 Segosa.
1078 3590 1205 3662 dinisip'
1224 3594 1345 3664 Χριστὸς

119 3673 180 3720 item
200 3667 262 3718 ibid.
282 3667 372 3746 liepl.
392 3676 414 3746 sut
432 3667 504 3728 Seps.
521 3659 576 3717 ἐκεῖ
591 3669 710 3718 omittant.
762 3659 815 3734 γὰρ
833 3661 1048 3732 καταγγέλλεται.

119 3739 173 3818 ῌΟξ
201 3737 277 3810 ῘΜΒΨ
304 3748 356 3802 θρα
382 3728 411 3782 ‘5⁶
436 3734 501 3788 πῶς·
536 3735 581 3786 Am
608 3747 631 3785 ⁰²
655 3737 712 3786 edm
797 3767 819 3814 lc.
839 3769 878 3821 Sic
897 3768 986 3829 liepl.
1005 3769 1103 3828 Segner.
1123 3769 1306 3819 Gabll'elcbm.
1322 3769 1343 3818 1.

120 3817 203 3874 epure
223 3813 315 3878 tlte?-¹
764 3841 836 3882 etin
856 3835 893 3882 lis.
929 3839 956 3883 lt
979 3835 1036 3896 fleg.
1055 3834 1078 3882 2.
1103 3835 1175 3886 llasil.
1200 3837 1301 3886 Felekm.
1321 3837 1345 3886 2.
1410 3879 1415 3890 .

120 3891 176 3992 Gi·
202 3881 255 3918 και
277 3865 358 3914 “am
381 3855 449 3917 ’ΒΨ
466 3885 478 3916 ³
497 3871 553 3944 Μ·
573 3869 594 3917 ¹·
613 3869 712 3946 signer·
762 3851 935 3964 καραέοκίαν,
980 3901 1041 3950 Editi
1068 3897 1247 3968 naoadoxs'ar.
1294 3905 1345 3955 llos

123 3941 237 4020 ‚⁰bllf3
252 3943 274 3982 ⁰¹
296 3935 399 3984 ffickm·
419 3937 439 3984 ¹·
476 3935 566 3984 ΜΨ
584 3937 671 3996 flessm
688 3935 713 3984 ²·
764 3969 833 4016 verbs
853 3959 896 4014 ’ότι
913 3961 943 4014 ἐν
957 3957 1048 4016 οὐδενὶ
1065 3961 1285 4036 αἰσχυνθήσομαι
1303 3974 1345 4024 de-

122 4021 184 4059 ισῑὲ
203 4015 309 4064 rimu·
764 4042 822 4083 sunt
844 4035 867 4082 in
892 4035 988 4084 Gobler.
1014 4045 1036 4084 et
1054 4036 1156 4086 Felcbm.
1177 4025 1346 4104 1.qmitde'm

124 4075 270 4194 ssliclfll
288 4061 715 4204 i'dt‘ddllitsbittit!
764 4103 826 4180 ira
846 4101 947 4152 habear
964 4097 1010 4150 ri
1024 4099 1263 4155 θεσσαιονικεῡσι·
1283 4102 1297 4156 a
1316 4103 1347 4157 ss

76 4242 78 4256 ,
125 4203 163 4279 c
182 4205 286 4268 aon
383 4191 485 4284 ns
586 4203 713 4280 san
764 4166 1346 4312 stramoniasisterico:

129 4275 400 4426 lllsl⁰lili‘lsill'sl
416 4267 564 4394 biblii
574 4271 714 4392 dliii:
765 4314 873 4437 3233351
901 4305 1049 4374 'rerem
1072 4310 1139 4366 rer
1163 4327 1175 4361 ι
1200 4315 1256 4375 ¹¹0⁸·
1278 4314 1298 4363 ¹·
1322 4321 1346 4364 a

130 4411 297 4534 tsppsszbw.
316 4487 339 4529 et
357 4479 460 4529 lelclm.
472 4478 502 4555 Ἰ.
520 4471 564 4526 rai
581 4472 712 4536 diliana-
796 4475 814 4526 Ι.
828 4477 886 4557 lleg.
899 4479 920 4528 1.
939 4488 962 4528 et
973 4479 1071 4542 Seflaer.
1089 4479 1175 4530 cairo.
1199 4481 1273 4532 Panlo
1290 4490 1346 4546 post

137 4543 215 4600 sisu·
235 4543 319 4606 sisic.
353 4547 720 4606 tbiismnoemectiegmnc·
763 4541 1164 4610 praecollep.2.etBasil.ini.
1200 4549 1344 4614 itempaulo

136 4613 233 4676 Segasa.
250 4611 278 4663 τί
294 4609 450 4682 primatia
467 4605 510 4662 ὅτι
527 4623 553 4664 ut
570 4623 593 4665 et
609 4615 713 4666 Graecus
764 4623 819 4678 post
837 4616 892 4678 llep.
914 4615 935 4668 l.
955 4624 978 4668 et
995 4616 1093 4680 Segusa.
1112 4607 1322 4676 ἄξιωθήσισθαι.
