3226 5308
553 389 661 434 curro
677 387 717 434 rr.
732 389 848 434 eornm
861 389 997 462 scupos.
1123 453 1130 464 ,
1313 387 1373 452 ont

149 555 273 621 nuntur,
297 563 388 609 unum
410 561 481 606 vero
504 547 584 614 snut,
607 548 752 620 quotenus
774 539 918 622 splendor
938 541 975 606 sb
997 541 1066 624 igne
1081 552 1199 610 estnec
1218 549 1255 610 ab
1278 569 1314 612 oo
1329 552 1463 616 rii-rme

150 649 211 712 ridi
233 655 344 732 potest.
1417 669 1448 682 ·’

223 755 289 818 tt.
335 749 414 811 Sane
436 745 478 808 illi
499 744 530 806 in
552 741 676 806 eundem
699 740 876 830 dementiam
898 743 1033 807 incidunt
1053 764 1087 808 nc
1100 746 1209 812 Amani.
1252 749 1327 814 Nom
1349 761 1378 816 et

17 863 24 872 '
148 853 211 934 ipsi
231 851 362 914 Verbum
384 848 467 910 nium
486 855 610 926 propter
632 862 689 908 nos
712 851 843 906 eorum
865 861 945 919 esse,
967 853 1001 907 ut
1021 865 1078 908 nos
1099 849 1237 913 videlieet
1253 863 1377 929 crearet,

149 953 234 1036 qussi
255 953 335 1015 Deus
363 955 497 1012 nostrum
526 952 730 1026 exspectasset
756 945 952 1019 creationem,
985 955 1018 1008 ut
1044 948 1089 1010 vel
1119 952 1282 1016 secundum
1310 953 1376 1018 ilios

148 1055 250 1136 ipsum
273 1052 436 1122 emitteret,
469 1048 515 1110 vel
536 1047 699 1110 secundum
727 1046 805 1108 istos
828 1055 950 1108 oresrst.
994 1046 1065 1110 Plus
1093 1048 1183 1128 igitur
1210 1053 1298 1116 nobis
1321 1056 1375 1118 tri·

148 1155 247 1218 hnunt
267 1151 365 1215 Ariani
388 1168 475 1232 quom
497 1148 582 1212 Filio.
626 1148 687 1210 Nec
709 1146 787 1210 enim
809 1165 867 1209 nos
889 1157 1012 1228 propter
1032 1149 1124 1223 ilium,
1148 1151 1300 1231 inquiunt,
1322 1157 1376 1220 sed

148 1255 202 1318 iile
222 1263 345 1336 propter
364 1269 420 1315 nos
442 1253 536 1314 iectus
559 1257 617 1323 est,
641 1247 667 1310 si
689 1265 796 1328 nempe
818 1248 930 1310 idcirco
952 1256 1070 1312 uentus
1087 1259 1179 1314 estet
1198 1254 1319 1330 exstitit,
1342 1265 1376 1320 ut

148 1374 208 1418 nos
229 1355 308 1419 Deus
330 1373 385 1436 per
406 1371 474 1416 eum
495 1359 619 1414 crearet
663 1349 701 1411 ni
723 1359 821 1411 numm
843 1348 907 1428 pori
930 1349 1086 1412 ueletiam
1103 1353 1209 1414 maiori
1223 1355 1375 1436 impietate

146 1457 248 1519 minus
269 1457 333 1520 Deo
355 1473 443 1536 quum
470 1451 558 1515 nobis
580 1450 758 1513 concedunt
809 1449 873 1512 Nos
902 1449 981 1512 euim
1011 1469 1100 1531 saepe
1127 1453 1173 1514 rel
1199 1454 1322 1518 silentes
1344 1467 1375 1522 et

145 1558 245 1620 solum
266 1557 431 1638 cogitantes
454 1553 579 1634 egimus,
602 1553 642 1614 ito
664 1561 698 1614 ut
718 1569 762 1624 ee,
784 1569 860 1631 quoe
882 1552 1063 1630 cogitamus,
1087 1553 1175 1615 etium
1196 1555 1372 1636 imaginibus

145 1667 177 1721 et
198 1658 365 1721 simulacris
388 1656 599 1737 exprimentur,
622 1653 652 1714 hi
667 1670 745 1718 ¹vero
760 1651 854 1715 Deum
869 1652 1006 1715 silentem
1021 1653 1095 1717 nihii
1115 1673 1213 1735 egere,
1236 1658 1289 1720 sed
1305 1667 1372 1722 tsn-
1482 1667 1492 1674 “

143 1738 209 1824 tum
229 1761 402 1839 loquentem
424 1757 482 1818 vim
504 1755 616 1818 hebere
637 1753 748 1828 volunt,
772 1755 799 1816 si
822 1753 922 1833 utiquc
944 1754 1038 1817 silens
1060 1755 1132 1818 nihii
1153 1759 1285 1838 potuerit
1306 1761 1372 1822 ett-

98 1845 105 1854 ’
145 1879 231 1934 cere,
265 1859 317 1920 sed
345 1859 471 1939 loquens
500 1875 600 1919 oreore
628 1855 801 1935 incoeperit.
845 1855 1004 1918 Enimvero
1032 1873 1157 1936 aequum
1188 1867 1235 1920 est
1258 1877 1315 1923 noe
1335 1861 1372 1922 sb

143 1959 204 2023 illis
224 1978 382 2041 quaerere,
404 1977 475 2028 num
497 1958 643 2032 Verbum,
672 1975 738 2048 oupn
761 1965 844 2019 esset
864 1956 997 2031 inliso,
1019 1960 1183 2038 perfectum
1203 1960 1308 2035 inerit,
1331 1962 1372 2024 its

143 2069 179 2126 ut
199 2071 306 2142 posset
330 2079 428 2142 egere.
472 2059 503 2122 Si
531 2059 737 2139 imperfectum
765 2063 844 2146 erut,
875 2075 941 2120 cum
970 2059 1000 2120 in
1022 2056 1085 2120 Deo
1114 2068 1210 2135 esset,
1244 2071 1372 2143 tuncque

142 2165 306 2246 perfectum
330 2172 385 2238 est,
408 2179 475 2224 unm
497 2169 544 2222 est
565 2159 718 2240 genitum
740 2176 798 2218 nos
821 2175 892 2238 ergo
914 2159 980 2222 eius
1001 2161 1192 2238 perfectionis
1214 2181 1371 2226 censonu-

142 2281 227 2340 mus,
255 2265 281 2327 si
308 2283 414 2345 nempe
439 2271 566 2344 propter
592 2279 651 2323 nos
679 2259 810 2339 genitum
838 2259 937 2321 inerit.
966 2259 1024 2320 ·ltn
1053 2261 1132 2324 eninr
1159 2271 1285 2344 propter
1313 2283 1370 2326 nos

141 2367 247 2446 egendi
275 2373 453 2446 potestatem
480 2362 638 2443 occeperit.
683 2360 714 2422 Si
737 2377 808 2421 vero
836 2361 1000 2439 perfectum
1029 2369 1109 2436 erut,
1137 2381 1202 2426 cum
1231 2365 1261 2424 in
1283 2365 1371 2428 Putre
1425 2443 1429 2452 Ι

142 2474 233 2541 esset,
255 2467 294 2528 ito
316 2475 350 2530 nt
372 2467 460 2528 etiem
482 2465 615 2544 potuerit
636 2480 734 2542 egere,
757 2462 868 2523 stustrn
890 2469 971 2523 oerte
993 2462 1124 2542 genitum
1143 2472 1200 2537 est,
1215 2447 1370 2544 'siquidem

144 2583 245 2626 oreore
265 2575 394 2646 poterat,
414 2583 481 2628 curn
503 2565 599 2626 adhuc
620 2563 651 2624 in
674 2562 760 2624 Patre
783 2572 873 2637 esset,
896 2581 931 2624 nc
950 2563 1140 2642 proinde-vel
1154 2581 1215 2624 non
1237 2565 1369 2644 genitum

144 2672 201 2740 est,
224 2665 269 2727 vei
290 2685 352 2728 non
373 2673 497 2746 propter
523 2683 579 2726 nos
601 2664 731 2743 genitum
754 2671 811 2738 est,
835 2663 889 2726 sed
911 2665 979 2744 quie
1002 2681 1122 2744 semper
1144 2673 1190 2726 est
1212 2683 1247 2726 er
1269 2665 1367 2728 Putre.

142 2763 216 2826 Eius
238 2765 317 2826 enim
340 2774 424 2828 onus
446 2783 508 2827 non
530 2764 628 2826 nostri
651 2764 839 2837 emtionem,
863 2764 916 2827 sed
937 2764 1037 2844 ipsum
1059 2781 1094 2825 er
1109 2764 1171 2826 Deo
1188 2783 1258 2827 esse
1271 2765 1450 2846 signi-roro.
1476 2787 1501 2850 ¹.
1595 2799 1596 2806 ι

140 2863 218 2940 ficet,
240 2875 305 2930 erut
325 2865 473 2946 siquidem
495 2866 583 2928 etiem
605 2873 761 2946 antequem
786 2883 966 2928 crearemur.

228 2969 277 3030 12.
323 2967 404 3041 Quin
431 2967 519 3030 etium
547 2966 624 3028 idern
653 2968 786 3046 proiecto
809 2965 960 3030 audebunt
986 2965 1024 3026 de
1046 2965 1134 3028 Putre
1166 2967 1233 3046 ipso
1256 2967 1365 3033 dicere.

139 3065 272 3148 Namque
300 3069 326 3130 si
356 3067 447 3130 silens
474 3051 649 3146 ogere'non
678 3067 794 3148 potuit,
822 3084 946 3129 necesse
975 3075 1023 3128 est
1044 3075 1077 3130 ut
1097 3067 1244 3147 gignendo
1266 3067 1296 3130 io
1319 3077 1367 3132 est

138 3170 288 3250 loquendo
310 3171 449 3232 virtutem
471 3169 626 3249 occeperit.
670 3169 708 3231 tt
728 3169 808 3232 unde
831 3177 861 3230 et
881 3183 938 3248 per
958 3168 1028 3248 quid
1051 3167 1187 3248 occepit?
1231 3168 1365 3241 Quodsi

137 3269 266 3332 Verbum
288 3270 319 3332 in
342 3289 376 3334 se
397 3270 510 3333 habens
533 3271 631 3349 potnit
652 3289 754 3350 agere,
783 3268 928 3331 inutiliter
950 3287 1022 3349 ergo
1044 3269 1152 3350 gignit,
1181 3289 1248 3332 cum
1270 3270 1363 3334 silens

135 3371 235 3453 possit
254 3389 351 3451 ogere.
395 3369 508 3434 Deinde
530 3371 556 3432 si
570 3371 711 3445 Verbum,
733 3369 908 3450 priusquam
924 3371 1054 3449 genitum
1079 3379 1134 3446 est,
1157 3371 1188 3433 in
1202 3351 1362 3448 Deo'erot,

134 3471 225 3552 igitur
246 3473 376 3554 genitum
404 3473 479 3534 ioris
502 3477 533 3533 et
554 3480 636 3534 extre
658 3471 753 3535 Deum
776 3479 833 3534 est
879 3471 966 3546 Quod
994 3472 1020 3536 si
1048 3489 1152 3534 verum
1181 3483 1244 3548 est,
1271 3491 1363 3553 quosne

136 3591 207 3654 ergo
229 3590 308 3637 nuuc
328 3573 414 3637 dicit:
444 3571 504 3653 Epo
533 3577 567 3634 io
586 3573 681 3636 Patre
708 3583 738 3637 et
759 3572 853 3637 Potor
879 3578 913 3637 in
934 3593 981 3637 me
1002 3571 1070 3638 est?
1114 3573 1146 3639 si
1168 3591 1261 3652 porro
1283 3591 1364 3637 nuno

136 3681 183 3736 est
203 3674 233 3736 in
255 3673 352 3750 Petne,
376 3691 447 3753 ergo
462 3691 582 3753 semper
596 3673 653 3736 tuit
674 3673 705 3735 in
719 3673 817 3749 Patre,
841 3675 885 3738 uti
907 3694 988 3739 nunc
1001 3692 1120 3756 quoqne
1142 3682 1198 3749 est,
1221 3663 1362 3757 iutsseque

106 3773 213 3845 ,dian
235 3782 283 3837 est
304 3775 403 3853 ipsum
423 3781 627 3852 propternos
650 3775 782 3853 genitum
810 3775 918 3852 inisse,
949 3796 984 3838 nc
1010 3785 1083 3855 post
1109 3792 1166 3836 nos
1194 3793 1360 3851 reemrere,

134 3883 166 3938 ut
188 3875 228 3938 sit
249 3872 498 3953 quemadmodum
520 3879 593 3933 erat.
637 3873 700 3934 Nec
728 3875 807 3936 enim
837 3885 900 3938 ernt
925 3877 1006 3956 quod
1033 3893 1113 3938 nunc
1132 3892 1194 3938 non
1216 3883 1277 3952 est,
1304 3895 1362 3942 neo

132 3993 214 4038 nnuc
242 3981 288 4038 est
309 3959 390 4054 cuod
410 3987 473 4032 non
494 3978 572 4046 erat3
600 3971 654 4032 sesi
677 3979 724 4035 est
744 3975 993 4054 quemadmodum
1015 3983 1079 4037 eret
1100 3994 1234 4058 semper,
1262 3977 1358 4042 idem-

60 4186 64 4196 ,
132 4119 271 4192 βάλληται.
807 4141 829 4188 g.
847 4126 904 4189 Res.
922 4135 947 4176 et
964 4127 1063 4190 Segnsr.
1082 4119 1115 4176 δι’
1136 4121 1207 4195 ἡμᾶς
1227 4123 1284 4198 γὰρ
1300 4125 1355 4180 και.

166 4211 188 4246 o.
211 4195 268 4255 iter.
286 4199 382 4308 Tuncr-
420 4187 495 4240 Penio
520 4195 576 4254 post
598 4188 721 4254 Anssiioru·
771 4185 983 4245 struerentur?
1003 4189 1190 4262 eperotxot.
1219 4199 1359 4264 Prntnpost

132 4255 160 4320 ἔξ
177 4254 238 4312 ἴσου
254 4273 288 4309 κα
315 4249 455 4327 μιιζὸνωιι
770 4259 842 4311 ussit.
870 4271 894 4312 et
910 4264 1001 4326 infliic.
1020 4249 1053 4324 ἦν
1069 4259 1099 4314 ἐν
1116 4264 1238 4330 tsi-ispi.

165 4329 189 4380 d.
207 4331 247 4381 Sic
264 4329 320 4393 lien.
340 4334 363 4377 et
380 4327 480 4388 sepner.
520 4326 549 4376 Αι
572 4325 595 4376 in
623 4324 677 4376 siiis
695 4333 719 4378 ot
805 4329 828 4378 h.
848 4330 904 4394 tien.
923 4339 946 4382 et
963 4332 1062 4395 sepner.
1078 4331 1208 4398 ymnu‘.

133 4395 202 4448 otius
222 4398 290 4448 deest
305 4389 359 4445 καί.
802 4398 819 4447 i.
847 4397 902 4462 fleg.
929 4408 953 4449 et
970 4400 1068 4462 Sepuer.
1093 4396 1149 4467 tipo
1173 4349 1211 4456 eli,
1240 4399 1357 4450 mendose

165 4479 186 4516 ι.
205 4463 262 4528 seg.
280 4471 303 4514 st
318 4463 418 4526 Segusr.
434 4451 564 4579 ipio-ins,
584 4467 653 4513 scuto
670 4475 716 4528 po·
768 4477 813 4528 pro
831 4455 874 4530 ἄρ’
897 4457 948 4516 tet

133 4531 239 4584 nnitims.
273 4531 319 4582 stit
337 4539 361 4581 et
378 4531 434 4581 editi
466 4529 573 4598 ρισιαι.
801 4532 825 4582 i.
843 4531 884 4585 Str
901 4547 959 4584 mse.
995 4535 1023 4585 it
1041 4535 1114 4585 editio
1132 4531 1250 4585 Commet.
1269 4532 1357 4583 omittit

163 4597 182 4650 i.
207 4585 255 4649 oio
272 4599 341 4651 abest
357 4614 371 4649 s
387 4597 459 4650 Busit.
478 4607 502 4650 et
517 4597 608 4660 Angiir.
766 4589 852 4649 toro.
