3054 5236
424 403 540 446 coarat
553 403 772 448 arouumnuuu
788 404 874 448 musa
888 406 920 450 n.
1222 395 1284 458 915

17 553 206 617 mentum!
230 571 248 614 o
270 553 374 616 insana
395 551 593 632 blasphemia!
636 553 740 616 Dicant
761 571 796 618 ex
818 573 944 636 quanam
959 555 1111 636 Scriptura
1132 557 1369 636 depromtaeso.

17 656 65 716 sit
98 655 174 718 ista
201 655 335 717 definitio
358 662 409 716 aut
429 655 529 735 potius
551 655 608 716 boc
622 654 730 717 diaboli
748 656 911 735 sophisma.
946 656 1192 738 Quandoquidem
1207 659 1285 722 Pro-

16 757 132 834 pheta
162 756 255 818 dicit:
279 755 390 818 Frater
411 773 473 818 oon
495 757 624 832 redimit,
649 757 772 820 redonet
795 757 891 828 domo,
915 765 945 818 et
966 758 1050 820 alibi:
1073 759 1111 822 Bt
1127 760 1212 824 borno
1229 781 1287 824 nc-

16 869 83 920 tus
117 869 174 921 cst
199 861 234 918 in
256 876 299 928 ec,
323 867 352 918 et
374 861 437 936 ipre
458 857 603 934 fundavit
624 875 689 920 rom
710 857 895 920 ditissimus.
931 858 989 931 Qui
1006 859 1068 920 fieri
1082 869 1184 939 potest
1197 861 1286 940 igitur

16 968 60 1020 ut
91 958 242 1020 Verbum
266 958 356 1020 bomo
377 959 487 1020 sactum
509 957 650 1018 mundum
674 976 734 1020 non
757 960 897 1034 redimat,
932 979 999 1027 cum
1027 960 1214 1022 manifestum
1238 963 1286 1036 sit,

19 1061 59 1120 in
90 1079 164 1138 qua
191 1070 297 1120 notura
319 1060 510 1120 commissum
535 1067 582 1120 est
601 1067 769 1137 peccatum,
791 1059 821 1122 in
844 1079 877 1122 ea
894 1080 1013 1140 quoque
1031 1061 1163 1123 extitisse
1177 1063 1287 1142 gratiae

21 1159 308 1222 exuberantiam?
353 1159 504 1232 Quaenam
533 1167 630 1221 autem
664 1161 772 1239 gratiae
801 1160 1014 1224 exuberantia?
1049 1163 1128 1242 quod
1158 1162 1287 1226 Verbum

26 1265 165 1323 sactum
192 1262 234 1324 sit
254 1262 362 1334 bomo,
385 1279 507 1322 manens
530 1270 628 1326 tamen
650 1261 746 1336 Deus,
769 1270 802 1324 ut
824 1271 854 1324 et
874 1263 965 1324 bomo
986 1265 1095 1326 fartum
1117 1263 1196 1324 Deus
1219 1282 1285 1326 cre-

27 1365 198 1436 deretur,
232 1363 478 1442 quemadmodum
512 1371 543 1424 et
564 1363 699 1426 Christus
727 1363 818 1426 bomo
846 1382 913 1428 cum
943 1364 983 1425 sit
1002 1364 1083 1426 Deus
1109 1373 1212 1428 umen
1230 1372 1286 1438 cst,

32 1467 120 1544 quia
146 1483 219 1526 oum
242 1464 322 1526 bens
345 1471 425 1526 esset
447 1466 540 1526 factus
563 1465 739 1538 esthemo,
762 1464 843 1526 etin
866 1464 995 1528 bominis
1018 1466 1114 1528 forma
1136 1465 1285 1527 credenti-

33 1569 105 1628 bus
135 1566 267 1628 salutem
291 1566 434 1644 impertit.
477 1565 508 1627 Si
538 1565 616 1626 enim
643 1565 802 1628 Dominum
830 1565 928 1628 lesum
962 1584 1013 1627 ore
1046 1575 1096 1629 tuo
1130 1567 1285 1628 confessus

37 1667 173 1738 fueris,
199 1667 282 1728 etin
305 1666 394 1728 corde
417 1675 468 1727 tuo
491 1665 668 1740 credideris,
691 1667 769 1745 qnod
793 1666 872 1730 Deus
894 1666 975 1728 ilium
998 1685 1033 1728 ex
1056 1667 1181 1734 mortuis
1203 1667 1285 1730 exci-
1335 1681 1340 1694 ·

34 1769 135 1839 tacit,
161 1768 262 1829 salvus
285 1769 355 1830 eris·
399 1767 461 1828 Ner
476 1777 572 1830 autern
595 1767 625 1830 in
641 1769 733 1830 Deum
749 1786 810 1830 non
826 1767 912 1840 cadit,
934 1767 983 1848 qui
998 1785 1053 1830 nec
1068 1767 1287 1830 resurrectione

43 1885 136 1946 opus
161 1867 263 1941 babet,
289 1869 341 1929 sed
364 1867 430 1947 ipse
453 1869 616 1930 amortuis
639 1870 755 1930 excitat.
799 1869 883 1930 Unde
898 1887 1021 1932 necesse
1038 1869 1103 1942 suit,
1126 1876 1157 1928 ut
1178 1867 1287 1946 aliquid

45 1971 138 2032 [teus
162 1968 297 2042 baberet,
318 1971 398 2049 quod
422 1988 476 2049 pro
500 1970 586 2034 nobis
608 1971 730 2032 offerret
751 1971 813 2032 sive
828 1970 859 2032 in
873 1979 969 2032 morte
984 1971 1048 2034 sive
1062 1970 1093 2030 in
1116 1971 1189 2042 rita3
1211 1987 1285 2047 qua·

47 2079 187 2150 propter
210 2070 349 2147 Verbum,
373 2072 451 2149 quod
474 2072 564 2134 homo
580 2073 695 2134 doctum
718 2072 766 2144 sit,
794 2089 829 2133 eo
853 2071 1092 2151 magis,salutem
1115 2079 1265 2152 operatur.

147 2273 180 2338 8.
226 2273 284 2334 Sed
307 2274 414 2336 iterum
438 2273 584 2336 obiicitis:
618 2273 737 2352 „Ecqua
759 2273 875 2336 radone
897 2281 997 2354 potest
1018 2283 1136 2344 namra,
1158 2292 1233 2352 qnae
1256 2273 1287 2333 in

52 2420 76 2446 „
85 2375 308 2436 consuetudine
320 2375 431 2454 peccati
447 2375 524 2435 edita
537 2381 582 2436 est
593 2383 622 2434 et
633 2393 707 2452 quae
717 2375 828 2456 peccati
841 2375 1062 2438 successionem
1079 2374 1202 2454 excepit,
1216 2373 1287 2436 abs-

58 2522 79 2549 „
89 2495 151 2554 que
165 2487 286 2554 peccato
300 2475 392 2538 esse?
415 2477 492 2556 quod
505 2475 691 2558 impossibiie
705 2495 770 2538 cum
785 2479 833 2550 sit,
851 2477 907 2540 erit
919 2476 1008 2554 igitur
1019 2473 1155 2536 Christus
1168 2483 1200 2538 ut
1213 2492 1289 2537 unus

57 2594 129 2646 „ex
146 2576 350 2638 bominibus‘·
385 2575 464 2638 Haec
487 2585 515 2637 et
538 2577 666 2640 Marcion
689 2579 795 2650 sensit,
818 2577 894 2641 bano
914 2585 945 2638 et
965 2575 1152 2638 Manidiaeus
1176 2576 1290 2638 induxit
1402 2639 1406 2646 ,

59 2676 251 2748 sententiam,
264 2675 315 2754 qui
326 2694 444 2738 carnem
456 2677 586 2738 bominis
597 2679 749 2758 ipsamque
764 2677 985 2759 generationem
998 2675 1053 2738 sub
1066 2677 1191 2738 nialitine
1202 2677 1372 2755 prin-pon

61 2777 131 2855 cipe
153 2777 315 2852 constituit,
337 2777 454 2857 ipsique
477 2777 675 2844 [dominatoris
698 2781 814 2843 titulum
836 2777 1002 2856 adscripsit,
1026 2796 1091 2839 curn
1114 2795 1205 2856 equo
1221 2778 1288 2856 quis

61 2879 160 2945 victus
176 2889 231 2953 est,
256 2879 387 2940 eiusdem
411 2888 440 2940 et
462 2899 564 2942 servus
586 2881 735 2944 reddatur.
779 2881 892 2952 Horum
908 2878 1083 2940 sententiam
1098 2897 1153 2940 vos
1172 2898 1289 2958 quoque
1313 2907 1321 2932 ι

63 2981 227 3052 renovatis,
238 3029 240 3036 .
250 2979 318 3042 dum
343 2981 458 3044 diversa
474 2982 587 3044 ratione
603 2981 785 3061 spiritualem
798 2979 928 3042 hominis
942 2991 1086 3052 naturam,
1105 2999 1179 3060 quae
1194 2981 1291 3042 anime

68 3100 137 3144 asse
150 3081 334 3161 intelligitur,
351 3101 408 3144 unc
423 3083 464 3145 illi
481 3083 637 3154 subiicitis,
656 3100 742 3159 quana
758 3090 818 3142 non
835 3100 923 3160 posse
945 3090 1096 3170 peccptum
1114 3081 1206 3143 vitare
1227 3091 1290 3142 sta-

70 3181 162 3256 tuitis,
184 3194 451 3262 quantumcumque
469 3184 586 3244 modom
609 3183 736 3244 animam
759 3183 903 3244 carnalem
927 3201 996 3244 esse
1019 3181 1164 3244 scribatis.
1207 3183 1291 3244 Unde

71 3293 168 3354 autem
187 3285 262 3352 ,baec
283 3283 445 3346 didiceritis
467 3285 585 3362 ignoro,
608 3301 674 3346 cum
697 3303 791 3362 neque
813 3285 843 3346 in
866 3285 959 3346 sacris
975 3283 1135 3362 Scripturis
1152 3301 1247 3361 neque
1261 3284 1291 3345 in

72 3383 183 3462 vulgata
204 3385 358 3448 bominum
382 3385 528 3448 sententia
551 3384 580 3446 id
596 3383 774 3456 admittatur,
799 3384 924 3446 Domino
948 3383 1078 3445 dicente:
1102 3382 1146 3446 Nc
1165 3387 1292 3446 timentis

75 3487 111 3548 cd
133 3489 182 3556 iis,
211 3491 264 3567 qui
284 3485 422 3549 decidunt
452 3504 579 3566 corpus,
612 3490 743 3548 animam
775 3497 874 3548 eutem
902 3505 964 3548 non
989 3493 1121 3566 posstrnt
1149 3485 1290 3546 occidere.

76 3587 156 3666 Atqui
179 3587 202 3650 si
225 3588 349 3650 carnaiis
373 3593 418 3647 est
439 3586 553 3660 anima,
584 3593 615 3648 ut
637 3594 736 3647 vestra
758 3588 816 3648 sert
837 3585 955 3666 opinio,
989 3604 1041 3646 cnr
1063 3602 1121 3646 non
1145 3603 1204 3646 una
1227 3602 1293 3646 cum

77 3707 195 3768 corporo
216 3689 343 3750 moritur
366 3697 396 3750 et
415 3686 517 3768 perit?
559 3687 597 3748 Et
619 3705 672 3748 cur
694 3686 800 3750 Petrus
824 3688 936 3752 animas
958 3687 988 3747 in
1011 3686 1127 3748 inferno
1158 3684 1292 3746 detentas

80 3789 193 3868 spiritns
217 3805 324 3849 rocans
348 3789 401 3848 ait:
426 3788 514 3861 Abiit,
537 3797 572 3847 ut
595 3791 631 3848 iis
657 3792 761 3868 quiin
785 3807 906 3850 carcerc
929 3787 1042 3850 inclusi
1062 3798 1152 3849 crant
1174 3789 1293 3866 spiriti-

80 3939 129 3989 nor
146 3939 238 3998 Sequor.
258 3936 355 3987 Gobier.
375 3944 398 3988 et
415 3936 520 3985 Feiciro.
537 3936 558 3986 i.
577 3929 658 3992 σώζει
741 3953 763 3998 g.
783 3935 880 3986 Gobier.
899 3945 922 3985 ct
939 3935 1077 3986 deiciunt.
1096 3929 1184 4000 τούτῳ
1202 3927 1295 3984 dedori-

82 3999 191 4068 ὁλόγος.
229 4005 289 4054 Editi
308 4019 363 4053 roro
382 4013 405 4052 et
424 3999 462 4052 alii
482 3995 657 4070 σώζειὸχρι-
707 3999 799 4050 turns.
866 4049 870 4060 ,

84 4063 148 4124 oro‘r·
744 4071 767 4119 b.
786 4069 858 4119 besil.
883 4059 1104 4132 dnorrsroirroqr.
1149 4067 1246 4118 Gobler.
1272 4075 1296 4118 et

116 4155 134 4188 e.
151 4137 234 4199 dogiic.
254 4139 353 4200 Sequar.
372 4137 469 4187 Gobier.
484 4144 507 4186 et
519 4136 623 4186 deickm.
636 4137 657 4185 l.
711 4138 814 4187 Frisium.
828 4136 850 4185 1.
863 4126 1078 4183 ἀποκτεινόντων.
1115 4135 1148 4183 dd
1167 4149 1237 4197 quom
1257 4135 1295 4183 lo·

86 4199 211 4270 dtisspivt·
239 4196 495 4266 Μοῐὸοευθῐιὲσῑαι
514 4189 570 4250 οὖν.
597 4203 658 4254 ibid.
712 4219 765 4254 cum
785 4212 851 4254 notet
867 4197 1057 4268 Δοξωιατρῆςε
1082 4200 1162 4250 τοῦτο
1181 4199 1296 4265 Αριστο-

85 4275 174 4334 signer.
192 4273 287 4324 Gobier.
307 4281 330 4321 ot
349 4271 486 4322 domimi.
503 4265 549 4318 καὶ
567 4261 659 4338 ὃΧρι-
710 4267 786 4330 τέλης
811 4266 899 4336 ληρεῖ,
927 4261 1070 4336 ἐνδελεχῶς
1094 4267 1297 4338 ompnrorroroir

87 4335 151 4396 cro'r.
184 4339 244 4392 Editi
263 4349 286 4390 ot
304 4341 345 4390 aiii
364 4355 422 4399 mss,
442 4331 487 4386 καὶ
506 4329 521 4386 ὁ
539 4329 605 4392 υἱός,
711 4335 761 4392 τὰς
789 4335 888 4406 ψυχάς.
936 4339 987 4388 Mox
1016 4341 1116 4402 Sequor.
1146 4339 1243 4390 Gobtcr.
1274 4345 1297 4388 et

118 4411 132 4458 t.
153 4409 245 4470 Sequor.
268 4399 433 4474 sirryciysro.
471 4407 533 4458 Editi
556 4422 611 4456 vero
637 4415 661 4458 ot
711 4407 816 4458 Feicirm.
832 4408 853 4457 1.
877 4403 935 4460 nois
961 4397 1105 4472 ἡσαρκικῆ
1125 4399 1207 4473 ψυχή.
1245 4405 1297 4455 Mox

89 4475 124 4526 aiii
139 4468 298 4542 rirqyriucro.
338 4477 390 4526 bion
408 4477 507 4538 Sequor.
526 4473 624 4526 Goblcr.
637 4482 660 4523 ot
711 4475 782 4526 anii.
802 4467 834 4523 od
851 4469 972 4536 θνήσκει.

89 4543 178 4596 isirin.
197 4545 217 4593 1.
242 4539 292 4604 τὴν
315 4539 450 4610 γέννησιν.
488 4543 550 4594 Editi
577 4543 659 4592 etalii
744 4544 760 4592 i.
784 4543 883 4606 Sequar.
908 4535 938 4592 ἰν
961 4533 1037 4605 ᾅδου.
1083 4543 1142 4594 ibid.
1162 4539 1233 4590 broii.
1251 4549 1297 4584 κα-

90 4601 133 4668 ripr
147 4607 251 4675 γένεσιν.
710 4606 893 4680 ταδεχομένας
909 4604 1007 4678 ψυχάς.

1036 4690 1093 4744 58*
