3176 5304
474 319 620 362 muscosa
635 319 672 364 ua
688 319 832 364 usmarus
847 321 990 366 simmae
1006 325 1122 368 sruour.
1371 313 1413 376 ³5

45 510 49 519 .
179 465 304 544 psalmis
327 466 384 528 ait:
414 466 485 548 lpse
515 469 593 533 dr'mt
615 480 644 531 et
663 471 747 550 socru
768 483 858 533 aaut:
885 476 952 553 r'pae
973 477 1127 538 munducat
1149 487 1179 538 et
1201 487 1306 542 erecto
1327 487 1500 542 rumam

179 566 253 638 Quis
279 567 452 651 itaquejlle
474 580 538 642 est,
561 571 608 632 cui
630 570 708 632 licus
732 570 894 646 mandarit,
924 583 957 636 ut
978 583 1008 634 at
1029 576 1095 654 ipsa
1118 577 1292 640 crearetur?
1335 579 1411 642 Nam

177 687 245 729 osse
271 677 393 747 oportet
414 669 553 742 Verbum,
576 671 623 732 cui
638 671 714 734 Deus
737 673 866 758 mandat,
890 683 919 736 et
941 675 972 735 in
994 693 1053 753 quo
1076 695 1127 736 res
1149 679 1239 740 laetae
1262 691 1409 744 creantur.

175 769 266 849 Atqui
291 769 370 831 aliud
393 771 521 834 Verbum
544 773 674 835 indicare
696 791 757 834 nou
779 775 920 852 potestis,
943 784 1061 852 praeter
1082 775 1165 848 illud,
1186 779 1266 856 quod
1286 783 1408 860 negabo,

173 871 232 932 nisi
263 873 344 932 torte
371 889 480 962 norum
510 872 606 936 adbuc
631 883 833 938 commentum
854 875 970 954 placeat
991 875 1170 954 excogitare.
1214 879 1257 940 lta
1279 890 1339 954 est,
1361 883 1408 946 iu-

172 973 293 1052 quiunt,
317 973 484 1036 invenimus
506 975 597 1048 (idem
619 975 771 1048 nunirum,
795 977 874 1054 quod
897 976 967 1038 olim
990 976 1027 1037 ab
1041 977 1220 1040 Eusebiauis
1238 989 1410 1060 usurpatum

45 1138 52 1166 ,Α
171 1075 298 1148 audivi).
352 1075 485 1148 „idcirco
514 1095 621 1155 nempe
643 1076 696 1138 [lei
719 1077 825 1138 Filium
853 1077 962 1157 aliquid
995 1079 1060 1140 aliis
1093 1079 1221 1160 amplius
1251 1081 1360 1144 babere
1382 1095 1411 1146 et

173 1175 392 1252 „unigenitum
415 1177 470 1238 dici
492 1179 681 1252 arbitramur,
704 1178 772 1256 quia
794 1178 877 1240 solus
900 1181 965 1259 ipse
987 1179 1085 1242 Patris
1108 1189 1154 1242 est
1176 1183 1337 1262 particeps,
1359 1203 1408 1246 res

172 1287 305 1348 „autem
327 1277 400 1339 aliae
422 1297 526 1340 omnes
540 1279 604 1340 Filii
628 1289 698 1340 suut
721 1280 912 1358 participes.“
957 1281 1008 1342 Sic
1028 1281 1118 1358 igitur
1139 1283 1179 1342 illi
1201 1283 1232 1344 in
1247 1284 1408 1346 immutan-

170 1378 219 1438 dis
250 1378 461 1460 variandisque
489 1381 588 1441 verbis
621 1399 682 1441 non
713 1400 799 1449 secus
828 1401 862 1442 ac
885 1381 1037 1444 coloribus
1059 1383 1203 1446 laborant.
1247 1385 1356 1446 ilerum
1378 1385 1408 1446 id

170 1479 248 1540 nibil
271 1479 424 1559 impediet,
447 1483 608 1561 quominus
633 1482 844 1556 ostertdamus,
868 1483 936 1544 illos
958 1501 1027 1544 vers
1049 1484 1146 1546 inania
1169 1505 1202 1546 ex
1224 1493 1303 1547 terra
1324 1486 1406 1566 loqui

169 1583 300 1659 suisque
321 1583 550 1660 cogitationibus
575 1593 721 1662 tamquam
744 1583 774 1644 iu
796 1582 857 1645 luto
881 1585 1015 1646 volutari.

265 1687 316 1746 10.
359 1683 518 1746 Enimvero
541 1685 567 1745 si
589 1684 638 1745 ille
660 1685 712 1745 liei
735 1684 813 1746 tilius
836 1693 864 1746 et
886 1703 941 1746 nos
965 1685 1030 1748 Filii
1053 1687 1150 1766 ipsius
1174 1687 1224 1748 lilii
1238 1689 1404 1767 appellare·

170 1803 253 1858 mur,
275 1783 430 1864 probabile
452 1795 534 1846 esset
555 1786 672 1848 illorum
697 1795 911 1858 commentuma
933 1787 986 1848 sed
1008 1788 1034 1848 sl
1056 1807 1114 1849 uos
1131 1787 1221 1848 etiam
1236 1787 1404 1865 ipsiusliei,

171 1887 260 1947 cuius
283 1885 331 1946 ille
354 1893 402 1946 est
424 1885 513 1958 lilius,
537 1886 587 1946 lilii
610 1886 746 1958 dicimur,
769 1896 848 1948 certo
870 1887 978 1966 liquet,
1001 1907 1057 1948 nos
1081 1889 1168 1950 etiarn
1192 1888 1288 1950 Patris
1311 1892 1406 1968 parti·

168 1989 256 2066 cipes
279 2005 358 2059 esse,
381 1987 491 2066 quippe
513 1986 562 2067 qui
585 1986 677 2048 dicat:
701 1987 794 2050 Filios
817 1992 908 2066 geuua'
928 1999 958 2050 et
980 1988 1123 2052 melloni.
1168 1990 1200 2050 Si
1215 1989 1296 2050 enim
1310 1988 1405 2068 ipsius

172 2086 335 2168 participes
357 2105 418 2148 nou
441 2107 588 2163 essemus,
611 2107 671 2150 non
695 2089 808 2150 diceret
828 2093 935 2169 genua'3
958 2089 984 2150 si
1006 2097 1104 2150 autem
1127 2089 1190 2169 ipse
1209 2091 1320 2168 genuit,
1344 2109 1405 2152 uon

171 2190 249 2252 alius
273 2189 383 2270 utique,
407 2192 460 2252 sed
484 2191 561 2252 idern
585 2191 649 2270 ipse
672 2191 760 2252 Pater
782 2198 887 2252 noster
908 2199 966 2252 est.
994 2191 1266 2264 Nihilrerorelert,
1288 2193 1315 2254 ai
1336 2211 1401 2256 am·

170 2290 251 2368 plius
282 2290 329 2351 ille
357 2293 466 2372 aliquid
493 2292 600 2355 babeat
627 2301 657 2354 et
685 2293 801 2372 primus
829 2294 924 2354 lactus
953 2293 1009 2366 sit,
1038 2311 1153 2372 uosque
1174 2291 1283 2371 aliquid
1303 2295 1402 2358 minus

173 2411 262 2472 quam
286 2391 333 2454 ille
353 2393 524 2466 habeamus,
547 2415 581 2456 ac
602 2403 673 2475 post
694 2395 792 2474 ipsum
808 2395 875 2456 lacti
891 2395 997 2466 simus,
1022 2393 1182 2456 dummodo
1199 2413 1303 2456 omnes
1317 2397 1401 2458 eius-

172 2493 240 2554 dem
264 2494 404 2556 fuerimus
425 2495 586 2574 participes
608 2505 639 2556 et
660 2494 711 2558 lilii
734 2496 867 2558 eiusdem
883 2497 981 2558 Patris
999 2513 1213 2574 nuncupemur.
1243 2497 1315 2558 Nam
1334 2499 1402 2578 plus

174 2595 222 2654 uel
251 2595 347 2656 miuus
376 2596 521 2656 diversam
549 2603 683 2656 naturam
712 2598 833 2658 minime
862 2597 1021 2676 signifieat:
1051 2595 1081 2656 id
1108 2596 1187 2658 enim
1215 2595 1273 2657 sibi
1294 2597 1404 2674 singuli

177 2700 260 2751 recte
280 2693 363 2752 lactis
384 2705 572 2771 comparant3
600 2704 686 2772 atquc
715 2697 788 2757 alius
810 2697 929 2776 quidem
951 2697 1054 2758 decem
1077 2695 1244 2757 civitatibus
1267 2695 1404 2772 praelici-

182 2798 244 2862 tur,
265 2789 338 2852 alius
360 2791 505 2870 quinque3
527 2793 575 2854 alii
596 2795 702 2855 sedent
722 2815 811 2874 super
834 2798 921 2858 sedes
944 2797 1118 2866 duodecim,
1141 2795 1304 2856 iudicantes
1326 2795 1404 2856 duo-

179 2889 277 2952 decim
301 2891 394 2953 tribus
415 2891 525 2965 lsraila
547 2893 594 2954 alii
616 2893 751 2954 audiunt:
779 2895 876 2957 Veur'te
892 2897 1043 2958 lleuedr'cu'
1053 2897 1238 2968 Putrismei,
1255 2903 1301 2954 et:
1323 2894 1404 2978 liupo

174 3011 263 3054 serve
287 2993 363 3056 douc
387 3008 415 3058 et
436 2993 547 3074 fidelis.
592 2993 664 3054 Cum
688 2993 759 3054 baec
781 2995 869 3072 igitur
889 2994 1008 3056 illorum
1027 2996 1066 3056 sit
1081 2993 1240 3064 sententia,
1262 2993 1324 3054 iure
1339 3013 1404 3056 me-

173 3093 232 3156 rito
255 3093 434 3168 existimant,
459 3095 632 3158 huiusmodi
647 3094 713 3156 Filii
729 3094 822 3156 Deum
843 3115 905 3158 uon
919 3113 1039 3172 semper
1052 3093 1148 3154 tuisse
1162 3093 1286 3168 Patrem,
1308 3113 1403 3175 neque

171 3194 261 3256 talem
282 3195 388 3258 Filium
409 3217 532 3277 semper
554 3198 657 3270 luisse,
682 3197 736 3258 sed
759 3216 796 3258 ex
815 3196 907 3257 nihilo
932 3214 1001 3256 esse
1023 3201 1152 3256 creatum
1173 3203 1202 3256 et
1216 3197 1329 3270 laolrun,
1345 3213 1486 3260 necuau.

171 3297 265 3357 luisse
293 3305 449 3377 antequam
472 3299 590 3378 genitus
613 3307 713 3372 esset3
743 3298 890 3377 siquidem
913 3297 963 3358 illc
985 3295 1059 3358 alius
1082 3297 1199 3357 omnino
1222 3305 1268 3358 est
1289 3317 1306 3360 a
1327 3317 1397 3360 vero

172 3397 224 3458 liei
246 3397 330 3459 Filio.
376 3399 484 3462 Verum
506 3419 571 3462 cum
594 3402 667 3462 baec
689 3399 755 3462 illos
778 3398 876 3460 dicere
899 3401 944 3460 las
967 3398 1024 3460 iam
1046 3415 1107 3458 non
1129 3397 1182 3471 sit,
1206 3407 1309 3480 utpote
1331 3417 1398 3460 euru

173 3497 226 3560 ista
249 3498 488 3562 Sadducaeorum
511 3503 610 3579 potius
633 3509 664 3562 et
685 3499 904 3562 samosatensis
927 3499 987 3562 siut
1005 3501 1138 3580 propria,
1160 3509 1263 3572 restat,
1287 3508 1319 3561 ut
1340 3501 1398 3560 alio

171 3619 278 3672 seusu,
308 3603 367 3680 quo
390 3593 530 3664 nimirum
552 3603 636 3664 isaac
657 3601 790 3664 Abrabae
812 3610 858 3662 est
877 3601 972 3676 filius,
994 3601 1046 3662 uei
1069 3599 1267 3662 Filiumesse
1289 3619 1398 3662 conce-

172 3699 251 3762 dant.
295 3701 368 3762 Nam
396 3703 475 3781 quod
498 3721 533 3764 ex
554 3704 652 3784 aliquo
675 3703 803 3782 gignitur
824 3721 879 3764 nec
901 3703 1088 3764 extrinsecus
1111 3702 1282 3774 advehitur,
1305 3701 1398 3762 lilium

173 3819 240 3862 csse
272 3805 405 3880 agnoscit
435 3811 557 3874 natura,
592 3823 683 3883 eaque
716 3815 763 3865 est
792 3803 912 3882 propria
941 3803 1029 3864 buius
1058 3801 1189 3864 nominis
1213 3801 1398 3878 sigmlicatio.
1498 3805 1506 3816 '

172 3901 248 3962 Num
271 3921 342 3981 ergo
365 3903 429 3962 Filii
452 3905 602 3982 generatio
625 3907 754 3965 humano
777 3921 862 3963 more
884 3912 932 3964 est
951 3901 1141 3978 intelligenda
1162 3902 1251 3976 (lorte
1273 3903 1353 3962 enim
1369 3901 1399 3962 id

174 4003 246 4080 ipsi,
275 4011 307 4064 ut
330 4011 359 4064 et
381 4003 424 4064 illi
446 4002 536 4075 olim,
564 4004 658 4081 ignari
678 4001 859 4080 reponenti?
893 4001 1091 4079 Nequaquam.
1135 4002 1196 4064 Neo
1217 4002 1297 4062 enim
1319 4001 1397 4062 lleus

173 4103 301 4165 bominis
325 4105 431 4166 similis
455 4113 512 4178 est,
536 4104 578 4164 uli
601 4121 656 4164 nec
678 4101 815 4164 homiues
830 4099 894 4162 uei.
937 4099 980 4162 llli
1004 4102 1081 4164 enim
1104 4103 1283 4164 cimeteria
1306 4121 1397 4180 eaque

206 4404 227 4436 c
246 4388 318 4438 basil.
335 4385 494 4458 acinipedu.
812 4389 869 4451 lleg.
894 4405 938 4439 ms.
964 4391 1035 4440 babet
1054 4384 1136 4449 dirior
1155 4383 1212 4444 dre,
1239 4391 1282 4440 sed
1307 4392 1397 4454 absque

206 4455 230 4504 d.
249 4457 289 4504 Sic
306 4459 459 4508 scribendum
478 4467 598 4522 putamus,
616 4456 759 4508 ntetride-
811 4457 861 4506 ullo
888 4465 986 4508 accentu
1010 4459 1032 4506 in
1058 4453 1149 4516 δῆλον.
1191 4457 1268 4507 Ceteri
1294 4466 1317 4507 et
1341 4457 1398 4507 editi

171 4531 211 4572 tor
229 4523 335 4574 Noouios
353 4527 450 4588 legisse,
470 4529 510 4590 qui
528 4527 597 4577 uertit
614 4533 699 4576 culum
717 4529 758 4576 ert.
813 4518 952 4584 δηλονότι.
974 4533 999 4576 ut
1017 4531 1040 4574 et
1059 4525 1116 4587 legit
1133 4523 1243 4574 imbros.
1263 4523 1398 4574 camaldul.

1156 4606 1194 4654 3*
