3192 5260
580 313 740 418 aurion.
756 375 874 418 conrad
887 376 1023 420 munos.
1302 331 1306 338 ⁴
1339 363 1402 430 439
1442 391 1447 396 ·

171 527 243 588 tiam
266 523 454 604 appellasset.
499 523 573 586 eum
605 533 704 604 autem
731 524 884 604 Scriptura
912 525 1012 604 ipsum
1034 524 1071 588 ab
1094 527 1234 606 operibus
1256 540 1491 606 secernatunaa.

170 628 260 688 docet
284 626 420 704 protecto
453 625 629 706 sapientiam
657 643 738 688 esse·
754 643 879 706 operum
907 626 1102 700 effectricem,
1136 645 1198 690 non
1219 647 1290 692 vero
1313 650 1402 711 opus.

168 727 281 790 Eadem
310 725 501 788 distinctione
530 745 605 790 neus
635 736 681 790 cst
701 727 810 790 Paulus
832 727 966 808 Epistola
988 728 1025 790 ad
1047 727 1219 804 Hebraeos,
1247 731 1298 792 ubi
1329 731 1404 794 baec

169 829 289 893 scribit:
326 827 431 892 Vicum
459 831 537 892 mr‘aa
558 839 604 892 ert
627 829 754 894 Verbum
774 829 834 892 Dea·
854 842 884 893 ct
905 831 1019 912 emron
1041 843 1069 894 et
1091 835 1210 894 ecardo
1234 836 1318 894 omae·
1334 833 1404 912 plo-

169 931 220 994 dio
242 933 377 1010 caespiti,
401 941 429 992 et
446 934 597 1010 pertinuit
615 950 711 1013 utque
733 932 773 994 od
794 933 973 996 &oddonem
987 935 1105 994 animno
1120 940 1149 993 et
1163 935 1305 1012 spiritur,
1320 951 1403 996 cout-

163 1051 280 1114 popem
301 1047 417 1112 proque
439 1049 474 1093 oc
494 1031 708 1104 medullarum,
730 1045 760 1096 ot
780 1034 873 1095 tuden
896 1037 1111 1114 copulationum
1125 1021 1155 1094 dt
1175 1033 1487 1096 matriculoriorum.

169 1133 289 1208 emilie,
321 1149 377 1194 neo
403 1133 471 1196 ullo
499 1144 544 1196 ert
573 1143 718 1196 erectore
744 1134 907 1198 invisibilla
935 1139 968 1197 a'a
996 1143 1157 1214 conspeetu
1185 1137 1267 1208 eiam
1302 1138 1404 1198 omnio

169 1245 273 1298 cartem
294 1235 378 1297 ando
399 1247 429 1298 et
449 1244 558 1314 operto
585 1245 659 1298 caat
687 1234 784 1299 omelia
813 1239 894 1308 uua,
929 1236 969 1298 od
996 1235 1076 1315 quod
1103 1232 1190 1298 aoba'r
1217 1248 1263 1299 eat
1291 1250 1401 1298 termo.
1484 1296 1488 1306 ,

157 1335 246 1398 ,Ecce
268 1353 319 1396 res
340 1335 459 1414 quidem
481 1336 573 1398 lactas
597 1348 772 1400 creatorem
793 1335 936 1416 appellat,
968 1335 1075 1399 Filium
1103 1351 1175 1398 reno
1197 1333 1325 1396 Verbum
1347 1333 1401 1396 Dei

169 1453 240 1498 ease
268 1435 368 1508 novit,
398 1443 433 1497 nt
457 1445 528 1515 pote
556 1436 608 1515 qui
635 1437 711 1499 alius
739 1437 779 1498 sit
800 1455 816 1497 a
839 1436 930 1498 rebus
952 1436 1070 1498 mentis.
1116 1435 1190 1498 Cum
1211 1436 1288 1510 item¹
1304 1435 1401 1498 addit:

171 1537 282 1598 Οηκεὶι
303 1545 403 1600 autern
424 1538 508 1604 aedo
530 1548 557 1600 et
584 1549 695 1618 operto
722 1548 795 1600 ruat
825 1535 921 1600 ocula's
953 1541 1033 1610 oica,
1067 1538 1107 1600 od
1133 1540 1213 1620 quod
1240 1539 1326 1601 soler
1356 1546 1402 1600 eat

169 1655 281 1710 remo,
303 1637 393 1698 alium
416 1645 497 1700 certe
518 1655 586 1701 eum
609 1637 648 1700 ob
671 1638 811 1700 omnbus
834 1655 903 1700 esse
926 1636 1081 1716 significat
1118 1638 1195 1700 llinc
1215 1639 1400 1718 illequidem
1497 1685 1502 1700 .

169 1737 295 1811 iudicat,
329 1738 462 1818 singulae
489 1757 562 1800 reru
590 1757 640 1802 res
670 1747 786 1800 creatae
809 1739 836 1802 ei
858 1738 1005 1800 rationem
1026 1739 1140 1802 reterre
1161 1747 1312 1802 tenentur.
1355 1738 1399 1800 Ex

170 1858 208 1902 eo
230 1839 318 1902 eliam
338 1839 417 1914 luco,
440 1837 491 1908 ubi
513 1839 652 1902 universa
674 1849 806 1902 creature
830 1839 987 1902 nobiscum
1010 1843 1069 1903 und
1091 1840 1198 1902 dicitur
1213 1857 1400 1922 congemene,

167 1951 202 2002 nt
222 1940 365 2004 liberetur
387 1960 403 2002 a
427 1941 570 2004 servitute
591 1941 805 2020 corruptionis,
827 1940 934 2002 Filium
957 1941 1046 2004 alium
1068 1939 1189 2004 erebus
1206 1939 1313 2004 creatis
1328 1957 1398 2002 esse

168 2041 348 2104 ostenditur.
380 2041 540 2104 Enimvero
563 2042 588 2102 si
611 2052 726 2104 creatus
751 2050 842 2116 esset,
864 2060 943 2104 unus
966 2042 1083 2122 etipse
1105 2040 1401 2120 essctgementium.

168 2142 220 2220 qui
241 2141 298 2202 alio
321 2142 434 2222 pariter
462 2161 539 2222 opus
567 2141 707 2217 baberet,
737 2161 754 2204 a
782 2161 841 2222 quc
871 2142 958 2206 simul
980 2143 1047 2222 ipse
1067 2161 1136 2206 cum
1158 2143 1297 2206 omnibus
1319 2142 1399 2206 lilius

170 2241 337 2306 efficeretur
364 2253 394 2305 et
420 2241 605 2308 liberaretur.
650 2243 681 2306 Si
710 2263 802 2324 porro
832 2263 881 2306 res
910 2244 1007 2306 omnis
1038 2253 1135 2306 creata
1169 2243 1333 2324 congemit,
1366 2251 1401 2306 ut

168 2342 312 2406 liberetur
332 2363 349 2406 a
371 2345 563 2424 corruptione
586 2345 747 2418 servitutis,
770 2345 836 2426 ipse
858 2353 955 2409 autern
978 2346 1070 2414 lilius
1092 2365 1154 2408 non
1175 2365 1254 2408 unus
1278 2353 1324 2406 est
1344 2363 1397 2423 ge-

166 2444 314 2506 mentium
335 2453 390 2508 nee
410 2445 606 2525 indigentium
628 2445 780 2516 libertate,
810 2446 863 2508 sed
885 2447 952 2526 ipse
975 2455 1038 2522 est,
1066 2448 1116 2528 qui
1140 2464 1245 2508 omnes
1268 2454 1298 2506 ct
1319 2443 1398 2504 lilios

169 2547 259 2610 efficit
280 2555 311 2608 et
330 2545 443 2609 liberos
464 2547 572 2622 reddit,
595 2555 628 2610 ut
649 2547 720 2608 olim
741 2546 859 2610 ludaeis
878 2547 974 2610 aiebat
987 2548 1069 2627 ipsc:
1092 2546 1208 2610 Servor
1223 2562 1286 2618 poa
1299 2555 1400 2608 monet

171 2651 205 2708 iar
228 2647 314 2710 domo
333 2653 365 2710 r'o
387 2659 560 2721 oeternum,
582 2649 668 2730 filius
691 2661 789 2722 nutem
810 2661 911 2714 munet
932 2654 965 2712 a'n
987 2659 1153 2710 oeternum.
1199 2645 1235 2708 Si
1252 2663 1324 2726 erpo
1348 2644 1398 2706 Fi-

173 2746 235 2809 lr'aea
257 2765 310 2810 coa
331 2747 611 2821 liberaverit-vere
634 2748 725 2812 libera·
745 2755 847 2825 err’tr'a3
876 2770 911 2814 ex
933 2751 981 2812 his
1003 2748 1139 2830 prolecto
1161 2747 1227 2809 lucc
1248 2746 1315 2827 ipse
1337 2745 1397 2808 ela·

168 2848 234 2910 rius
255 2857 318 2922 ost,
347 2848 401 2912 Dei
429 2848 558 2912 Verbum
580 2868 643 2912 nun
665 2859 794 2912 creatum
825 2869 910 2925 esse,
943 2851 996 2913 sed
1018 2837 1120 2914 verum
1143 2859 1174 2911 ct
1195 2843 1301 2911 natura
1323 2865 1398 2928 pro-

167 2947 266 3028 prium
281 2949 381 3012 Patris
395 2950 514 3012 Filium.
558 2949 647 3024 llaec,
670 2969 746 3030 qnae
768 2951 893 3012 deloco
916 2949 966 3012 illo
982 2949 1228 3014 proverbiorum:
1251 2949 1399 3012 Dominus

168 3054 286 3114 creavit
306 3071 352 3114 me
372 3055 495 3114 irritabat
515 3056 636 3114 cionem
657 3051 726 3114 licet
747 3051 849 3129 paucis
873 3051 1087 3124 disseruimus,
1119 3058 1233 3123 umen,
1256 3057 1289 3112 ut
1312 3047 1397 3126 equi-

169 3151 238 3212 dem
264 3170 350 3226 reor,
382 3153 557 3232 ampliorem
589 3151 773 3214 doctioribus
803 3151 919 3212 dicendi
948 3152 1062 3229 copiam
1092 3151 1232 3214 adversus
1262 3147 1398 3210 brionam

171 3252 306 3314 haeresin
328 3263 442 3333 qucum
463 3253 663 3333 suppeditare.
709 3251 836 3326 Quando
859 3269 930 3312 vero
953 3251 1093 3312 baeretici
1116 3252 1202 3314 etiam
1225 3257 1399 3330 sequentem

169 3353 251 3414 bunc
276 3371 397 3416 versum
428 3354 504 3416 male
536 3354 786 3433 interpretantur:
823 3353 900 3415 Ante
929 3369 1035 3414 oenum
1062 3353 1206 3431 scudem
1231 3369 1291 3424 me,
1324 3367 1399 3430 quae

168 3453 283 3518 aulico
310 3456 398 3518 verba
421 3455 458 3517 de
486 3455 655 3530 divinitate,
684 3474 746 3516 non
769 3455 806 3516 de
828 3454 891 3517 eius
915 3452 1042 3514 adventu
1063 3469 1208 3530 corporeo
1230 3451 1306 3513 dicu
1329 3467 1398 3512 esse

168 3564 338 3628 autumnum
369 3573 494 3618 neccsse
523 3555 645 3618 omnino
676 3565 739 3632 est,
773 3565 806 3618 ut
836 3556 915 3618 bunc
946 3553 1034 3618 etiem
1068 3571 1186 3616 versum
1219 3551 1399 3632 explicemus

168 3654 347 3736 illorumque
370 3675 502 3720 errorem
524 3659 743 3736 patel'aciarnus.

205 3923 227 3955 c.
245 3907 345 3970 Sepuer.
368 3909 425 3970 llep.
450 3909 517 3970 lupi.
536 3906 633 3959 Gobler.
653 3909 758 3958 Falclm.
811 3909 868 3962 editi
886 3900 963 3957 ἔστιν
980 3899 1120 3954 υἱοποιῶν.
1157 3903 1229 3955 lircil.
1249 3905 1306 3955 ibid.
1318 3899 1401 3966 δῆλον

173 3973 194 4022 1.
215 3972 238 4022 2.
258 3983 281 4024 et
299 3976 322 4025 l.
341 3969 431 4024 πάντα
449 3969 486 4024 δέ.
514 3975 577 4026 dditl
595 3969 687 4024 aeno
703 3971 758 4026 καί.
811 3967 848 4028 ὥς
865 3965 947 4028 αὐτός
964 3966 1039 4022 ἔστιν
1056 3963 1196 4024 cionem
1231 3972 1283 4022 llor
1301 3972 1401 4036 Seguer.

168 4039 244 4090 baril.
263 4043 349 4092 omittit
366 4037 396 4090 δέ
415 4050 439 4091 et
454 4042 507 4090 aul.
545 4041 606 4092 lbld.
620 4042 759 4094 rotetur.
812 4033 826 4089 d
845 4035 948 4094 dodica.

171 4101 615 4174 etcditiocornrnelaqidpbnlppi.
645 4110 758 4159 lliimer.
846 4109 862 4158 l.
881 4109 971 4170 lngllc.
988 4099 1079 4166 incedi
1097 4100 1151 4156 aot.
1187 4107 1277 4158 lbidern
1297 4122 1355 4157 ruas.
1375 4097 1403 4154 ol

170 4173 230 4226 rodo·
251 4165 416 4240 ὀφθαλμοῖς.
459 4176 509 4226 boa
537 4177 635 4238 Sepuar.
661 4177 758 4227 Gobler.
812 4167 950 4240 adparari.
986 4175 1047 4224 Editl
1067 4189 1122 4224 roro
1142 4175 1254 4225 omittunt
1271 4175 1400 4226 articulum

167 4241 275 4292 l'elclm.
297 4243 317 4294 l.
336 4252 359 4292 ea
377 4243 400 4294 l.
420 4233 505 4290 αὐτὸν
528 4229 598 4292 εἶναι
621 4237 757 4310 σημαίνει.
811 4235 845 4292 oi.
881 4243 940 4292 ltetn
959 4242 1016 4292 lbld.
1034 4241 1134 4305 sepner.
1150 4243 1246 4294 Goblcr.
1259 4241 1364 4293 l'elclnr.
1378 4241 1400 4289 l.

169 4307 196 4360 ln
215 4309 271 4360 allis
289 4318 313 4360 at
330 4311 402 4361 editis
420 4311 489 4362 deest
501 4299 580 4360 rivet.
811 4311 868 4361 etl.
886 4303 949 4375 περὶ
966 4302 1064 4358 rodroc
1081 4303 1289 4387 drdcpeodpravoe.
1322 4309 1401 4358 llllet

164 4401 180 4414 -
265 4411 270 4422 ·
311 4413 319 4426 .
816 4379 873 4428 editi
890 4391 922 4428 nc
943 4371 1069 4427 irodroo
1086 4373 1200 4426 dtorooc
1222 4389 1287 4426 enne.

169 4479 191 4527 ι.
203 4409 758 4530 d'rd¹drdcd⁸dddttd⁰r'dqdd‘duddcmm'
845 4463 867 4509 ⁸·
885 4392 986 4510 seduc.
1004 4447 1101 4498 ΕΜ·
1122 4391 1227 4495 ΝΑ
1249 4445 1304 4494 ¹⁴¹
1314 4441 1337 4491 ⁴·
1355 4434 1402 4488 ’ἀ

809 4511 904 4564 ταῦτα.
939 4514 1001 4564 Edlti
1019 4508 1065 4562 aei
1081 4505 1191 4572 andrum
1221 4509 1398 4561 ibidleleinr.
1440 4567 1443 4576 Ι

205 4591 226 4628 e.
245 4579 344 4642 Sepnrr.
362 4573 439 4630 low
457 4574 472 4630 d
490 4573 629 4634 conatur.
647 4581 726 4634 Celeri
737 4589 761 4631 et
809 4581 834 4634 l.
852 4571 1003 4647 ἀναγκαῖον
1020 4577 1126 4630 τοῦτον.
