3162 5308
521 402 665 445 rersrona
680 403 700 444 ι.
723 403 758 444 su
781 402 975 446 saumones.
1277 391 1337 453 67³

117 559 181 620 sed
203 555 324 618 eosdem
346 553 382 614 de
404 553 515 632 Spiritu
538 561 640 614 sancto
661 571 749 633 prave
770 554 890 627 sentire,
913 555 1148 636 contendereque
1170 556 1251 620 illum
1277 574 1421 621 nocens.

115 642 236 723 tantum
258 675 322 719 rem
345 663 488 730 creatam,
517 653 569 716 sed
598 654 685 715 etiarn
711 673 802 716 unum
831 673 867 716 ex
889 655 1071 717 administris
1093 659 1246 738 spiritibus
1269 677 1337 721 esse

113 762 248 841 soloque
269 758 360 838 gradu
388 758 424 818 ab
445 756 563 836 Angelis
592 756 721 818 differre.
765 755 802 816 Et
833 756 907 816 haec
934 756 1069 818 simulata
1097 759 1212 837 quidem
1240 780 1337 842 pugna

113 883 191 927 cunr
212 862 345 934 Arianis,
375 859 427 922 sed
455 877 523 920 vera
545 865 590 921 est
613 875 679 919 cum
700 855 829 938 pia'fide
850 857 992 918 certade-
1023 857 1096 918 Nam
1119 867 1151 920 ut
1170 860 1211 922 illi
1231 861 1336 925 Filium

111 973 264 1046 negantes
285 969 395 1042 negant
420 969 451 1023 et
474 961 607 1036 Patrem,
636 961 675 1021 ita
703 968 732 1020 et
759 958 808 1022 isti
835 958 955 1039 indigna
977 960 1013 1022 de
1035 960 1144 1040 Spiritu
1166 971 1267 1024 saneto
1288 963 1336 1024 lo-

113 1075 249 1151 quentes
277 1058 397 1145 indigna
423 1082 540 1145 quoque
568 1063 605 1124 dc
626 1061 700 1123 Filio
732 1061 890 1142 loquantur
917 1081 1040 1124 necesse
1069 1071 1124 1124 est.
1166 1063 1210 1124 lta
1237 1063 1338 1126 ambae

111 1171 190 1233 illae
212 1173 309 1232 sectae
330 1167 438 1230 bellum
460 1165 574 1228 veritati
596 1163 737 1226 indictum
759 1164 899 1237 divisere,
929 1172 963 1225 ut
988 1163 1030 1225 illi
1059 1173 1160 1232 cenna
1181 1165 1287 1227 Filium
1310 1174 1340 1228 et

110 1273 176 1336 isti
198 1280 299 1334 contra
320 1271 461 1352 Spiritum
490 1275 623 1330 sanctum
650 1282 791 1347 perversa
819 1265 980 1328 sentientes
1003 1266 1135 1328 eiusdem
1157 1267 1188 1328 in
1209 1275 1339 1330 sanctam

112 1375 298 1437 Trinitatem
325 1369 524 1452 blasphemiae
553 1368 639 1430 simul
666 1369 709 1429 rei
731 1368 801 1430 sint
846 1367 916 1429 Cum
940 1367 1029 1447 igitur
1049 1368 1122 1430 haec
1141 1369 1338 1449 perspicerem

108 1476 271 1556 multaque
292 1493 406 1536 mecum
429 1473 595 1552 cogitarem,
618 1471 648 1532 in
670 1489 786 1551 gravem
808 1470 895 1532 incidi
910 1469 1030 1544 luctum,
1053 1471 1131 1550 quod
1146 1470 1336 1533 iterum'llia-

106 1579 209 1642 holus
232 1577 399 1639 ludificandi
420 1593 521 1636 ansam
544 1573 621 1654 apud
641 1573 709 1634 illos
730 1582 834 1634 nactus
858 1582 954 1646 esset,
985 1572 1035 1652 qui
1057 1573 1120 1634 eius
1142 1571 1287 1634 insaniam
1308 1579 1338 1634 et

104 1685 254 1745 furorem
275 1677 383 1740 imitari
405 1675 476 1737 nihil
498 1683 661 1762 verentur.¹
688 1673 764 1736 Hine
792 1693 846 1754 ego
873 1675 932 1735 hoc
958 1673 1100 1754 temporis
1122 1674 1210 1736 silere
1233 1674 1335 1736 decre-

105 1799 232 1848 veram.
281 1779 488 1840 Verumtamen
518 1795 584 1838 cum
613 1784 645 1837 ut
674 1785 739 1838 tuae
767 1776 936 1838 Sanctitatis
965 1776 1161 1838 cohortationi
1193 1775 1336 1850 cederem,

106 1895 185 1948 tum
209 1889 241 1942 ut
260 1898 380 1959 pravam
400 1879 517 1940 illorum
539 1878 709 1958 opinionem
731 1885 761 1940 et
783 1878 941 1940 satanicam
958 1878 1107 1940 audaciam
1122 1876 1336 1957 propulsarem,

43 2004 50 2010 ·
106 1987 166 2048 vix
192 1981 310 2044 tandem
332 1981 432 2062 paucis
456 1982 529 2042 lianc
550 1980 633 2061 potui
656 1981 787 2042 scribere
801 1980 974 2060 Epistulam,
997 1987 1028 2041 ut
1050 1987 1082 2040 tu
1100 1978 1252 2040 occasione
1267 1978 1335 2039 iude

106 2093 241 2165 accepta
262 2103 317 2164 pro
340 2093 389 2145 tua
411 2103 465 2166 qua
487 2083 581 2164 polles
602 2083 758 2163 prudentia
780 2101 823 2159 ea,
847 2101 920 2162 quae
942 2082 1056 2156 desunt,
1079 2081 1226 2162 suppleas,
1248 2088 1418 2161 siquenm.

107 2189 196 2253 adeo
219 2185 306 2267 plene
327 2186 475 2248 refellatur
496 2186 586 2266 impia
607 2185 752 2248 haeresis.

206 2393 236 2454 2.
280 2391 381 2470 ltaque
408 2389 583 2450 arianorum
613 2387 731 2468 quidem
763 2405 943 2468 nequaquam
974 2387 1066 2450 aliena
1095 2394 1140 2448 est
1169 2385 1336 2448 huiusmodi

108 2493 277 2554 sententia.
320 2493 481 2571 Postquam
504 2491 582 2552 enim
604 2489 696 2551 semel
716 2490 770 2550 llei
792 2489 918 2552 Verbum
940 2507 1048 2569 negare
1070 2488 1135 2550 ausi
1157 2495 1241 2561 sunt,
1268 2505 1334 2548 me-

108 2594 177 2653 rito
202 2593 304 2652 eadem
327 2593 364 2653 de
385 2595 449 2654 eius
472 2592 584 2672 Spiritu
606 2593 695 2673 impie
717 2591 907 2655 mentiuntur.
953 2591 1097 2678 Quocirca
1114 2608 1171 2650 nec
1183 2590 1266 2670 plura
1280 2589 1334 2650 ad·

107 2707 228 2752 versus
250 2691 316 2752 illos
339 2691 435 2753 dicere
456 2711 587 2756 neeesse
600 2703 653 2768 est,
677 2693 729 2756 sed
753 2695 822 2756 satis
846 2713 912 2756 esse
931 2693 1040 2754 debent
1061 2709 1135 2770 quae
1156 2697 1241 2752 antea
1262 2707 1335 2750 con-

108 2803 160 2855 tra
186 2789 275 2870 ipsos
299 2790 373 2853 dicta
396 2802 474 2854 sunt
518 2795 605 2868 Quod
628 2805 724 2858 autem
747 2797 781 2858 ad
804 2797 870 2858 illos
894 2803 1015 2874 spectat,
1042 2793 1092 2872 qui
1113 2792 1185 2854 lalsa
1206 2791 1249 2852 de.
1265 2790 1335 2870 Spi-

103 2895 173 2957 ritu
191 2901 298 2955 saccto
314 2901 444 2956 errantes
459 2896 623 2975 opinantur,
645 2898 719 2980 ipsis
735 2898 862 2979 quodam
876 2895 966 2956 modo
981 2895 1043 2956 sire
1057 2898 1179 2974 *tropo,
1202 2901 1234 2955 ut
1247 2891 1336 2952 iidem

104 2998 293 3076 loquuntur,
317 2997 452 3058 convenit
472 2999 661 3077 respondere.
705 2999 877 3060 ilira'enim
897 2998 1030 3076 prolecto
1053 2995 1183 3058 videatur
1202 2995 1335 3075 ipsorum

105 3097 265 3170 amentia,
298 3098 376 3176 quod
403 3097 513 3160 scilicet
540 3100 576 3174 ii,
608 3101 657 3180 qui
678 3100 782 3161 Filium
804 3100 858 3161 uei
885 3116 949 3160 rem
978 3107 1103 3160 creatam
1132 3115 1200 3160 esse
1231 3095 1335 3158 nolunt
1398 3141 1401 3148 ,

108 3206 187 3281 (qua
220 3198 338 3278 quidem
366 3199 397 3259 in
416 3218 452 3276 re
472 3208 552 3262 recte
575 3201 734 3276 sentiunt),
765 3200 907 3280 Spiritum
929 3199 993 3261 Filii
1021 3218 1084 3261 rem
1113 3207 1238 3261 creatam
1266 3215 1333 3258 esse

108 3303 161 3365 vel
186 3301 278 3362 etiam
299 3300 400 3362 audire
420 3301 578 3380 patiantur.
624 3302 656 3362 Si
678 3301 755 3364 enim
784 3311 905 3382 propter
925 3301 1013 3363 Verbi
1043 3321 1107 3363 cum
1129 3301 1214 3362 Patre
1235 3300 1332 3362 unita-

71 3414 76 3426 '
108 3417 174 3468 tem
199 3402 306 3464 nolunt
327 3401 432 3464 Filium
454 3421 521 3464 esse
544 3423 559 3464 e
580 3403 669 3465 rebus
691 3404 791 3480 lactis,
815 3403 883 3476 sed,
915 3403 995 3484 quod
1017 3402 1133 3482 quidem
1155 3419 1256 3464 vuum
1278 3411 1333 3478 est,
1402 3475 1409 3514 '

182 3621 199 3656 *
219 3625 306 3688 Tropis
325 3615 438 3674 nimirum
455 3622 490 3673 illi
509 3632 532 3674 et
550 3626 698 3690 metaphoris
716 3625 877 3698 deprprabant
895 3637 922 3674 ea
940 3639 1023 3676 sacrae
1040 3624 1178 3686 Scripturas
1196 3621 1262 3683 loca,
1280 3623 1333 3688 qui-

108 3691 448 3812 ngetpgt‘lrrpdgpimdpligitum
473 3702 581 3744 sanetum
605 3693 742 3758 probabant
759 3694 834 3743 lleurn
860 3707 928 3754 csse,
952 3695 1054 3756 hincque
1073 3691 1168 3756 Tropici
1193 3690 1247 3740 dieti
1269 3698 1331 3742 suut.

107 3897 174 3946 Editi
195 3887 338 3942 doctiores.
374 3893 433 3942 ibid.
444 3893 515 3942 Besil.
528 3894 600 3942 codex
619 3908 702 3943 menu-
786 3893 808 3943 d.
827 3895 883 3956 lleg.
904 3893 925 3943 l.
943 3901 967 3943 et
984 3893 1082 3954 Seguer.
1099 3886 1249 3958 λειπόμενα.

109 3965 222 4028 scriptus
242 3961 311 4009 solus
328 3953 396 4028 πρὸς
413 3958 460 4018 τῆς
478 3951 611 4024 ἂληθεὶᾳς.
786 3976 807 4010 e.
826 3961 882 4021 lleg.
901 3957 939 4022 [l]
953 3969 976 4010 et
995 3961 1092 4018 Sepuer.
1111 3951 1188 4024 ὀλίγα
1204 3954 1329 4030 προςήκει

147 4047 169 4082 e.
189 4031 217 4079 ln
239 4027 311 4076 editis
330 4036 352 4076 et
371 4029 394 4076 in
413 4028 554 4092 quibusdam
568 4029 701 4077 manuscri·
754 4021 942 4092 διερωτῶντας
959 4019 1057 4080 αὐτοὺς
1073 4019 1163 4078 εἰπεῖν.
1191 4029 1264 4080 Iidem
1277 4044 1331 4080 mox
1410 4073 1418 4086 ,

108 4099 160 4164 ptis
196 4099 237 4146 lrlc
271 4109 397 4158 perperam
432 4095 554 4156 legebatur
582 4091 701 4143 σιωπῶν.
753 4087 832 4147 εὐθύς
850 4103 904 4157 post
921 4085 1012 4148 ir'r'ue
1030 4097 1125 4147 sddunt

107 4167 199 4217 Verum
227 4165 294 4225 Regii
319 4163 389 4212 ambo
408 4164 517 4222 codices,
536 4162 624 4224 duplic.
644 4165 700 4212 item
786 4163 822 4228 l„
839 4162 877 4212 Sic
901 4163 994 4226 liepl.
1013 4163 1110 4226 Seguer.
1128 4165 1216 4227 duplic.
1236 4162 1331 4216 Gobler.

109 4235 228 4286 erilasil.
249 4229 436 4293 otwudrreete
456 4229 549 4280 hubent.
587 4229 636 4279 lior
657 4231 701 4280 ali·
752 4230 933 4281 adelelmi.
970 4231 1047 4283 Ceteri
1071 4247 1126 4283 tero
1150 4223 1332 4283 etedtrtacerci

128 4306 151 4354 ui
171 4303 273 4354 codices
292 4313 344 4350 eum
363 4299 431 4348 oditis
450 4289 697 4357 habeuticuirqroe,
751 4300 868 4349 omittunt.
911 4299 961 4350 llox
986 4300 1065 4352 Ottola.
1090 4295 1121 4350 τὸ
1148 4298 1253 4366 πνεῦμα
1282 4297 1330 4346 τοῦ

109 4319 189 4420 irenei
206 4383 245 4419 τε.
283 4369 338 4431 fleg.
356 4367 377 4416 1.
396 4368 493 4428 Seguer.
512 4367 583 4416 llasil.
603 4367 698 4418 Gobler.
749 4365 824 4415 deod.

111 4447 135 4486 et
153 4439 262 4490 Felclrm.
284 4436 306 4485 l.
325 4436 413 4486 habent
429 4430 607 4500 γνησιότητος
623 4426 699 4483 ἕνεκά
785 4451 805 4498 g.
824 4435 879 4498 lleg.
893 4435 915 4486 2.
935 4428 1019 4485 αὐτὸν
1035 4423 1112 4486 εἶναι.
1151 4433 1228 4485 Ceteri
1242 4433 1331 4482 etediti

112 4515 151 4566 γε.
187 4507 297 4556 Nunnius
322 4519 416 4570 quoque
438 4495 616 4568 γνησιότηιος
635 4505 699 4566 legit,
751 4489 820 4552 εἶναι
845 4505 963 4554 omittunt.
1007 4505 1096 4554 ibidem
1122 4505 1177 4565 lleg.
1194 4501 1215 4550 l.
1234 4499 1330 4562 Seguer.

114 4585 171 4620 uam
195 4575 267 4624 vertit
295 4575 449 4636 aincmitutis3
475 4573 560 4624 tantilli
585 4574 698 4623 momenti
750 4572 839 4634 Anglie.
858 4570 1001 4640 φρονοῦσι.
1039 4567 1331 4636 dliireroetoditippe·

113 4647 218 4691 reslest.
751 4637 866 4693 cotnra.

155 4725 284 4770 Arnarusu
296 4737 346 4771 orr.
359 4738 432 4772 noer.
443 4739 491 4772 ser.
1098 4720 1131 4770 43
