3226 5308
571 393 680 436 enarro
696 393 741 437 ru.
757 393 873 438 conrm
886 395 1023 440 annuos.
1136 373 1138 378 ’
1327 391 1389 456 603

161 552 207 606 εει
228 561 262 604 ac
283 542 309 604 si
331 541 490 614 diceretur,
512 541 631 604 Patrem
652 543 788 621 potuisse
810 563 871 606 non
894 564 963 608 esse
986 547 1107 610 bonum.
1152 549 1262 614 Verum
1277 573 1382 634 quem-
1397 569 1476 616 nou.

159 645 319 708 admodum
342 651 373 704 et
395 651 566 722 semper·et
587 646 692 706 natura
713 643 811 706 bonus
835 655 882 707 εει
903 646 1001 720 Ρειεε,
1024 647 1064 709 ἰιε
1089 667 1208 730 semper
1222 659 1326 717 natura
1343 667 1389 719 est

57 816 62 820 .
160 762 318 826 generans.
361 743 418 805 llic
445 753 543 805 antem
571 743 711 823 loquendi
732 746 858 808 modus:
887 746 975 808 Pater
996 748 1058 810 vult
1079 749 1185 812 Filium
1209 761 1239 814 et
1259 755 1389 818 Verbum

158 847 221 910 ruit
242 847 377 918 Patrem,
401 862 462 906 non
485 843 708 906 antecedentem
731 845 853 907 denotat
872 847 1070 924 voluntatem,
1099 853 1152 912 sed
1175 861 1297 916 naturae
1320 875 1388 935 ger-

158 947 330 1010 manitatem
360 945 570 1025 essentiaeque
597 943 810 1025 proprietatem
837 965 871 1008 ac
899 948 1123 1012 similitudinem
1157 933 1302 1032 designat.
1353 957 1392 1018 Ut

161 1049 240 1110 enirn
262 1048 299 1108 de
321 1046 483 1125 splendore
505 1056 535 1108 et
556 1047 623 1109 luce
645 1047 703 1108 dici
724 1055 842 1127 potest:
865 1049 1015 1128 Splendor
1028 1069 1089 1112 non
1105 1053 1195 1114 habet
1210 1053 1389 1116 voluntatem

160 1149 190 1210 in
212 1148 278 1209 luce
300 1147 540 1221 antecedentem,
569 1149 622 1210 sed
651 1156 697 1208 est
717 1148 859 1210 naturalis
883 1149 947 1211 eius
970 1151 1064 1226 letus,
1095 1171 1182 1232 quem
1204 1155 1266 1216 vult
1285 1155 1351 1230 lux,
1374 1175 1392 1217 a

161 1267 218 1328 qua
241 1249 384 1327 gignitur,
408 1267 468 1310 non
491 1249 650 1327 voluntatis
673 1249 894 1323 deliberatione,
919 1251 973 1312 sed
997 1259 1100 1314 natura
1124 1263 1154 1315 et
1175 1256 1317 1329 veritate3
1348 1257 1388 1317 ita
1400 1269 1473 1313 auu.

160 1351 198 1411 de
218 1349 305 1410 Patre
332 1357 362 1410 ct
381 1349 457 1411 Filio
480 1359 561 1412 recte
582 1350 641 1411 dici
661 1351 775 1429 possit:
798 1351 886 1412 Pater
909 1361 987 1414 amat
1008 1361 1038 1413 et
1059 1353 1123 1415 vult
1143 1353 1260 1428 Filium,
1284 1365 1315 1418 et
1335 1357 1387 1419 Fi-

159 1450 217 1512 lius
239 1459 318 1512 amat
339 1458 370 1512 ει
389 1451 452 1512 vult
472 1450 620 1512 Patrem.¹

244 1654 297 1715 67.
340 1651 385 1712 Νε
411 1649 502 1728 igitur
528 1649 688 1711 voluntatis
717 1667 794 1729 opus
823 1651 988 1729 appelletur
1015 1651 1125 1725 Filius,
1161 1671 1218 1716 nec
1245 1655 1389 1720 Valentini

158 1769 245 1812 error
272 1751 303 1812 in
326 1749 488 1812 Ecclesiam
518 1749 691 1822 inducatur,
722 1751 775 1812 sed
805 1752 908 1812 vivens
940 1751 989 1812 ille
1012 1753 1170 1815 consilium
1191 1772 1339 1839 verusque
1361 1769 1391 1820 ει
1489 1787 1490 1790 “

157 1850 302 1913 naturalis
325 1849 421 1912 Patris
444 1850 522 1911 lctus
546 1869 615 1912 esse
636 1850 760 1926 dicatur,
782 1859 816 1912 ut
836 1851 911 1914 lucis
933 1853 1084 1931 splendor.
1129 1853 1180 1915 Sic
1201 1855 1280 1916 enim
1302 1856 1390 1919 Pater

159 1951 225 2030 ipse
247 1957 296 2011 est
315 1949 450 2011 locutus:
472 1951 635 2014 Eructavit
658 1969 712 2013 cor
732 1969 831 2014 mcum
856 1952 983 2016 Verbum
1006 1955 1133 2028 bonum3
1156 1955 1201 2016 cui
1223 1955 1317 2018 Filius
1341 1957 1389 2018 his

158 2051 257 2114 verbis
280 2051 424 2114 concinit:
447 2053 509 2132 Epo
533 2058 566 2113 tn
583 2047 680 2114 'Putre
702 2062 731 2114 ει
753 2051 900 2115 Peterin
921 2071 967 2115 me
991 2063 1047 2116 εει.
1090 2053 1192 2135 ltaque
1214 2056 1241 2118 si
1259 2057 1389 2142 Verbum

159 2163 207 2215 eat
228 2152 259 2214 in
282 2154 387 2226 corde,
410 2152 462 2216 ubi
484 2162 532 2215 est
551 2151 714 2214 voluntas?
757 2153 900 2214 Similiter
922 2153 948 2216 si
970 2154 1062 2221 Filius
1086 2164 1133 2218 est
1153 2157 1183 2218 in
1204 2157 1309 2233 Patre,
1338 2158 1389 2220 ubi

159 2261 207 2315 εει
227 2252 406 2316 arbitrium?
449 2252 562 2316 Deinde
584 2254 612 2314 si
635 2253 700 2333 ipse
721 2259 769 2313 est
789 2253 946 2327 voluntas,
969 2255 1120 2332 quomodo
1144 2258 1301 2321 consilium
1325 2260 1388 2320 sive

102 2411 105 2424 ‚
156 2355 292 2417 voluntas
321 2356 352 2416 in
380 2354 530 2417 voluntate
558 2352 627 2414 est?
672 2351 761 2412 Valde
791 2351 871 2412 enim
901 2353 959 2414 hoc
987 2353 1148 2419 absurdum
1172 2365 1235 2432 est3
1265 2377 1303 2420 ne
1326 2359 1388 2420 sci·

155 2456 224 2518 licet
246 2457 377 2532 Verbum
405 2456 436 2516 in
462 2454 574 2526 verbo,
597 2451 689 2513 Filius
718 2451 749 2512 in
771 2451 851 2526 filio,
880 2461 910 2516 et
931 2453 1080 2534 Sapientia
1104 2457 1133 2518 in
1157 2459 1301 2536 sapientia
1323 2459 1388 2521 lieri

158 2556 361 2632 existimetur,
388 2554 433 2615 uti
460 2553 581 2632 saepius
611 2552 723 2613 dictum
752 2559 806 2614 est.
850 2553 982 2634 Namque
1004 2555 1095 2619 Filius
1118 2559 1218 2620 omnia
1241 2558 1307 2640 ipse
1331 2568 1386 2631 est,

158 2672 234 2732 quae
252 2654 351 2716 Patris
380 2661 465 2727 suut,
498 2652 631 2733 nihilque
661 2659 730 2715 anto
750 2653 880 2734 Verbum
908 2665 954 2719 est
975 2658 1006 2719 in
1027 2655 1216 2733 Patre,'scd
1237 2659 1268 2719 in
1290 2659 1387 2720 Verbo

158 2755 246 2816 etiam
269 2763 316 2816 cst
336 2754 485 2827 voluntas,
508 2761 537 2814 et
558 2753 733 2834 peripsum
755 2773 800 2831 ea,
823 2775 898 2836 quae
919 2757 1080 2819 voluntatis
1105 2767 1185 2832 sunt,
1209 2777 1300 2838 opere
1314 2777 1386 2838 per-

157 2854 313 2929 lmiuntur,
344 2863 379 2916 ut
405 2873 441 2916 ex
463 2853 559 2916 divina
582 2853 734 2934 Scriptura
756 2856 925 2920 didicimus.
969 2857 1081 2918 Vellem
1109 2876 1198 2932 vero,
1231 2868 1266 2920 ut
1293 2859 1387 2937 impii,

157 2956 209 3036 qni
230 2975 267 3018 eo
289 2957 472 3018 devenerunt
492 2956 637 3019 amentiae
660 2965 690 3019 et
711 2959 748 3020 de
769 2958 920 3019 voluntate
943 2957 1106 3037 disputant,
1129 2959 1234 3020 vellem
1256 2961 1388 3038 inquam,

157 3066 192 3119 nt
216 3074 287 3118 non·
306 3057 364 3118 iarn
392 3057 609 3135 interrogarent
636 3045 794 3130 mulieres,
826 3075 899 3136 quas
928 3057 969 3118 ita
995 3058 1081 3136 prius
1103 3059 1386 3138 percunctabantur:

156 3157 332 3219 Habuistinc
363 3157 454 3219 tilium
485 3158 659 3237 priusquam
692 3155 875 3235 genuisses?
918 3157 1028 3219 Verum
1061 3167 1162 3238 patres
1190 3159 1292 3239 potius
1324 3161 1383 3222 boc

157 3258 249 3320 modo
271 3258 473 3336 interrogent:
496 3258 570 3332 „bn
592 3256 787 3319 deliberando
804 3265 909 3334 patres
931 3259 1098 3334 efficimini,
1120 3277 1160 3322 an
1181 3280 1252 3322 vero
1276 3279 1385 3323 secun-

90 3369 105 3380 ·
157 3359 254 3434 „dum
280 3369 417 3421 naturam
445 3369 558 3422 restrae
589 3359 676 3420 etiam
706 3358 894 3420 voluntatis?
926 3360 971 3420 bn
992 3360 1079 3423 liberi
1101 3361 1216 3424 similes
1239 3371 1310 3424 sunt
1330 3382 1385 3424 ve-

156 3469 263 3534 „strae
291 3471 414 3524 naturae
443 3470 473 3523 ει
500 3457 731 3524 substantiael“
775 3459 855 3522 Haec
877 3461 967 3539 igitur
988 3462 1141 3544 inquirant
1163 3482 1179 3524 a
1201 3463 1393 3543 perentibus,-

156 3569 189 3623 ut
210 3563 246 3623 ab
267 3561 316 3624 his
339 3563 414 3642 ipsis
437 3565 643 3637 confutentur,
672 3579 688 3622 a
712 3559 820 3640 quibus
843 3580 918 3641 qnae
942 3565 1084 3626 elicienda
1108 3574 1189 3626 esset
1212 3584 1247 3626 ex
1271 3583 1324 3625 sua
1347 3565 1384 3626 de

155 3663 295 3726 nascendi
323 3664 414 3725 modo
444 3665 617 3744 quaestione
647 3662 799 3724 conclusio
828 3672 887 3724 tam
909 3665 1044 3744 impense
1066 3666 1250 3744 flagitarunt,
1280 3682 1385 3742 spera-

155 3773 283 3844 runtque
304 3782 368 3826 rem
389 3782 425 3824 ex
447 3763 523 3843 ipsis
544 3764 632 3843 plane
653 3764 837 3842 cognituros.
882 3765 961 3828 llaec
983 3766 1097 3828 scilicet
1111 3765 1153 3826 illi
1169 3771 1241 3838 sunt
1254 3783 1384 3842 respon-

157 3945 197 3999 rt.
233 3948 284 3996 lton
303 3945 375 3994 ssssil.
393 3935 459 3992 ἀλλὰ
475 3939 522 3992 atei
537 3937 629 4008 βουλή.
800 4000 814 4020 u
829 3961 853 4007 g.
869 3945 926 4008 lleg.
939 3945 960 3995 l.
981 3955 1004 3996 et
1019 3947 1119 4007 Sego-ar.
1136 3938 1242 3994 ἑαυτῶν
1257 3947 1388 4010 γυναῖκας

190 4015 214 4065 d.
232 4015 274 4064 Sic
292 4013 379 4074 Regios
399 4012 421 4061 l.
446 4013 586 4073 Segnerian,
604 4011 703 4060 Gobler.
721 4020 745 4062 et
795 4025 828 4063 uc
846 4005 930 4060 αὐτοι.
966 4013 1058 4062 ibidem
1076 4005 1196 4078 πότερον
1214 4015 1282 4064 abest
1300 4033 1312 4063 ε
1333 4017 1381 4065 Go-

155 4083 261 4134 Fclcltm.
282 4081 304 4132 l.
339 4079 408 4129 ltin
433 4079 487 4128 aliis
506 4071 744 4129 eteditisddeeet.
796 4077 856 4128 bier.
876 4088 900 4128 et
916 4081 1021 4130 Felclun.
1043 4079 1063 4128 l.
1083 4095 1126 4143 pro
1146 4097 1193 4146 que
1212 4083 1302 4144 Anglic.
1320 4075 1387 4146 πρό-

190 4181 212 4218 ε.
229 4165 271 4215 Sic
287 4164 375 4224 Regios
387 4162 408 4213 l.
427 4169 451 4212 et
467 4163 608 4224 Segestica.
641 4163 671 4212 te
688 4161 745 4212 editi
796 4158 885 4224 ΠΨ·
921 4147 980 4196 ltem
1000 4147 1306 4227 ibid-R‘t·,¹·}isptu5r·
1323 4150 1386 4226 βου]

155 4229 278 4298 γένηται,
553 4247 555 4253 =
795 4209 938 4279 λευομενει
962 4223 985 4264 ει
1009 4229 1062 4264 mex
1086 4227 1132 4262 και
1150 4229 1301 4281 insopor.
1339 4218 1384 4265 ειη

189 4319 207 4366 ί.
225 4317 266 4366 Sic
284 4316 340 4376 Ros·
352 4313 374 4364 ¹¹
392 4313 491 4376 sem·
500 4313 598 4366 0⁰qu
607 4311 744 4364 mmm.
796 4282 902 4345 editiqoe
910 4275 1073 4347 βουλόμενοι
1083 4283 1202 4348 iidemque
1212 4277 1386 4334 xniomittnnt.

157 4383 180 4432 1.
215 4383 294 4433 Ceteri
313 4391 391 4431 entem
411 4389 434 4430 et
451 4383 506 4431 editi
517 4375 653 4438 ἐδίδαξαν.
683 4382 743 4430 lbid.
829 4383 852 4432 b.
872 4383 929 4444 Reg.
949 4382 970 4432 l.
990 4389 1013 4432 et
1030 4383 1130 4445 Seguer.
1148 4384 1240 4433 addunt
1258 4373 1302 4430 ὅτι
1319 4383 1384 4446 qnod

155 4450 212 4512 lleg.
225 4450 247 4499 l.
265 4457 288 4498 et
306 4449 445 4527 Seguntiae.
454 4441 605 4516 ἐβουλόμην
623 4444 653 4498 di
670 4441 742 4502 τεός.
794 4450 818 4499 in
837 4451 892 4498 aliis
910 4459 934 4500 et
951 4451 1022 4501 editis
1035 4453 1110 4502 deest.
1147 4451 1236 4500 ibidem
1248 4449 1383 4500 delationi.

156 4516 240 4578 Regi
257 4507 407 4580 Ῑβουλομην
423 4504 473 4564 οὖν
490 4511 559 4570 ratic.
596 4517 743 4578 attietedjei
794 4525 819 4566 ct
841 4519 915 4567 editio
938 4518 1055 4568 Commel.
1080 4510 1112 4566 oei
1134 4509 1288 4582 θελήματος
1306 4511 1384 4582 ἡμῶν

156 4573 307 4647 ἐβουλόμην
322 4576 392 4634 scic.
793 4575 870 4633 ἐστιν
887 4573 979 4649 ipseo.
