3258 5276
239 387 303 454 300
643 404 670 447 s.
684 403 840 448 ιτιιιιιια
854 403 1077 450 nemmem
1141 429 1147 442 .

152 552 276 618 md&
302 547 458 636 τοιαύτην
487 547 638 617 όιάνοιαν
664 551 718 617 καί
746 549 805 617 τὸν
832 550 947 637 καιρόν
974 548 1030 618 καλ
1058 551 1097 618 τὸ
1118 550 1301 639 πρόςωπον
1323 548 1465 633 αότόςό

238 647 437 730 ἀπόστολος,
462 647 480 716 ό
501 653 556 717 καὶ
577 649 726 737 γράψας·
748 650 871 718 πιστὸν
893 647 975 718 όντα
995 655 1043 738 τῷ
1068 652 1252 740 ποιήσαντι
1274 648 1382 736 αύτόν,
1407 656 1466 743 όη-

237 753 344 819 λῶσαι
365 752 492 835 μᾶλλον
515 750 625 830 ἱκανός
646 750 766 830 ’έοτιη
791 749 847 818 έάν
869 751 912 820 τό
927 753 1121 840 ἔμπροσθεν
1137 752 1304 840 λάβωμεν
1324 761 1387 838 μία
1402 755 1466 843 γὰρ

237 847 423 920 ἀκολουθία
445 851 525 932 ἐστί,
547 855 602 920 καὶ
625 853 702 938 περί
725 853 785 917 τοῦ
806 845 908 918 αύτοῦ
930 851 969 918 τὸ
984 847 1183 939 ἀνάγνωσμα
1198 855 1354 942 τυγχάνει.
1385 856 1467 944 γρά-

237 977 296 1042 φει
316 959 427 1020 τοίνυν
449 952 484 1020 ἐν
505 955 545 1040 τῇ
568 952 729 1038 ἐπιστολῇ
751 953 791 1039 τῇ
813 950 900 1036 πρὸς
918 949 1087 1040 Ἐβραίους
1107 957 1226 1022 ταῦτα·
1249 956 1322 1024 ἐπεὶ
1344 947 1469 1026 οὖντά

238 1045 360 1122 πάιόία
380 1053 609 1140 κεκοινώνηκεν
631 1052 773 1136 αἵματος
793 1054 847 1120 καὶ
871 1054 999 1140 σαρκός,
1023 1053 1080 1122 καὶ
1101 1051 1201 1135 αύτὸς
1221 1060 1469 1147 παραπλησίως
1554 1085 1558 1096 ·

79 1188 82 1196 ·
205 1231 209 1238 ,
236 1161 372 1241 μετέσχε
392 1157 459 1220 τῶν
481 1147 605 1234 αύτών,
628 1152 685 1219 ἵνα
707 1151 764 1220 όιά
785 1155 845 1218 τοῦ
866 1153 1017 1222 θανάτου
1039 1155 1225 1244 καταργήση
1247 1158 1306 1226 τὸν
1328 1158 1367 1226 τό
1388 1159 1468 1248 κρά-

236 1280 294 1338 τος
324 1257 440 1339 έχοντα
465 1256 525 1321 τοῦ
552 1252 720 1334 θανάτου,
749 1259 903 1321 τουτέστι
923 1254 981 1323 τὸν
1004 1255 1177 1342 διάβολον,
1210 1261 1265 1326 καὶ
1289 1256 1464 1349 ἀπαλλάξῃ

236 1357 382 1436 τούτους,
406 1351 484 1422 ὅσοι
505 1353 601 1443 φόβῳ
622 1353 774 1422 θανάτου
796 1354 981 1434 διαπαντός
1001 1358 1060 1423 τοῦ
1077 1357 1133 1445 ζῆν
1149 1357 1258 1442 ἐνοχοι
1270 1349 1354 1448 ήσαν
1369 1339 1488 1428 λόον-ἐ

238 1460 344 1535 λείας·
377 1452 416 1522 ού
448 1455 510 1541 γάρ
539 1455 648 1543 δήπου
678 1451 822 1541 ἀγγέλων
851 1455 1128 1544 ἐπιλαμβάνεται,
1162 1451 1248 1526 ἀλλά
1276 1465 1468 1545 σπέρματος

234 1551 388 1644 Ἀβραὰμ
410 1555 688 1643 ἐπιλαμβάνεται·
717 1553 801 1625 ὅθεν
829 1555 954 1647 ὤφειλε
975 1560 1060 1628 κατὰ
1080 1559 1190 1628 πάντα
1210 1569 1283 1640 τοῖς
1304 1555 1465 1648 ἀδελφοῖς

239 1653 467 1748 όμοιωθήναι,
497 1659 554 1726 ἵνα
580 1657 725 1746 ἐλεήμων
753 1663 887 1748 γίνηται
908 1663 963 1728 καλ
986 1662 1107 1741 πιστός
1128 1657 1294 1749 ἀρχιερεύς
1314 1659 1357 1728 τά
1377 1659 1466 1748 πρὸς

151 1759 297 1829 πινυτὸν
318 1760 417 1843 θεόν,
442 1761 490 1840 είς
510 1759 550 1827 τὸ
572 1759 773 1828 ἱλάσκεσθαι
794 1759 873 1842 ’τάς
894 1758 1059 1852 ἁμαρτίας
1079 1766 1138 1832 τού
1160 1764 1251 1831 λαού.
1297 1762 1331 1832 ἐν
1353 1751 1380 1842 ᾧ
1402 1762 1464 1852 γάρ

238 1869 413 1932 πέπονθεν
434 1858 534 1942 αύτὸς
548 1867 757 1947 πειρασθείς,
775 1861 916 1932 όύναται
928 1875 1001 1945 τοῖς
1015 1866 1268 1954 πειραζομένοις
1281 1867 1464 1953 βοηθήναι·

238 1961 330 2047 όθεν,
348 1961 489 2054 ἀδελφοὶ
504 1960 603 2050 ἀγιοι,
626 1963 772 2050 κλήσεως
787 1963 988 2054 ἐπουρανίου
1001 1973 1145 2052 μέτοχοι,
1169 1967 1393 2055 κατανοήσατε
1407 1965 1465 2034 τὸν

238 2066 428 2137 ἀπόστολον
449 2067 503 2134 καί
526 2061 678 2152 ἀρχιερέα
698 2067 757 2153 τῆς
779 2061 956 2152 ὁμολογίας
976 2064 1070 2153 ήμῶν
1088 2062 1222 2154 Ἰησοῦν,
1247 2068 1370 2136 πιστὸν
1385 2064 1466 2134 όντα

236 2173 284 2258 τῷ
306 2167 486 2255 ποιήσαντι
507 2163 645 2248 αύτόν“).

321 2275 351 2337 9.
400 2275 460 2348 Τίς
480 2269 539 2354 τήν
560 2269 747 2356 περικοπὴν
768 2267 888 2355 ταύτην
911 2263 990 2354 όλην
1012 2262 1245 2352 ἀναγινώσκων
1268 2265 1307 2336 ού
1322 2273 1387 2337 τών
1403 2270 1465 2354 μέν

233 2365 415 2458 ’Λρειανῶν
442 2370 694 2457 καταγινώσκει,
729 2368 797 2445 τὸνΙ
816 2369 853 2436 όέ
879 2368 1041 2456 μακάρων
1063 2362 1254 2435 ἀπόστολον
1277 2369 1466 2454 ’θαυμάζει

237 2474 345 2552 καλῶς
367 2471 535 2560 εέρηκότα,·
568 2469 655 2538 πότε
675 2469 738 2556 γάρ
752 2476 937 2558 πεποίηται
951 2472 1004 2538 καί
1021 2467 1104 2537 πότε
1118 2464 1309 2547 ἀπόστολος
1322 2476 1461 2555 γέγονεν,

236 2573 266 2642 εἰ
286 2573 331 2663 μή
355 2569 411 2642 ότι
432 2573 678 2660 παραπλησίως
698 2566 796 2656 ’ἡμῖν
817 2578 953 2656 μετέσχε
974 2575 1027 2640 καὶ
1044 2566 1143 2650 αὐτὸς
1156 2571 1297 2652 αἵματος
1311 2571 1363 2636 καὶ
1381 2591 1465 2656 σαρ-

234 2675 308 2758 κόςς
339 2678 394 2743 καὶ
417 2674 502 2741 πότε
521 2679 650 2759 γέγονεν
673 2669 820 2758 ἐλεήμων
841 2671 898 2739 καὶ
918 2673 1042 2752 πιστὸς
1063 2667 1236 2759 ἀρχιερεύς,
1259 2664 1281 2756 ἢ
1304 2667 1359 2738 ότε
1379 2670 1465 2738 κατὰ

235 2776 348 2845 πάντα
368 2785 441 2854 τοῖς
464 2769 624 2862 ἀδελφοῖς
645 2768 828 2859 ὡμοιώθης
866 2768 1029 2860 ὡμοιώθη
1059 2773 1094 2840 όέ
1122 2772 1212 2852 τότε,
1246 2769 1306 2840 ὅτε
1337 2777 1466 2858 γέγονεν

236 2874 434 2965 ἄνθρωπος,
469 2873 688 2959 ἐνδυσάμενος
719 2872 778 2959 τήν
811 2868 970 2960 ἡμετέραν
1003 2872 1117 2959 σάρκα.
1163 2869 1280 2940 οὐκοῦν
1309 2874 1467 2959 περὶτῆς

233 2977 333 3046 ’κατὰ
354 2977 412 3046 τόν
434 2975 620 3062 ἀνθρωπον
643 2974 834 3058 οἰκονομίας
854 2978 914 3041 τοῦ
925 2973 1023 3060 λόγου
1033 2970 1349 3061 γράφωνόΠαῦλος
1360 2973 1465 3058 ἐλεγε·

234 3079 357 3148 πιστὸν
381 3077 461 3146 όντα
482 3082 530 3166 τῷ
551 3076 733 3166 ποιήσαντι
754 3069 864 3156 αύτόν,
887 3073 945 3142 καὶ
966 3069 1005 3143 ού
1027 3077 1105 3161 περί
1128 3077 1186 3163 τῆς
1201 3071 1317 3154 ούσίας
1331 3077 1390 3141 τού
1408 3073 1466 3139 λό·

234 3203 304 3266 γου.
334 3185 450 3266 μηκέτι
471 3186 581 3247 τοίνυν
602 3183 766 3264 μαίνεσθε
787 3178 937 3262 λέγοντες
956 3182 1108 3262 *ποίημα
1129 3169 1215 3242 εἶναι
1229 3176 1288 3242 τὸν
1302 3178 1361 3242 τού
1376 3177 1461 3242 θεοῦ

236 3276 343 3364 λόγον,
368 3279 440 3346 ἐστι
459 3277 521 3365 γάρ
544 3274 644 3358 αύτὸς
665 3278 737 3355 υίὸς
759 3276 861 3364 φύσει
880 3275 1072 3362 μονογενής,
1095 3275 1173 3343 τότε
1195 3277 1231 3344 δὲ
1253 3279 1345 3360 ἐσχεν
1367 3271 1465 3344 ἀδελ-

236 3375 336 3467 φούς,
367 3373 423 3445 ότε
444 3377 502 3462 τήν
525 3373 644 3462 ὁμοίαν
665 3373 746 3461 ἡμῖν
768 3376 945 3442 ἐνεδύσατο
968 3375 1087 3460 σάρκα,
1110 3376 1169 3462 ΙΙἢν
1190 3375 1247 3444 καὶ
1267 3382 1465 3463 προςφέρων

235 3473 335 3556 αὐτὸς
368 3472 414 3544 δι’
446 3477 564 3543 ἑαυτοῦ
597 3471 765 3561 ἀρχιερεύς
793 3469 976 3563 ὠνομάσθη
1003 3477 1057 3542 καί
1084 3483 1214 3565 γέγονεν
1242 3476 1386 3564 ἐλεήμων
1407 3480 1463 3543 καί

235 3578 366 3660 πιστός,
390 3574 535 3664 ἐλεήμων
556 3583 625 3660 μέν,
650 3571 704 3641 ὅτι
723 3569 822 3661 ἰὑπὲρ
844 3569 936 3660 ήμῶν
958 3583 1175 3663 προςενέγνιας
1197 3578 1313 3647 ἑαυτὸν
1327 3572 1465 3665 ἠλέησεν

234 3678 329 3771 ἡμᾶς,
353 3677 475 3758 πιστός
497 3676 542 3758 όέ,
568 3673 605 3742 ού
628 3680 775 3754 πίστεως
795 3679 940 3760 μετέχων
962 3672 1038 3744 οόόέ
1060 3679 1108 3757 είς
1129 3677 1205 3746 τινά
1219 3678 1387 3747 πιστεύων
1403 3675 1467 3757 ὥς·

234 3809 298 3868 περ
320 3777 424 3869 ἡμεῖς,
448 3773 533 3849 ἀλλὰ
554 3775 780 3846 πιστεύεσθαι
796 3771 941 3866 ὀφείλων
955 3781 1055 3866 Ιιπερὶ
1072 3769 1118 3848 ών
1133 3779 1190 3848 ἐὰν
1206 3781 1282 3868 λέχη
1297 3781 1351 3848 καί
1367 3781 1462 3866 ποιῇ,

305 3955 329 4016 1)
347 3955 420 4006 flebr.
440 3953 464 4015 2,
485 3952 588 4014 14-3,
606 3951 630 4003 2.

268 4087 290 4123 ν.
314 4075 355 4124 Sic
372 4073 472 4136 Seguer.
491 4071 581 4133 λαςΙία
601 4070 699 4122 Gobler.
717 4069 822 4120 Felckm.
908 4070 933 4120 h.
951 4071 1057 4122 Felckm.
1075 4070 1099 4120 4.
1123 4063 1249 4118 θανάτου
1271 4065 1318 4118 καὶ
1335 4061 1466 4122 δουλείας.

236 4141 259 4192 1.
277 4147 301 4190 ει
317 4142 341 4192 4.
366 4150 393 4192 αι
416 4148 439 4190 ει
456 4139 565 4189 Nunnius
589 4138 688 4200 legerat.
723 4138 749 4186 Ιιι
768 4139 823 4188 aliis
875 4137 941 4190 Idem
959 4139 1033 4202 ρευΙο
1050 4145 1107 4202 pon
1122 4139 1210 4188 omittit
1226 4131 1298 4186 κατὰ
1315 4129 1413 4186 πάντα.

234 4215 257 4258 εί
275 4207 346 4260 editis
365 4209 452 4260 desunt
469 4197 823 4322 ἒάντάἕριπροσθινλάβω-
910 4223 930 4257 α
955 4205 1057 4266 Ειςαεε.
1082 4207 1181 4255 (ὶοΙνΙει.
1206 4214 1230 4257 el
1249 4206 1354 4256 Γείελω.
1376 4205 1398 4254 1.
1416 4197 1468 4256 τὰς

231 4286 297 4341 μεν·
314 4271 367 4342 μία
383 4268 438 4340 γάρ
456 4265 607 4322 ἀκολουθια
637 4267 690 4321 στί.
725 4273 824 4324 Gobler.
876 4265 1020 4339 ἁμαρτίαι.
1056 4271 1118 4321 Εέίιί
1136 4273 1226 4338 aliique
1238 4271 1298 4326 ταῖς
1307 4263 1465 4338 ἁμαρτίαις.

234 4342 405 4394 ειθεΙιΙιωΑ.
417 4342 505 4394 habent
517 4333 567 4390 ἐὰν
583 4338 640 4388 τών
656 4333 822 4406 ἔμπροσθεν.
910 4341 933 4390 d.
952 4340 1052 4398 Seuer.
1077 4339 1132 4401 neg.
1157 4341 1255 4392 θαλίαι.
1274 4348 1297 4390 ει
1316 4339 1421 4388 fetum.
1443 4340 1465 4386 1.

234 4409 327 4460 ibidem
352 4412 452 4472 seguer.
472 4409 570 4460 Gobler.
589 4407 694 4458 Felckm.
716 4409 738 4457 1.
757 4416 781 4456 ει
798 4407 822 4457 4.
877 4397 983 4455 ἀπόσπα
1000 4419 1033 4453 αν
1049 4401 1190 4472 θαυμάζει,
1218 4409 1261 4460 Ani
1281 4415 1304 4456 ει
1322 4405 1379 4454 editi
1397 4394 1467 4453 ἀνιό-

232 4470 279 4524 ναέ
301 4471 365 4543 περὶ
387 4473 436 4526 τοῦ
460 4469 552 4527 αύτιῦ.
588 4475 650 4525 Εέῑιί
673 4483 697 4524 τι
720 4473 761 4524 ulii
777 4468 824 4522 καὶ
875 4470 974 4522 σιολον
991 4465 1024 4523 τό
1041 4468 1184 4540 θαυμάζει.

232 4538 297 4608 περέ
313 4537 420 4596 τούτου.
456 4545 508 4596 ἐλαι
532 4545 632 4594 Seuer.
651 4541 824 4593 ῈεΙαΙαυΑΛι
908 4557 928 4592 ε.
948 4543 1047 4605 δεςαει.
1070 4549 1095 4591 ιι
1121 4545 1177 4606 θος.
1202 4538 1275 4611 ἡμῖν.
1309 4539 1372 4590 Edit}
1389 4531 1465 4606 ύμῖν.

234 4609 258 4662 ό.
277 4609 310 4680 τῇ
328 4606 398 4680 πρὸς
411 4605 553 4681 Ἐβραίους
601 4603 704 4676 ιστολῇ.
874 4609 934 4661 lbid.
953 4612 1054 4674 ειςαιι.
1073 4610 1171 4662 ῦοίνΙιτ.
1189 4621 1214 4662 ει
1231 4611 1337 4662 ΕιΙεΙιω.
1357 4609 1379 4658 1.
1398 4617 1422 4658 ει
1439 4607 1464 4658 5.
