3054 5236
466 368 581 412 course
595 367 811 412 aroccrnmruu
827 367 912 410 crrsn
928 369 949 410 1.
1257 355 1318 418 875

6 521 210 576 crearetur
243 523 289 577 ct
319 533 456 580 carnem
478 517 589 597 peccati
612 516 782 596 incapacem
798 516 962 590 exhiberet,
986 535 1073 596 quana
1089 535 1157 580 cum
1172 537 1206 580 ex
1223 520 1317 598 prima
1328 538 1403 584 amr.

8 616 225 678 nmatione
254 617 383 680 Adam
404 619 516 698 peccati
539 626 690 699 expertem
713 617 882 692 habuisset,
907 637 942 680 ex
965 617 1216 696 praevaricatione
1237 620 1316 681 illam

9 717 133 778 eccati
176 737 369 799 capaoem
397 720 483 794 lecit,
516 739 552 782 ac
576 719 608 780 iu
635 719 918 799 corruptionemet
948 726 1074 782 mortem
1097 720 1236 799 delapsus
1260 730 1316 782 est.

14 819 102 880 lano
132 817 322 883 Christus
365 821 490 884 suscitat
521 824 626 882 uaturi
653 817 892 898 impeccabilem,
926 827 960 880 ut
988 819 1127 882 ostendat
1153 829 1318 884 creatorem

20 937 76 982 on
106 939 202 982 esse
235 941 386 985 causam
408 921 531 1002 peccati,
554 928 584 982 et
604 921 641 982 erl
663 919 834 998 primariam
855 919 934 982 illam
957 921 1163 983 formationem
1179 924 1317 1001 propriae
1336 917 1343 926 ”

19 1029 174 1083 laturae
205 1041 295 1086 eam
327 1025 470 1096 restituit,
492 1031 526 1084 ut
547 1021 613 1101 ipso
628 1029 711 1084 esset
724 1007 979 1101 impeccabilitatis
993 1023 1154 1102 specimen.
1199 1023 1319 1086 Frustra

21 1107 124 1201 gitur
155 1125 321 1186 erronei
345 1125 386 1186 illi
409 1122 672 1186 comminiscuntur
693 1129 780 1202 atque
803 1121 962 1184 dicenter
985 1121 1064 1185 caelo
1078 1123 1186 1185 Christi
1210 1143 1317 1205 corpus

25 1207 140 1285 esses
173 1217 295 1304 Sturii
331 1227 410 1305 quod
432 1225 526 1286 Adam
555 1243 592 1286 ex
614 1223 695 1285 caclo
718 1223 878 1284 interram
902 1222 1022 1296 detulit,
1051 1224 1121 1286 illud
1144 1224 1278 1288 Christus
1301 1245 1318 1286 e

31 1337 122 1388 erra
157 1309 202 1385 in
220 1326 370 1416 scaelum
402 1325 515 1398 erexit,
545 1333 576 1387 et
597 1325 677 1404 quod
699 1325 806 1397 Adam,
830 1343 896 1386 com
919 1325 1004 1404 prius
1025 1326 1137 1406 peccati
1160 1345 1265 1406 expers
1288 1337 1318 1388 et

30 1426 116 1487 nulli
146 1427 366 1489 damnationi
389 1426 537 1488 obnoxius
554 1434 646 1498 essct,
670 1425 939 1504 incorruptionem
955 1425 1217 1490 etdamuationem
1233 1447 1316 1490 mor·

31 1526 77 1588 tis
104 1527 257 1600 deiecit,
286 1527 321 1589 id
343 1515 439 1606 ipsum
452 1525 592 1590 Christos
615 1525 841 1604 incorruptibile
863 1545 942 1599 esse,
965 1525 1026 1587 imo
1049 1539 1180 1590 amorte
1189 1529 1316 1592 liberare

35 1619 222 1702 ostendit,
251 1629 300 1689 ita
322 1635 356 1688 ut
375 1633 556 1707 potestatem
579 1626 684 1688 babeat
705 1627 736 1686 in
759 1633 838 1687 terra
861 1633 981 1706 peccata
1003 1627 1180 1702 dimittendi,
1204 1649 1240 1691 ex
1263 1648 1314 1692 se-

37 1729 168 1807 pulcro
198 1713 474 1808 incorruptionem
500 1726 673 1800 exhibendi,
703 1726 733 1788 in
756 1744 882 1789 ascensu
905 1745 941 1788 ex
963 1727 1079 1789 interno
1100 1737 1228 1790 mortem
1251 1731 1315 1792 sol·

43 1829 151 1888 vendi
187 1838 223 1890 et
257 1819 513 1890 resurrectionem
544 1828 682 1890 omnibus
712 1827 917 1890 annuntiandi.
963 1828 1039 1900 Quia
1061 1828 1141 1890 lleus
1164 1829 1316 1892 bominem
1399 1895 1401 1900 ,
1473 1867 1476 1872 ·

49 1929 182 1990 creavit
205 1929 254 1990 'in
290 1929 557 2008 incorruptionem,
587 1937 617 1990 et
643 1929 802 2008 imaginem
832 1930 1016 1992 aeternitatis
1039 1948 1112 1992 suae
1133 1929 1215 1992 illum
1238 1931 1315 1994 lecit.

55 2029 200 2094 Inuidia
225 2040 333 2092 nutem
349 2030 469 2102 ‘dioboli
489 2048 573 2092 mors
595 2033 727 2092 introvit
748 2035 782 2092 io
803 2031 964 2102 muudum
986 2048 1073 2108 qoem
1096 2031 1201 2093 mortis
1220 2031 1315 2110 impe-

56 2130 112 2191 rio·
146 2145 344 2212 oppressum
368 2127 644 2209 incorruptionem
666 2147 728 2192 non
752 2131 880 2210 neglexit
902 2131 983 2211 ipsc,
1006 2132 1100 2192 lactus
1123 2131 1231 2205 bomo,
1255 2149 1316 2194 non

61 2251 183 2294 versus
223 2233 257 2300 in
288 2217 420 2295 hominis
453 2235 595 2305 formam,
629 2250 727 2312 neque
761 2232 931 2313 despiciens
958 2232 1091 2294 bominis
1119 2233 1400 2298 substantiamrars.

64 2334 160 2412 quasi
194 2323 256 2414 per
284 2323 420 2398 umbram
451 2341 481 2396 et
504 2323 635 2414 speciem
658 2342 771 2396 tantum
794 2353 864 2396 seso
886 2334 1034 2406 ostendit,
1064 2333 1117 2394 sed
1140 2333 1189 2413 qui
1213 2341 1315 2395 natura

66 2434 157 2496 Deus
183 2445 236 2497 est
258 2437 349 2498 bomo
374 2436 516 2508 nascitur,
538 2443 572 2497 ut
593 2435 668 2498 baec
689 2433 776 2497 ambo
798 2435 860 2498 sint
881 2452 977 2507 unus,
1001 2433 1032 2496 in
1055 2434 1194 2496 omnibus
1216 2435 1316 2515 perle-

39 2613 43 2622 ι
72 2543 161 2608 etus,
195 2535 250 2615 qui
279 2537 444 2598 naturalem
474 2544 505 2598 et
526 2535 715 2598 verissimam
738 2536 918 2597 nativitatem
941 2535 1070 2610 exhibet.
1113 2535 1184 2598 ldeo
1206 2535 1316 2598 dictum

76 2644 142 2695 est:
168 2635 210 2696 lit
235 2637 314 2698 dedit
336 2636 385 2698 illi
404 2655 521 2708 nomeu,
544 2639 624 2718 quod
644 2647 802 2719 estsuper
825 2655 911 2700 curce
932 2655 1050 2710 comeo,
1073 2645 1107 2698 ut
1126 2645 1262 2718 regnaret
1286 2637 1316 2698 in

78 2733 174 2796 caelis
199 2743 233 2796 et
252 2743 431 2818 potestatem
453 2737 577 2800 baberet
596 2737 739 2800 reddendi
761 2737 874 2800 iudicii.

35 3005 37 3014 ,
173 2938 204 3002 8.
248 2939 321 3000 Nam
344 2938 488 3012 Verbum,
516 2939 596 3018 quod
623 2939 724 3002 omnia
751 2939 877 3012 crearit,
908 2939 987 3000 lilius
1011 2938 1140 3000 hominis
1163 2941 1313 3018 apparuit,

33 3023 37 3115 J
85 3055 150 3100 non
172 3037 302 3113 alienus,
331 3040 384 3102 sed
408 3041 555 3103 sccundus
576 3042 670 3104 lactus
691 3039 801 3114 Adam,
824 3048 857 3102 ut
878 3059 914 3102 ex
936 3041 1002 3120 ipso
1025 3041 1146 3102 nomine
1167 3059 1313 3122 agnosca-

32 3132 43 3217 ζ
86 3157 156 3201 mus
180 3141 342 3202 veritatem.
386 3141 547 3222 lpsumqua
568 3142 702 3228 priorem
718 3141 1195 3220 essoPretoptasumtpostctus
1210 3153 1314 3204 osten·

36 3228 43 3245 ⁷
89 3241 143 3316 dit,
165 3241 216 3304 ubi
236 3242 363 3322 primum
386 3242 513 3304 animale
535 3251 691 3316 memorat,
715 3241 823 3304 dehinc
844 3227 1008 3322 spirituale.
1046 3242 1119 3305 Cum
1134 3249 1231 3306 autem
1246 3243 1313 3305 ani-

38 3331 41 3344 *
89 3343 165 3406 male
187 3351 218 3406 et
238 3343 392 3424 spirituale
414 3343 501 3419 dicit,
524 3331 732 3406 non'alterum
755 3351 786 3404 et
807 3343 931 3406 alterum
955 3361 1065 3422 corpus
1088 3343 1236 3418 ostendit,
1259 3343 1312 3406 sed

34 3426 42 3498 ῗ
92 3443 286 3526 idemipsum
309 3463 435 3524 corpus,
463 3447 594 3524 primum
617 3445 736 3526 quidem
759 3445 790 3506 in
812 3445 945 3526 potentia
967 3453 998 3506 et
1018 3453 1124 3506 natura
1147 3446 1261 3508 animae
1284 3455 1315 3508 et

32 3542 34 3548 ’
92 3553 244 3626 propterea
266 3545 408 3619 animale,
432 3547 566 3612 secundo
588 3554 688 3611 autem
711 3546 742 3608 iu
764 3545 897 3626 potentia
918 3554 949 3609 et
969 3555 1074 3608 natura
1096 3547 1242 3627 Spiritus,
1266 3546 1313 3608 id·

31 3721 32 3726 *
96 3645 170 3708 circo
193 3645 353 3726 spirituale.
398 3648 529 3727 Spiritus
559 3647 639 3708 enim
662 3657 709 3710 est
730 3647 811 3709 Deus
834 3648 973 3710 Verbum.
1017 3648 1060 3710 lta
1081 3649 1160 3710 enim
1183 3658 1213 3708 et
1234 3647 1313 3726 quod

97 3745 235 3808 danobis
256 3747 364 3810 dicitur
385 3747 607 3826 intelligendum
631 3757 689 3822 est,
712 3767 779 3810 cum
801 3749 842 3810 ait
862 3748 1033 3829 Scriptura:
1062 3748 1241 3830 Spin'tuclis
1264 3752 1314 3810 iu-

101 3847 175 3910 dieot
202 3851 314 3921 σηπίη
343 3847 484 3910 ocimolis
519 3859 619 3912 cutem
646 3868 710 3913 corr
735 3853 866 3931 percipit
895 3867 945 3922 eo,
975 3867 1050 3929 quoa
1073 3859 1145 3911 suut
1166 3849 1312 3930 Spiritus.
1401 3913 1407 3922 ,

106 4031 214 4081 nuncil.
235 4031 349 4094 deestque
373 4031 396 4082 iu
422 4032 476 4082 altis
501 4041 525 4082 et
551 4034 672 4086 ineditis.
725 4038 748 4086 in
767 4037 867 4098 Seguer.
888 4033 1185 4094 atTertnGrsoeodcest
1203 4025 1218 4082 ὅ
1236 4029 1309 4092 dsc'r.

107 4097 269 4160 lnlraSeguer.
287 4090 316 4145 ἔκ
333 4111 362 4147 τε
380 4091 480 4166 τάφου.
725 4112 749 4152 et
766 4105 801 4152 ric
820 4104 877 4164 legit
894 4102 1009 4151 Nunnius.
1103 4127 1106 4138 ·

138 4167 158 4216 d.
175 4167 261 4227 Seguer.
280 4167 378 4217 Gobler.
397 4169 500 4218 Felclm.
515 4167 672 4231 Lattnglic.
758 4172 775 4219 l.
800 4171 826 4220 lu
846 4170 916 4220 editis
934 4170 1003 4218 deest
1019 4163 1114 4234 λόγος,
1140 4168 1183 4218 sed
1209 4168 1311 4223 liabetur

109 4225 147 4280 int
162 4225 305 4298 ἀφθαρσίᾳ.
339 4234 400 4284 Editi
424 4250 479 4286 vero
497 4227 541 4284 tut
558 4225 672 4302 ἆφθαρ-
724 4240 748 4288 in
766 4237 865 4299 Soguer.
885 4237 983 4287 Gobler.
1002 4245 1025 4286 et
1042 4238 1148 4288 Felclm.
1162 4237 1184 4287 l.

36 4315 38 4322 '
110 4295 171 4352 olor.
200 4302 359 4363 ibidtoglic.
379 4303 477 4354 Gobler.
495 4304 670 4354 asteterunt.
757 4319 779 4366 g.
798 4305 824 4355 ln
844 4304 947 4354 ielelm.
969 4303 989 4352 l.
1009 4304 1107 4356 Gobler.
1126 4306 1264 4370 etSeguer.
1283 4297 1314 4354 la

110 4363 150 4416 aui
164 4361 241 4430 εἰκόνι,
260 4371 331 4419 male.
723 4373 800 4431 daret,
819 4373 861 4422 sed
881 4371 952 4430 mole,
971 4372 1086 4422 uiridem
1104 4381 1141 4422 est
1155 4373 1308 4439 insequenti.

35 4444 37 4455 ·
141 4453 158 4485 r.
174 4439 206 4487 Sic
220 4438 356 4498 Seguerion.
375 4438 472 4488 Gobler.
491 4444 514 4487 et
531 4437 628 4488 l'elolm
650 4438 670 4488 l.
725 4441 780 4490 ‘lr.
800 4441 826 4490 ln
845 4441 946 4500 Seguer.
965 4437 1033 4490 deest
1052 4435 1094 4491 τά.
1130 4441 1312 4504 Moxedturpv·

113 4503 165 4553 tutu
185 4519 231 4556 raro
252 4499 360 4568 γένεσιν
382 4506 473 4554 omisso
492 4506 559 4582 rpite.
596 4506 670 4556 Paulo
717 4501 797 4572 χικός
815 4501 845 4556 δὲ
863 4499 1026 4571 ἄνθρωπος,
1052 4509 1096 4558 sed
1120 4497 1270 4574 ἄνθρωπος
1287 4507 1310 4556 ic

115 4573 270 4632 pertinatius
289 4563 364 4637 αὐτῷ
382 4563 396 4618 ὃ
415 4565 479 4625 θεὸς
496 4585 594 4638 ονομα.
621 4573 670 4626 Sed
722 4577 821 4637 Segoer.
841 4577 939 4626 Gobler.
953 4580 976 4624 et
990 4575 1095 4627 l'elelrn.
1107 4576 1129 4626 l.
1148 4590 1197 4626 non
1216 4576 1309 4636 legitur.
