3226 5280
256 377 296 438 74
653 389 679 432 ε.
695 389 848 434 ιτσαιιειι
862 389 1086 435 Ααουιενιεοουι

168 537 425 613 υεοιδόνανται,
449 527 749 619 ἀποκρινέσθωσαν
771 537 846 613 πῶς
868 524 961 621 εόρον
982 533 1041 622 τήν
1064 533 1214 622 ἀγραφον
1236 537 1357 624 ταύτην
1379 537 1478 620 λέξιν,

253 633 276 703 δ
296 643 380 723 ποίη
402 636 534 722 διανοίᾳ
555 633 717 730 τὸνθεόν
739 631 894 723 ἀγένητον
916 637 1057 722 λέγουσι.
1089 637 1271 726 διαφόρους
1292 637 1353 724 γὰρ
1371 661 1479 724 σημα-

254 745 330 817 σίας
361 737 445 821 ἐχειν
472 735 511 802 τὸ
540 733 645 819 όνομα
674 730 804 823 ἀκήκοα.
850 738 1010 822 λέγεσθαι
1030 736 1092 824 γάρ
1114 753 1238 828 Ιφασιν
1260 734 1414 824 ἀγένητον
1436 739 1477 806 τὸ

231 836 234 844 ’
252 839 354 927 μήπω
374 840 435 923 μέν
457 835 644 923 γενόμενον,
669 836 847 920 δυνάμενον
870 838 907 904 δὲ
929 843 1104 923 γενέσθαι,
1133 842 1187 906 καλ
1210 839 1313 908 πάλιν
1334 840 1373 907 τὸ
1394 840 1479 929 μήτε

252 938 400 1026 ῦπάρχον
428 937 510 1026 μήτε
538 937 717 1021 δυνάμενον
745 938 792 1016 εἰς
813 937 852 1004 τὸ
875 934 961 1008 εἶναι
980 946 1154 1026 γενέσθαι,
1178 943 1232 1008 καλ
1253 949 1365 1029 τρίτον
1387 941 1478 1009 ἐστὶν

253 1037 354 1110 αῦτοῦ
377 1038 617 1128 σημαινόμενον
638 1041 677 1104 τὸ
699 1034 847 1126 ὑπάρχον
867 1045 936 1123 μέν,
959 1040 1041 1128 μήτε
1063 1043 1099 1108 δέ
1119 1041 1252 1129 γενητόν
1273 1043 1356 1131 μήτε
1378 1040 1479 1132 ἀρχὴν

254 1143 387 1232 ἐσχηκός
415 1141 463 1220 είς
491 1140 529 1208 τὸ
552 1135 652 1220 εἶναι,
684 1133 752 1206 ἀλλ’
777 1136 886 1208 ἀΐδιον
910 1135 946 1208 όν
967 1145 1022 1209 καὶ
1045 1137 1268 1231 ἀδιάφθορον.
1313 1145 1396 1224 ἴσως
1416 1147 1478 1230 μέν

253 1236 312 1314 οῦν
333 1244 393 1324 τάς
414 1241 550 1328 πρώτας
572 1241 630 1308 δύο
653 1241 803 1320 διανοίας
818 1244 1003 1328 παρελθεῖν
1018 1243 1217 1332 ἐθελήσουσι
1238 1243 1316 1313 Βδιδι
1339 1245 1378 1312 τὸ
1394 1245 1478 1314 ἐκεῖ·

254 1351 317 1414 θεν
339 1344 484 1413 άτοπον·
506 1341 590 1411 κατὰ
610 1341 671 1429 γὰρ
693 1341 751 1430 τήν
773 1343 907 1430 πρῶτην
931 1344 1025 1411 ἐσται
1045 1345 1087 1413 τά
1108 1371 1145 1414 τε
1165 1343 1227 1434 ἤδη
1249 1346 1407 1433 γενόμενα
1420 1349 1476 1415 καί

253 1447 296 1514 τὰ
323 1444 578 1532 προςδοκῶμενα
606 1448 765 1529 γενέσθαι
786 1437 925 1532 ἀγένητα
933 1466 948 1518 ·,
968 1446 1008 1512 τὸ
1029 1446 1089 1533 γάρ
1114 1447 1264 1533 δεύτερον
1286 1449 1388 1515 πλέον
1411 1448 1479 1531 ἔχει

252 1547 371 1616 τοάιοο
392 1547 430 1614 τὸ
453 1543 589 1614 ἀτοπον.
635 1543 693 1612 ἐπὶ
715 1545 751 1610 δέ
773 1545 831 1632 τήν
852 1543 964 1632 τρίτην
986 1546 1108 1614 λοιπὸν
1122 1549 1316 1633 βαδιοῦνται
1331 1545 1398 1616 κατ’
1417 1543 1477 1616 αῦ·

253 1648 312 1738 τήν
344 1645 558 1733 ὀνομάζοντες
589 1643 629 1710 τὸ
665 1640 828 1733 ἀγένητον.
875 1641 959 1715 ἀλλά
986 1651 1040 1714 καλ
1068 1653 1166 1716 τοῦτο
1199 1651 1348 1736 λέγοντες
1380 1645 1476 1718 οῦδὲν

253 1741 351 1837 ήττόν
373 1750 457 1818 εἰσιν
480 1742 618 1832 ἀσεβεῖς.
665 1745 694 1812 εί
715 1744 776 1834 γάρ
800 1747 839 1812 τὸ
861 1747 905 1834 μὴ
929 1749 1002 1832 ἕχον
1024 1745 1123 1837 ἀρχήν
1146 1751 1193 1830 εἷς
1213 1750 1252 1818 τὸ
1275 1747 1369 1832 εἶναι,
1391 1751 1477 1839 μηδὲ

252 1851 386 1940 γενητὸν
407 1844 429 1939 ἢ
449 1846 590 1926 κτιστύν,
614 1841 683 1912 ἀλλ’
709 1842 818 1916 ἀΐδιον
843 1846 888 1929 όν,
912 1854 1011 1917 τοῦτο
1034 1853 1183 1937 λέγουσιν
1206 1847 1361 1939 ἀγένητον
1368 1903 1376 1932 ,
1399 1875 1477 1918 του-

254 1958 384 2022 ναντίον
407 1951 443 2016 δὲ
465 1951 599 2015 “τοῦτον
622 1942 706 2014 εἶναι
727 1948 785 2015 τόν
806 1955 891 2018 θεοῦ
914 1950 1021 2038 λόγον,
1044 1958 1096 2030 τίς
1118 1947 1157 2018 οῦ
1179 1955 1302 2040 συνορᾷ
1316 1951 1375 2040 τήν
1390 1977 1477 2020 παν-

253 2058 386 2138 ουργίαν
409 2053 475 2116 τῶν
497 2047 691 2133 θεομάχωνς
724 2056 775 2128 τίς
797 2045 854 2117 οῦκ
876 2046 917 2118 ἀν
940 2047 1059 2132 αῦτοὺς
1081 2050 1169 2122 οὕτω
1184 2059 1405 2138 μαινομένους
1418 2079 1478 2120 κα-

253 2150 491 2233 ταλιθῶσειεν,·
523 2149 638 2237 ἐπειδή
666 2149 727 2237 γὰρ
758 2151 968 2234 αἰσχύνονται
994 2160 1176 2241 προφέρειν
1211 2154 1260 2222 ἔτι
1288 2152 1331 2220 τά
1358 2157 1477 2240 πρῶτα

252 2257 319 2322 τῶν
340 2253 460 2338 μόθων
482 2252 607 2319 ἑαυτῶν
629 2253 775 2338 λογάρια,
800 2248 850 2341 ἐφ’
869 2247 920 2332 οἷς
940 2252 1227 2342 κατεγνῶσθησαν,
1251 2253 1360 2333 άλλως
1375 2253 1477 2322 πάλιν

169 2350 339 2424 modu}
371 2359 541 2442 σημαίνειν
564 2352 746 2440 ἐπενόησαν
769 2355 802 2420 οἱ
831 2355 972 2422 δείλαιοι
1000 2353 1057 2421 διὰ
1082 2358 1141 2422 τοῦ
1165 2350 1327 2440 όνόματος
1348 2359 1407 2421 τοῦ
1430 2351 1475 2433 ῶς

254 2453 349 2523 αῦτοί
371 2457 521 2540 λέγουσιν
542 2449 707 2542 ἀγενήτου.
753 2455 782 2522 εί
803 2455 864 2542 γάρ
888 2452 905 2522 δ
928 2455 999 2535 υίὸς
1020 2459 1086 2525 τῶν
1107 2460 1249 2544 γενητῶν
1272 2456 1352 2536 ἐστι,
1378 2457 1476 2542 δηλο-

254 2557 326 2626 νότι
348 2556 383 2636 ἐξ
404 2550 462 2623 οῦκ
485 2550 588 2622 όντων
609 2553 666 2620 καὶ
687 2549 786 2635 αὐτὸς
806 2561 931 2642 γέγονε,
963 2556 1019 2624 καὶ
1040 2557 1069 2624 εἰ
1092 2551 1190 2646 ἀρχήν
1213 2557 1357 2640 ἔχειτοῦ
1380 2551 1474 2637 εἶναι,

255 2653 312 2782 σήν
339 2647 379 2781 ήν
406 2653 471 2742 ἀρα
499 2657 579 2741 πρὶν
607 2660 765 2744 γεννηθῇ,
794 2661 847 2724 καί
871 2658 901 2726 εί
920 2657 965 2744 μή
989 2658 1078 2727 ἐστιν
1100 2653 1225 2739 ἀΐδιος,
1254 2649 1293 2746 ήν
1315 2681 1400 2726 ποτε
1422 2653 1478 2725 ότι

254 2785 312 2828 ουκ
333 2786 381 2846 ην.

338 3067 389 3129 29.
428 3055 515 3128 Ἔδει
538 3049 595 3127 οῦν
616 3061 720 3125 ταῦτα
741 3057 844 3126 πάλιν
867 3053 987 3138 αῦτοῦς
1008 3064 1213 3148 φρονοῦντας
1228 3060 1262 3156 ἐν
1277 3055 1391 3139 αὐτοῖς
1405 3069 1476 3140 τοῖς

254 3164 354 3240 ἐδίοις
380 3158 509 3228 11αὐτῶν
538 3161 662 3249 ῥήμασι
684 3166 854 3248 σημαίνειν
877 3160 1002 3228 ἑαυτῶν
1022 3160 1082 3250 τήν
1104 3163 1325 3248 ἑτεροδοξίαν,
1355 3163 1408 3228 καί
1430 3157 1471 3244 μῦ

253 3265 292 3348 τῇ
316 3263 401 3340 λέξει
422 3263 525 3345 δῆθεν
546 3264 605 3328 τοῦ
627 3255 783 3348 ἀγενήτου
805 3267 938 3331 σκέπειν
960 3261 1085 3328 ἑαυτῶν
1105 3261 1164 3348 τήν
1185 3260 1368 3328 κακόνοιαν.
1403 3254 1472 3327 ἀλλ’

254 3355 293 3428 οῦ
321 3362 460 3427 ποιοῦσι
479 3363 578 3427 τοῦτο
600 3362 633 3428 οἱ
654 3362 845 3451 κακοήθεις,
875 3361 986 3428 πάντα
1008 3363 1045 3429 δέ
1064 3361 1149 3429 κατά
1168 3361 1227 3428 τὸν
1248 3367 1377 3446 πατέρα
1399 3359 1475 3427 ἐαυ·

254 3465 320 3528 τῶν
348 3459 405 3526 τὸν
435 3459 593 3546 διάβολον
613 3461 698 3547 μετὰ
718 3469 922 3549 πανουργίας
943 3461 1156 3549 πράττουσιν.
1202 3457 1247 3541 ῶς
1267 3460 1329 3548 γάρ
1352 3461 1475 3542 ἐκεῖνος

252 3561 337 3647 μετὰ
358 3556 540 3646 ἀλλοτρίων
554 3559 749 3646 ’ἐνδυμάτων
771 3558 904 3631 ἀπατᾶν
927 3563 1096 3648 ἐπιχειρεῖ,
1120 3559 1224 3641 οὕτως
1239 3551 1332 3629 οῦτοι
1346 3561 1385 3628 τὸ
1401 3556 1475 3648 ἀγέ-

254 3685 350 3750 νητον
373 3655 545 3746 ὀνομάζειν
567 3661 765 3750 ἐπενόησαν,
795 3665 851 3731 ἵνα
877 3663 1162 3752 προςποιοῦμενοι
1188 3661 1351 3730 τὸνθεόν
1374 3657 1475 3750 εὐφη-

251 3773 327 3849 μεῖν
358 3767 575 3850 κεκρυμμένην
608 3763 707 3846 ἔχωσι
740 3765 798 3854 τήν
825 3763 909 3832 κατά
933 3767 993 3830 τοῦ
1021 3769 1133 3850 κυρίου
1161 3765 1387 3852 βλαςφημίαν,
1419 3759 1475 3828 καὶ

252 3861 336 3949 μετὰ
357 3862 566 3949 καλήμματος
588 3858 688 3951 αὐτήν
712 3863 825 3946 ἀλλοις
847 3871 1060 3952 σημαίνωσιν.
1099 3857 1184 3932 ἀλλὰ
1205 3863 1261 3932 καὶ
1282 3863 1400 3930 τούτου
1414 3863 1473 3928 τοῦ

253 3971 461 4052 σοφίσματος
482 3959 608 4031 ἀῦτῶν
629 3971 846 4051 γνωσθέντος,
870 3973 904 4033 τί
926 3963 1109 4053 ἀραπάλιν
1124 3961 1239 4045 αῦτοῖς
1254 3967 1364 4051 ἕτερον
1379 3985 1475 4050 περι-

252 4066 419 4146 λείπεται,
448 4065 639 4148 λεγέτωσαν.
684 4061 835 4152 εῦρομεν,
859 4067 963 4155 φασίν
986 4067 1018 4134 ολ
1039 4071 1229 4154 κακοῦργοι,
1257 4070 1312 4132 καλ
1339 4087 1476 4152 προςτι-

251 4171 369 4244 θέντες
388 4175 461 4242 τοῖς
481 4170 659 4250 προτέροις
679 4166 829 4250 λέγουσιν
847 4161 1002 4255 ἀγένητον
1025 4163 1110 4235 ελναι
1131 4170 1245 4243 τοῦτο,
1274 4163 1313 4232 τὸ
1334 4162 1380 4253 μή
1403 4165 1474 4247 ἔχον

251 4268 310 4333 τοῦ
333 4259 418 4332 ελναι
438 4261 497 4332 τόν
518 4264 641 4346 αἴτιον,
666 4259 825 4334 ἀλλὰκαὶ
846 4276 920 4345 τοῖς
940 4275 1089 4352 γενητοῖς
1110 4259 1210 4331 αὐτὸν
1232 4263 1341 4331 αἴτιον
1364 4263 1411 4342 είς
1432 4261 1470 4330 τδ

251 4371 412 4452 γενέσθαι
431 4364 637 4451 τυγχάνοντα.
683 4360 856 4454 ἀχάριστοι
876 4365 993 4450 καὶτῷ
1010 4360 1082 4430 όντι
1096 4366 1162 4429 τῶν
1176 4365 1313 4448 γραφῶν
1328 4357 1471 4446 ἀνήκοοι,
1508 4439 1519 4460 Ο
1590 4397 1600 4436 4

286 4536 307 4572 ι.
325 4521 366 4572 Sic
382 4521 479 4584 nectus.
514 4521 577 4574 Εδὶιί
594 4536 651 4574 τινα
669 4514 764 4590 φησίν.
918 4517 943 4567 b.
963 4515 1178 4580 Ιιιίλες.ιιΒιιίΙ.
1213 4515 1292 4566 Editio
1310 4521 1389 4565 ταιεω
1401 4509 1474 4566 Co'm·

886 4584 943 4634 ιοεΙ.
962 4579 1010 4633 διό
1027 4595 1057 4633 τε
1074 4575 1186 4634 ἐκεῖθεν.
