3176 5304
671 401 842 444 rntertrro.
1321 384 1360 448 39

71 547 189 610 attulit
220 549 474 630 disputationis
498 549 551 611 bac
572 553 684 613 ratione
706 552 941 632 amplificandae,
964 569 1065 614 rerum
1088 553 1174 614 etiarn
1198 552 1361 613 necessita-

73 659 139 711 tem
170 650 380 730 imposuit.
426 651 548 712 Constat
571 653 647 714 enim
670 653 834 716 haereticos
850 653 928 724 illos,
951 651 1076 712 maxime
1091 654 1225 726 Arianos,
1242 663 1360 733 praeter

74 773 227 816 errores
269 753 470 833 primarios,
499 752 662 833 dequibus
685 755 1012 816 controversiaexorta
1036 763 1131 826 esset,
1161 755 1229 814 alias
1252 765 1357 834 protn-

74 855 162 916 lisse
193 855 262 915 rel
296 863 387 916 certe
410 855 518 916 lorisse
539 855 695 936 opiniones
718 855 902 935 laisas,quae
926 853 969 916 rel
993 854 1163 934 genuissent
1185 855 1250 915 illos
1272 875 1357 916 erro·

77 979 136 1020 res
181 957 247 1020 rel
297 976 340 1019 ex
370 955 476 1017 iisdem
504 965 588 1018 natae
616 965 731 1018 essent:
768 958 796 1019 id
824 958 903 1038 qnod
927 956 1032 1017 mirum
1055 955 1147 1016 rideri
1169 975 1227 1015 non
1251 965 1360 1034 potest,

79 1079 195 1142 quum
218 1051 402 1138 ‘dogmata
429 1059 483 1119 alia
512 1079 548 1122 ex
575 1057 640 1119 aliis
663 1067 729 1138 apta
753 1069 781 1120 et
803 1077 875 1120 nexa
898 1058 958 1120 sint
980 1067 1009 1117 et
1031 1057 1075 1118 sic
1096 1057 1174 1117 inter
1196 1076 1230 1116 se
1252 1057 1359 1118 cubae·

81 1163 203 1224 rentia
243 1179 360 1222 unum
389 1160 476 1222 veluti
496 1177 605 1239 corpus
628 1159 769 1234 efficiant,
798 1160 899 1239 utqui
922 1160 960 1220 de
984 1177 1042 1219 uno
1064 1156 1161 1236 aliquo
1184 1157 1358 1236 praesertim

83 1263 299 1346 principali
315 1253 383 1323 ,non
405 1273 484 1323 recte
507 1262 624 1334 sentiat,
648 1262 674 1322 is
691 1260 858 1322 necessario
870 1260 1004 1340 pluribus
1020 1258 1185 1338 implicetur
1197 1259 1360 1320 erroribus.

84 1367 257 1428 Arianos
292 1383 363 1424 vero
386 1381 446 1424 non
468 1351 580 1424 tantum
603 1363 639 1424 de
661 1363 785 1442 singulis
807 1361 979 1440 qrribusdam
1002 1361 1185 1440 dogmatibus
1201 1381 1217 1422 a
1233 1361 1359 1422 catholi-

87 1471 140 1530 cis
172 1468 403 1538 dissensisse,
426 1463 585 1525 sedaliam
608 1483 732 1544 prorsus
756 1464 910 1542 religionis
924 1463 1099 1524 christianae
1114 1461 1241 1542 speeiem
1258 1473 1357 1524 mente

89 1571 331 1630 informatam
353 1567 503 1638 habuisse,
525 1574 608 1626 acute
630 1573 660 1626 et
682 1563 830 1626 subtiliter
851 1564 1083 1626 demonstratum
1107 1575 1152 1626 est
1173 1565 1356 1626 alloehlero

93 1674 119 1734 l.
139 1672 166 1733 l.
197 1669 288 1730 Vol.
303 1669 325 1730 Ι.
349 1687 377 1747 p.
396 1669 455 1732 195
472 1687 515 1746 sq.
539 1677 569 1729 et
589 1685 605 1728 a
628 1666 734 1728 llanrio
756 1667 786 1728 in
802 1665 930 1728 Historia
953 1667 1097 1744 dogmatis
1118 1666 1154 1728 de
1176 1666 1305 1726 trinitate
1329 1675 1358 1726 et

97 1771 345 1834 incarnatione
374 1768 421 1828 dei
455 1769 522 1842 (Die
558 1767 731 1832 christliche
758 1769 853 1832 lehre
881 1787 940 1830 oon
967 1769 1022 1831 der
1049 1767 1261 1846 Dreiet'niglrer‘t
1294 1769 1357 1830 und

103 1873 411 1950 diertschrnerdung
434 1870 535 1932 Gottes
565 1874 598 1930 iri
619 1870 706 1932 ihrer
726 1869 969 1950 gescbr'clitliclten
991 1867 1228 1946 Entwiclrelung)
1250 1867 1312 1928 vot.
1334 1868 1358 1928 l.

109 1996 151 2056 p.
168 1978 249 2040 343
267 1993 312 2054 sq.
357 1972 488 2050 Denique
510 1969 683 2031 Athanasius
705 1971 793 2032 etiam
814 1972 877 2032 aliis
900 1972 930 2031 in
953 1969 1071 2048 scriptis
1086 1967 1242 2048 exegeticis
1259 1979 1289 2030 et
1302 1988 1357 2049 pa-

112 2075 301 2158 raeneticis
329 2073 441 2154 passim
464 2072 610 2134 derebus
638 2071 673 2133 ad
696 2072 783 2133 tidem
806 2069 1021 2151 pertinentibus
1043 2070 1197 2142 disseruit,
1227 2071 1357 2132 velutin

108 2175 385 2258 Expositionibns
408 2175 438 2240 in
459 2175 597 2236 Psalmos'
619 2173 698 2236 etin
720 2172 863 2253 Epistolis
888 2172 1050 2245 teretibus,
1073 2191 1145 2252 quas
1168 2172 1243 2234 Guil.
1261 2173 1354 2234 Cure·

110 2291 183 2342 ton
219 2299 253 2340 ex
276 2277 390 2358 Syriaca
420 2279 555 2340 versione
577 2277 704 2339 Londini
726 2295 752 2338 a.
773 2278 862 2340 1848.
891 2275 1018 2356 primum
1046 2274 1137 2335 edidit
1159 2283 1187 2334 et
1209 2293 1301 2354 nuper
1322 2273 1354 2335 Ρ.

112 2381 302 2442 Larsovius
334 2379 363 2441 in
392 2379 593 2442 Germanicam
623 2378 750 2458 hagnam
774 2379 928 2440 translatas
956 2375 1038 2456 lips.
1062 2395 1087 2438 a.
1108 2377 1197 2441 1852.
1222 2377 1353 2454 vulgarit.

114 2483 199 2544 His
227 2482 314 2561 igitur
336 2483 366 2542 in
388 2482 503 2562 scriptis
524 2481 675 2542 Athanasii
699 2479 835 2559 genuinis
858 2479 1041 2552 universam,
1070 2497 1155 2558 quam
1179 2478 1354 2558 cogitatione

118 2583 316 2660 complexus
340 2590 417 2654 erat,
441 2583 590 2644 doctrinae
613 2581 787 2642 christianae
809 2583 932 2642 turmam
955 2590 984 2640 et
1006 2579 1148 2641 rationem
1171 2579 1210 2641 ita
1233 2580 1353 2658 esposi-

123 2692 208 2741 tam
229 2681 381 2752 habemns,
403 2689 434 2742 ut
454 2683 490 2743 de
512 2681 634 2742 scientia
656 2681 816 2761 theologica
838 2691 867 2744 et
887 2681 994 2744 studiis
1017 2681 1206 2761 dogmaticis,
1229 2700 1263 2741 ex
1286 2681 1355 2758 qui-

136 2778 208 2837 bus
228 2789 346 2857 putrem
361 2779 518 2841 hodiernae
533 2779 695 2859 theologiae
714 2781 742 2842 h.
760 2800 786 2841 e.
807 2792 958 2861 parentem
980 2777 1014 2846 ac
1034 2793 1175 2844 statorem
1190 2781 1356 2858 theologiae

140 2877 365 2940 ecclesiastieae
386 2880 503 2958 agnosci
527 2879 671 2949 volumus,
692 2881 842 2959 explorate
863 2882 983 2945 iudicari
1005 2885 1111 2964 possit,
1134 2883 1191 2944 etsi
1206 2881 1281 2941 liber
1296 2899 1357 2940 non

138 2989 244 3042 exstat
271 2979 445 3058 singularis,
472 2999 530 3060 quo
559 2995 673 3038 summa
700 2979 848 3042 doctrinae
875 2981 1050 3046 christianae
1078 3004 1113 3047 ex
1135 2983 1209 3044 artis
1231 2981 1295 3060 lege
1317 2981 1353 3044 ab

137 3080 211 3160 ipso
240 3081 379 3162 explicata
409 3082 456 3144 sit
501 3082 562 3144 larn
591 3080 909 3156 commisceamus,
938 3084 1044 3144 studiis
1065 3081 1237 3162 dogmaticis
1260 3081 1355 3161 magni

137 3183 194 3245 riri
223 3183 410 3245 fundamenta
438 3183 511 3246 iacta
542 3183 715 3262 firmataque
745 3200 828 3257 esse,
854 3181 964 3265 quibus
993 3183 1138 3264 theologia
1161 3183 1353 3246 ecclesiastica

138 3286 259 3360 nititur,
286 3283 423 3365 illumque
452 3283 575 3346 omnino
597 3285 628 3344 in
650 3283 835 3364 dogmatibus
857 3285 1022 3348 enodandis
1045 3295 1073 3347 et
1094 3285 1265 3348 definiendis
1287 3306 1351 3349 earn

137 3407 254 3451 summa
277 3387 446 3449 auctoritate
468 3385 628 3467 praeivisse
650 3385 735 3460 riam,
759 3405 814 3467 qna
835 3395 939 3468 postea
961 3387 1097 3450 doctores
1119 3387 1258 3450 ecclesiae
1276 3407 1349 3468 pro-

137 3509 262 3572 gressos
284 3507 350 3550 esse
371 3499 495 3562 constan,
519 3506 578 3550 non
602 3507 677 3568 opus
699 3489 747 3550 bic
770 3489 1050 3552 estAtbanasianam
1072 3491 1221 3553 doctrinae
1236 3493 1349 3552 lormu-

137 3595 207 3664 lam,
229 3610 315 3672 quam
337 3590 503 3652 hloehlerus
524 3589 719 3670 particulatim
743 3591 828 3654 variis
851 3590 949 3672 operis
971 3591 1016 3654 sui
1038 3593 1110 3655 locis
1126 3592 1350 3670 diligentissime

139 3693 299 3765 enarravit,
331 3701 470 3772 perpetua
499 3693 633 3754 oratione
661 3691 800 3773 persequi
828 3703 914 3774 atque
942 3713 1008 3756 curn
1038 3695 1172 3756 formulis
1195 3694 1348 3755 doctorum

138 3794 279 3858 ecclesiae
302 3794 432 3874 priorum
455 3803 548 3856 aetate
569 3803 600 3854 et
622 3794 821 3873 posteriorum
844 3797 995 3868 conterre,
1014 3797 1067 3857 sed
1091 3796 1219 3858 sufficiet
1233 3795 1349 3874 potiora

139 3896 216 3957 illins
244 3894 385 3956 termulae
407 3896 499 3974 capita
521 3894 593 3956 satis
617 3895 759 3958 celebrata
782 3897 913 3976 attigisse
936 3906 966 3958 et
988 3896 1177 3958 Athanasium
1200 3915 1265 3957 cnm
1289 3915 1348 3957 uno

140 3998 269 4076 Origene
292 3995 518 4075 comparavisse,
542 3996 626 4056 cuius
647 4014 663 4055 a
686 3997 784 4057 schola
808 3997 855 4058 illc
875 3999 1026 4076 proiectus
1049 4006 1103 4069 est,
1127 3998 1179 4059 sed
1195 4016 1211 4058 a
1227 4007 1349 4059 senten·

139 4100 175 4160 tia
205 4097 340 4159 discessit
370 4097 426 4167 ita,
460 4105 492 4156 nt
518 4095 547 4155 in
577 4094 722 4174 theologia
746 4097 924 4176 dogmatica,
957 4119 1031 4179 quae
1052 4099 1288 4179 philosophando
1312 4099 1348 4162 ab

137 4201 265 4277 Origene
286 4200 391 4278 partim
414 4198 574 4259 deformata
597 4197 687 4270 esset,
710 4197 745 4257 ad
769 4217 898 4260 normam
923 4201 1052 4262 veritatis
1068 4203 1210 4262 revelatae
1227 4203 1346 4262 contor-

135 4301 244 4364 manda
277 4319 395 4381 operam
430 4309 459 4361 et
489 4300 617 4362 studium
652 4299 814 4362 collocaret.
858 4302 972 4363 Etenim
1002 4303 1126 4366 dubitari
1156 4323 1215 4364 non
1237 4313 1346 4384 potest,

135 4404 207 4483 quin
230 4401 420 4472 Athanasius,
449 4403 497 4482 qni
520 4402 710 4464 Alexandriae
739 4422 753 4462 a
784 4404 892 4464 teneris
917 4405 1025 4466 vixerat
1048 4417 1077 4467 et
1099 4400 1251 4468 institutus
1274 4416 1345 4479 erat,

133 4504 242 4566 litteris
272 4503 443 4584 theologicis
473 4505 629 4584 praecipue
659 4503 694 4565 ad
724 4504 905 4585 disciplinam
929 4507 1065 4585 Origenis
1095 4508 1225 4569 eruditos
1253 4508 1347 4570 sitae

131 4605 328 4686 scriptorius
351 4606 483 4668 studiose
505 4606 718 4686 diligenterque
740 4607 851 4686 legerit,
876 4626 950 4686 quae
973 4608 1009 4668 ab
1033 4609 1244 4672 eruditioribus
1267 4608 1345 4670 illins
