3162 5308
174 399 176 406 ¹
247 373 309 436 672
439 373 445 384 '
642 385 667 427 s.
683 383 836 428 Ατιιειωεσ
850 369 1072 428 ικεσιενιεεοει

161 539 386 624 κεκαφημίαν,
416 529 624 618 φρονούντων
652 530 688 598 δὲ
709 530 793 597 κατὰ
812 533 872 597 τοῦ
896 526 990 617 άγίοο
1013 528 1200 614 πνεύματος
1220 526 1276 596 καὶ
1298 527 1475 616 λεγόντων
1558 543 1559 546 ’

245 629 325 702 αῦτό
345 632 390 719 μὴ
411 631 513 717 μόνον
534 639 669 717 κτίσμα,
699 629 782 699 ἀλλὰ
802 634 855 699 καλ
878 634 944 699 τῶν
965 633 1211 718 Ιλειτουργικῶν
1234 630 1434 714 πνευμάτων
1445 635 1473 711 ¹)

245 739 279 803 ἓν
311 730 391 802 αῦτὸ
422 729 523 814 εἶναι,
556 735 612 800 καὶ
638 737 761 820 βαθμῷ
787 733 888 817 μόνον
918 728 997 799 αὐτὸ
1027 735 1195 820 διαφέρειν
1216 735 1282 798 τῶν
1305 728 1470 818 ἀγγέλων.

243 839 341 904 τοῦτο
365 837 400 902 δέ
424 835 494 901 ἐστι
515 833 601 920 πρὸς
621 837 681 918 μὲν
702 833 779 912 τοὺς
796 828 986 921 Ἀρειανοῦς
1007 833 1233 922 προςποιητὸς
1253 832 1354 920 μάχη,
1378 827 1475 921 άλη-

243 937 310 1026 θὴς
333 939 368 1004 δὲ
391 931 559 1023 ἀντιλογία
580 933 665 1022 πρὸς
686 935 743 1022 τὴν
766 931 881 1022 εὐσεβῆ
903 943 1027 1003 πίστιν.
1058 932 1165 1022 ῶςπερ
1188 935 1249 1022 γὰρ
1264 933 1382 1003 ἐκεῖνοι
1397 929 1470 1022 ἆρ-

244 1038 397 1124 νοόμενοι
422 1036 479 1104 τὸν
507 1037 579 1104 υἱὸν
608 1032 782 1123 ἀρνοῦνται
802 1037 878 1104 Ικαὶ
904 1037 961 1106 τὸν
989 1043 1131 1124 πατέρα,
1166 1033 1270 1116 οὕτως
1290 1036 1345 1102 καὶ
1366 1025 1472 1104 οὗτοι

246 1141 487 1228 όυςφημοῦντες
508 1139 554 1218 εἰς
575 1139 614 1205 τὸ
635 1142 765 1224 πνεῦμα
786 1139 824 1205 τό
846 1136 939 1225 ἅγιον
954 1139 1159 1228 όυςφημοῦσι
1173 1140 1225 1205 καὶ
1244 1137 1290 1217 εἰς
1303 1136 1360 1204 τόν
1374 1137 1466 1218 υἱόν,

245 1246 300 1310 καλ
323 1237 493 1330 ἀμφότερα
513 1240 655 1328 τὰμέρη
678 1243 839 1308 διείλοντο
860 1240 917 1327 τὴν
939 1239 1024 1328 πρὸς
1044 1240 1102 1326 τὴν
1124 1235 1283 1327 ἀλήθειαν
1306 1235 1470 1308 άντίστα-

247 1368 316 1423 σιν,
344 1339 384 1410 ἵν’
409 1343 442 1410 ολ
469 1343 528 1427 μὲν
550 1341 632 1408 κατὰ
653 1344 711 1411 τοῦ
732 1341 839 1430 λόγου,
863 1343 895 1408 ολ
916 1343 953 1409 δὲ
973 1339 1056 1410 κατὰ
1082 1345 1141 1410 τοῦ
1169 1341 1354 1428 πνεύματος
1376 1367 1469 1430 φρυ-

246 1449 377 1524 νοῦντες
396 1444 454 1532 τὴν
477 1438 580 1532 αὐτὴνΙ
599 1443 713 1527 ἔχωσιν
736 1444 783 1523 είς
801 1443 858 1530 τὴν
874 1439 968 1530 όγίαν
982 1443 1101 1530 τριάδα
1114 1445 1330 1532 βλαςφημίαν.
1367 1441 1464 1512 ταῦτ’

248 1536 305 1612 οῦν
328 1549 473 1631 συνορῶν
494 1546 550 1613 καὶ
571 1545 681 1612 πολλὰ
702 1545 908 1632 λογιζόμενος
923 1546 957 1613 ἐν
978 1542 1107 1634 ἀθυμίᾳ
1128 1550 1258 1632 γέγονα,
1283 1541 1336 1612 ὅτι
1356 1545 1467 1612 πάλιν

248 1635 320 1734 εὗρε
339 1646 469 1728 παίζειν
493 1643 510 1712 ὁ
533 1639 687 1733 διάβολος
709 1647 742 1714 ἐν
764 1657 835 1726 τοῖς
856 1644 1193 1735 ῦποκρινομὲνοιςτὴν
1206 1653 1326 1732 μανίαν
1341 1643 1466 1714 αὐτοῦ·

185 1779 188 1790 ·
246 1752 301 1815 καὶ
322 1749 432 1836 κρίνας
452 1751 511 1833 μὲν
533 1747 617 1837 ἤμην
639 1753 787 1816 οσιωπᾶν
810 1749 843 1816 ἓν
864 1749 1003 1836 τοιούτῳ
1024 1751 1136 1837 καιρῷ,
1161 1748 1217 1816 διὰ
1239 1750 1273 1815 δὲ
1295 1747 1353 1836 τὴν
1375 1773 1466 1836 προ-

246 1850 373 1944 τροπὴν
394 1853 452 1939 τῆς
473 1853 532 1936 σῆς
554 1845 738 1934 ὁσιότητος,
770 1845 861 1918 ἕνεκά
881 1877 917 1918 τε
943 1854 1001 1936 τῦς
1028 1849 1157 1918 ἐκείνων
1186 1845 1380 1930 ἆλλοδοξίας
1406 1855 1464 1918 καὶ

248 1955 422 2038 σατανικῆς
444 1958 645 2038 προπετείας
667 1949 707 2019 δι’
726 1949 842 2039 ὀλίγων
865 1952 993 2039 ἐ’γραψα
1014 1951 1071 2040 τὴν
1087 1951 1272 2037 ἐπιστολήν,
1294 1950 1392 2038 μόγις
1406 1951 1462 2020 καὶ

247 2057 351 2121 ταῦτα
379 2054 531 2140 δυνηθείς
537 2103 547 2134 ,
576 2053 631 2120 ἵνα
658 2051 758 2136 μόνον
785 2052 840 2120 καὶ
869 2045 908 2120 σῦ
937 2052 1109 2140 πρόφασιν
1137 2053 1171 2121 ἐκ
1197 2052 1322 2121 τούτων
1349 2052 1459 2139 λοβῶν

163 2177 238 2222 νοω.
247 2153 329 2222 κατὰ
350 2153 407 2239 τὴν
427 2153 614 2239 προςοῦσάν
637 2177 692 2220 σοι
713 2154 842 2222 σύνεσιν
863 2154 905 2221 τὰ
926 2157 1103 2222 11λείποντα
1123 2157 1284 2242 προςθῇς,
1307 2157 1360 2222 καί
1373 2155 1458 2241 πλη-

246 2281 305 2344 ρης
327 2251 344 2322 ὃ
365 2254 448 2322 κατὰ
468 2257 526 2343 τῆς
548 2256 721 2342 όυςσεβοῦς
742 2258 897 2342 αλρίσεως
919 2256 1045 2342 ’ἐλεγχος
1064 2262 1204 2344 γίνηται.

335 2362 364 2424 2.
411 2359 485 2423 Τῶν
506 2358 565 2441 μὲν
588 2347 644 2422 οῦν
663 2352 841 2445 Ἀρειανῶν
863 2352 921 2427 οῦκ
941 2353 1114 2444 ἀλλότριον
1135 2360 1190 2424 καὶ
1204 2360 1302 2424 τοῦτο
1314 2355 1443 2440 ἐνθύμη-

247 2484 309 2542 μα,
344 2455 437 2538 ἅπαξ
461 2458 521 2544 γὰρ
551 2454 744 2544 άρνοόμενοι
772 2458 830 2526 τὸν
858 2463 916 2526 τοῦ
938 2463 1020 2536 θεοῦ
1043 2458 1139 2547 λόγον
1161 2459 1293 2540 εἰκότως
1308 2456 1345 2524 τὰ
1364 2449 1445 2522 αὐτὰ

247 2559 406 2628 καὶκατὰ
426 2563 485 2626 τοῦ
507 2559 691 2645 πνεύματος
713 2555 812 2627 αὐτοῦ
836 2561 1056 2650 όοςφημοῦσι·
1080 2561 1132 2628 διὸ
1153 2560 1210 2628 καὶ
1231 2556 1268 2628 οῦ
1282 2558 1335 2646 χρὴ
1351 2557 1449 2624 πλέον

248 2687 283 2729 τι
309 2661 395 2750 πρὸς
421 2656 540 2742 αὐτοὺς
566 2662 687 2744 εἰπεῖν,
718 2657 809 2749 ἀρκεῖ
835 2661 896 2748 γὰρ
918 2662 960 2728 τά
981 2661 1048 2750 πρὸ
1070 2662 1194 2731 τούτων
1217 2663 1368 2749 ελρημίρα
1389 2653 1452 2726 κατ’
1539 2714 1544 2725 ,

249 2759 372 2831 αὐτῶν·
405 2762 490 2850 πρὸς
522 2765 558 2832 δὲ
585 2763 662 2842 τοὺς
692 2763 771 2851 περὶ
796 2767 856 2830 τοῦ
885 2763 1070 2850 πνεύματος
1092 2761 1324 2852 ἀπατηθέντας
1345 2761 1461 2848 τρόπῳ

248 2874 323 2949 τινί,
350 2861 394 2946 ῶς
416 2860 457 2933 άν
479 2860 575 2934 αὐτοὶ
596 2876 703 2954 φαῖεν,
726 2865 901 2955 ’προςήκει
923 2865 1154 2953 διερευνῶντας
1175 2866 1291 2934 εἰπεῖν.
1334 2862 1463 2930 τούτων

248 2959 309 3056 γὰρ
331 2972 385 3036 καλ
406 2967 610 3054 θαυμάσειεν
632 2967 672 3036 άν
693 2995 743 3049 τις
764 2967 822 3057 τὴν
845 2965 968 3048 άνοιαν,
993 2963 1046 3035 ῦτι
1066 2967 1123 3034 τὸν
1144 2966 1215 3034 υἱὸν
1236 2969 1295 3034 τοῦ
1316 2968 1401 3033 θεοῦ
1416 2959 1462 3050 μὴ

249 3072 404 3150 θέλοντες
424 3077 545 3156 κτίσμα
567 3066 726 3139 εἶναικαὶ
747 3072 853 3149 καλῶς
873 3093 909 3156 γε
929 3068 1027 3162 ’κατὰ
1047 3072 1144 3135 τοῦτο
1168 3071 1365 3156 φρονοῦντες
1385 3071 1463 3146 πῶς

249 3171 288 3238 τὸ
315 3177 445 3257 πνεῦμα
472 3176 530 3240 τοῦ
557 3173 630 3239 υἱοῦ
657 3179 777 3258 κτίσμα
804 3167 863 3260 κᾷν
893 3165 1031 3238 άκοῦσαι
1051 3166 1239 3256 ἠνέσχοντο·
1271 3168 1409 3256 καὶγὰρ
1433 3169 1463 3236 εί

250 3270 306 3338 διὰ
327 3272 385 3358 τὴν
406 3272 491 3359 πρὸς
511 3273 568 3340 τὸν
590 3279 718 3358 πατέρα
739 3277 798 3340 τοῦ
813 3271 910 3359 λόγου
925 3269 1061 3360 ἑνότητα
1072 3267 1110 3336 οὐ
1123 3271 1280 3338 θέλουσιν
1293 3265 1380 3348 εἶναι
1392 3274 1462 3338 τῶν

249 3375 389 3458 γενητῶν
402 3368 502 3442 αὐτόν
516 3371 573 3438 τὸν
588 3372 668 3450 οἶόν,
686 3368 754 3438 ἀλλ’
769 3370 851 3459 ὅπερ
867 3373 954 3440 ἐστίν
970 3369 1105 3459 άληθῶς
1120 3372 1315 3460 δημιουργὸν
1336 3386 1349 3424 ¹
1358 3366 1463 3440 αῦτὸν

320 3593 343 3653 Ι)
360 3591 433 3642 Hebr.
450 3590 474 3652 1,
493 3590 532 3640 ΙΙ.

251 3729 306 3794 quin
331 3727 417 3777 mirum
436 3734 523 3790 quanta
539 3726 640 3776 varietas
657 3726 826 3776 sententiarum
877 3725 970 3788 solum
989 3729 1056 3792 prior
1074 3727 1144 3780 lectio
1162 3739 1310 3796 praestitui
1328 3745 1354 3781 ex
1370 3745 1460 3782 ωαεε-

251 3800 274 3848 in
292 3798 417 3847 Ιιιεεειιιω
435 3797 508 3846 initiis
526 3795 675 3850 suboriatur.
693 3793 745 3844 aliis
763 3795 827 3845 uliud
878 3796 1004 3860 quenlibus
1028 3797 1152 3862 propalam
1171 3807 1214 3850 εει.
1249 3801 1340 3856 Ibidem
1357 3799 1413 3860 Ιίες.
1436 3801 1457 3848 Ι.

250 3865 484 3928 upprebendeniibus
502 3874 572 3930 iique
590 3879 616 3914 ex
634 3863 718 3914 iisdem
739 3864 828 3928 princi·
879 3872 902 3913 ει
927 3863 1024 3926 signer.
1043 3859 1214 3932 δυςφημίαν,
1244 3868 1284 3917 aiii
1310 3881 1363 3918 cnm
1387 3867 1464 3917 edilis

249 3933 296 3998 piis
320 3933 411 3984 diversi
436 3934 611 3997 colligentibus.
646 3933 762 3982 Nimitum
786 3947 828 3982 so·
877 3928 1057 4000 βλασφημίαν.

249 4001 319 4050 Ιεοοε
339 4002 464 4054 haereticis
483 4013 527 4062 εει,
546 4011 571 4052 σι
588 4003 677 4052 amisso
696 4001 770 4052 semei
788 4015 829 4050 νε·
881 4005 883 4010 “
912 4017 933 4052 ι.
953 4003 987 4052 lia
1005 4003 1070 4065 Regii
1089 4003 1158 4051 ιωΙιο
1176 4003 1342 4067 manuscripti,
1360 4001 1462 4063 Seguer.

249 4069 326 4118 ritulis
351 4071 444 4120 ιτοωίιι
468 4072 512 4121 hic
530 4071 585 4120 ΙΙΙευ
602 4071 729 4130 oberrent,
753 4085 781 4119 ιε
799 4083 829 4120 οι
879 4070 943 4132 item,
962 4070 1033 4120 nesii,
1052 4070 1147 4122 Gohier.
1167 4078 1190 4119 εί
1206 4071 1311 4120 ΙεΙαΙω.
1329 4069 1368 4129 2.,
1386 4078 1461 4132 iique

250 4137 455 4254 Ξερμωιησίάοω
483 4139 528 4202 ipsi
562 4139 692 4188 consistere
726 4139 827 4202 possint.
880 4138 1158 4255 ιράημὺωοάοιὶεηηῑοε
1169 4137 1462 4254 ΑΙηίρίειηΙεμΙλίγίΡιοΙί

269 4220 289 4254 τι
301 4219 336 4254 ιιι
880 4220 893 4254 ε
950 4219 1084 4264 oriani,
1128 4241 1134 4254 .
1197 4221 1212 4255 ιι
1231 4215 1327 4256 eleni
1372 4217 1465 4260 που·

284 4267 375 4332 Πάντη
393 4265 558 4337 μαινόμενος
574 4265 618 4319 καὶ
631 4262 769 4337 ἀμήχανος
779 4261 830 4336 άμ-
879 4270 945 4337 γῶν.
962 4271 1067 4339 Βαθμῷ
1083 4265 1168 4339 μόνῳ.
1205 4273 1278 4324 Paulo
1297 4281 1352 4337 post
1369 4218 1461 4334 Anglii.

446 4381 450 4390 .
550 4331 711 4404 φαλάληται.
881 4341 955 4390 codex
972 4341 1040 4390 solus
1057 4335 1236 4405 προσποιητὸς
1253 4334 1268 4400 ἡ
1285 4333 1368 4406 μάχη.

429 4403 544 4470 [θηρίου.
563 4406 649 4468 Ογιιες.
668 4407 709 4464 ΙΙΙ,
727 4401 796 4470 423]
914 4408 937 4457 b.
955 4407 998 4456 ΙΙΙι
1022 4416 1045 4456 εἰ
1062 4408 1122 4457 initi
1141 4418 1195 4472 ηοιῑ
1212 4403 1385 4474 δυεφημοῦσι
1402 4422 1463 4472 par·

250 4476 341 4526 Ibidem
365 4476 430 4537 liegii
454 4474 524 4524 umbo
549 4475 643 4522 codices
667 4475 830 4536 manuscripti,
881 4474 951 4526 ticuln
974 4469 1021 4520 καί
1042 4476 1065 4524 in
1084 4477 1245 4540 ωισεειτίριυ
1261 4475 1319 4537 λος.
1334 4477 1355 4526 Ι.
1374 4483 1398 4525 ει
1414 4475 1461 4524 Se·

251 4535 540 4606 8εςοει.ειΒειΙΙ.κατά
558 4539 606 4589 τοῦ
623 4531 682 4588 οἱοῦ
699 4539 831 4592 τοῦθεοῦ.
881 4557 946 4604 guar.
970 4544 1074 4592 omnium
1100 4545 1196 4608 optimis
1214 4544 1341 4594 codicibus
1366 4544 1461 4604 iegitur,

252 4611 330 4664 Ceteri
353 4620 431 4664 nutem
455 4625 509 4664 cum
527 4610 596 4662 edilis
612 4603 681 4659 κατὰ
698 4607 746 4660 τοῦ
765 4608 831 4660 θεοῦ
880 4605 905 4660 ih
923 4609 975 4660 iliis
993 4613 1116 4662 omittitur.
1150 4611 1225 4662 lidum
1242 4627 1297 4662 σοι
1314 4605 1457 4661 διείλοντο.
