3236 5286
577 365 721 410 osanna.
737 367 852 412 onum
866 369 1002 416 munos.
1340 359 1400 424 197

167 537 222 582 ssu
243 515 341 577 Verbo
363 513 459 577 luisse
482 513 613 578 dieentes
634 517 733 595 possit
753 518 855 580 terre?
897 519 1027 601 Namque
1049 525 1156 586 eodem
1177 545 1211 588 au
1231 543 1324 607 supra
1345 540 1485 590 re·e.na.

169 620 338 690 volvuntur,
362 617 478 679 ειιεωει
503 617 567 679 suis
589 619 711 696 argutiis
734 619 886 699 scopulum
910 623 989 683 huno
1011 635 1157 686 conentur
1177 627 1267 688 vitare
1290 635 1321 690 et
1344 646 1397 692 οε-

169 721 297 794 cultare3
325 717 378 780 sed
401 719 522 782 frustra.
566 719 658 780 Nemo
692 719 771 782 onim
793 722 852 782 illis
875 721 922 782 uel
943 723 1048 783 saltem
1070 743 1158 785 aures
1178 728 1321 804 praebere
1340 747 1397 791 vo·

167 823 257 886 luerit
278 819 542 894 contendentibus,
570 820 663 882 Deum
692 839 754 882 non
783 839 903 899 semper
930 822 1025 884 tuisse
1052 822 1186 899 Patrem,
1215 827 1269 887 sed
1295 838 1399 906 postea

168 927 277 987 lautum
301 941 380 995 esse,
403 929 435 982 nt
456 920 570 982 seilicet
591 919 660 982 iude
678 922 800 999 lingant,
824 921 889 983 eius
903 921 1033 984 Verbum
1048 923 1207 1004 aliquando
1223 943 1283 987 noo
1299 927 1399 992 luisss.

169 1026 262 1087 Nemo
292 1024 411 1103 inquam
438 1024 512 1084 baeu
539 1039 592 1084 eos
624 1022 823 1102 disputantes·
840 1022 986 1116 patienter
1012 1025 1154 1099 audierit,
1189 1045 1256 1088 oum
1278 1035 1401 1108 propter

170 1127 295 1207 plurima
322 1143 398 1203 quae
422 1142 514 1204 supra
541 1123 687 1184 adversus
715 1121 784 1183 illos
811 1122 901 1184 allata¹
922 1133 992 1186 sunt
1019 1133 1210 1206 argumenta,
1243 1136 1307 1189 tum
1336 1147 1402 1190 uam

169 1227 297 1289 loannes
319 1224 411 1286 dieat:
433 1224 511 1286 lirut
529 1223 666 1295 Verbum,
691 1231 721 1284 et
741 1223 849 1285 Paulus
872 1224 996 1286 scribat:
1023 1226 1087 1300 ooo
1106 1239 1151 1290 eat
1173 1227 1322 1308 splendor
1336 1227 1404 1308 pls-

170 1333 246 1404 riue,
270 1334 315 1387 el:
338 1331 392 1408 qui
411 1335 458 1388 tat
479 1326 575 1406 super
598 1328 698 1387 ornaris
720 1323 801 1386 bees
824 1326 996 1388 benedictus
1017 1331 1052 1388 ais
1072 1329 1205 1391 romulu
1250 1331 1353 1392 Aaron.

255 1431 307 1492 25.
352 1427 490 1488 Profecto
513 1425 608 1488 satius
632 1424 751 1506 quidem
781 1425 888 1488 luisset
909 1445 962 1488 eos
984 1445 1109 1507 prorsus
1137 1427 1241 1504 silero3
1268 1439 1301 1493 at
1321 1449 1401 1510 qno-

170 1530 249 1592 niam
273 1529 377 1590 uolunt
405 1528 576 1607 quiescere,
607 1527 635 1589 si
663 1527 730 1606 quis
759 1527 1033 1606 impudentissimas
1063 1529 1180 1594 illorum
1208 1533 1400 1612 quaestiones

170 1634 300 1695 relutare
322 1628 459 1701 uoluerit,
481 1627 588 1690 similia
610 1627 743 1690 vicissim
765 1627 802 1688 ab
824 1627 882 1689 illis
901 1629 1040 1692 audacter
1053 1633 1215 1711 perquirat.
1251 1633 1401 1696 Fortassis

171 1733 252 1794 euim
274 1749 342 1792 enm
363 1730 484 1808 seipsos
507 1729 654 1790 similibus
675 1728 804 1790 viderint
825 1729 961 1793 absurdis
984 1733 1161 1812 impeditos,
1193 1735 1311 1798 taudem
1333 1753 1402 1798 eum

172 1831 295 1892 ueritate
316 1846 451 1908 pugnare
479 1827 635 1888 desistent.
679 1827 776 1890 lloltis
805 1830 894 1910 igitur
922 1851 989 1894 eum
1019 1833 1160 1912 precibus
1188 1833 1292 1896 Divina
1318 1835 1401 1914 prius

177 1930 333 2009 implorata
361 1928 535 2002 elementia,
566 1927 609 1988 sio
634 1929 707 2008 ipsis
739 1929 804 2010 quis
833 1933 1009 1994 occurrerit:
1039 1935 1136 2008 ‚,Nnm
1164 1935 1214 2014 qui
1242 1944 1291 1997 est
1311 1933 1402 2009 Deus,

179 2047 272 2105 „oum
293 2037 380 2091 autea
402 2047 462 2090 nou
484 2037 571 2102 esset,
593 2037 698 2110 postea
720 2032 814 2094 laetus
837 2039 896 2106 est,
922 2033 967 2094 rel
989 2043 1036 2096 est
1056 2055 1095 2096 no
1117 2037 1203 2098 etiam
1226 2037 1402 2117 priusquam

177 2130 310 2206 „deuoti
352 2130 430 2211 Ergo
453 2131 478 2193 is
501 2149 566 2194 eum
589 2141 684 2205 esset,
719 2133 853 2213 seipsum
884 2134 968 2208 lecit,
999 2137 1043 2198 sel
1072 2145 1116 2199 εει
1145 2157 1181 2199 ex
1202 2139 1283 2200 nullo
1306 2147 1401 2212 ornas,

175 2251 328 2312 ,mumque
356 2232 428 2294 nidd
455 2242 540 2295 antea
569 2243 666 2308 esset,
700 2235 802 2296 subito
833 2234 1019 2314 apparuit?“
1063 2238 1172 2300 Verum
1199 2239 1328 2302 absurda
1355 2247 1404 2301 εει

174 2333 344 2396 huiusmodi
367 2321 532 2436 qualestim¹
546 2335 586 2396 ita
609 2335 698 2414 plane
720 2335 833 2408 fateor,
866 2335 992 2398 absurda
1013 2345 1061 2400 est
1081 2339 1223 2419 valdeque
1244 2339 1351 2421 impia,
1373 2345 1405 2400 al

171 2445 217 2499 est
239 2445 336 2498 tamen
358 2436 527 2516 quaestioni
549 2436 687 2514 ipsorum
703 2435 818 2496 similis.
863 2435 936 2500 Nam
955 2441 1101 2501 utrumvis
1116 2439 1254 2512 dixerint,
1276 2437 1308 2500 id
1323 2437 1406 2500 omni

167 2539 289 2620 plenum
310 2539 464 2617 impietate
486 2543 545 2596 est.
583 2535 615 2595 Si
630 2553 723 2612 porro
739 2535 811 2598 haee
831 2537 868 2600 de
881 2537 945 2600 ileo
967 2557 1113 2619 quaerere
1135 2539 1260 2619 impium
1274 2547 1305 2599 st
1319 2555 1409 2615 quun

168 2639 297 2701 mxime
318 2639 444 2715 impium
467 2643 533 2706 est,
556 2653 617 2694 non
639 2635 737 2697 minor
758 2655 830 2700 saue
851 2639 990 2720 impietas
1012 2639 1102 2700 luerit
1124 2641 1228 2702 eadem
1250 2637 1289 2698 da
1310 2631 1409 2696 Verbo

171 2741 369 2814 interrogare.
415 2735 622 2795 Verumtamen
644 2735 680 2796 ad
703 2737 820 2799 stultam
848 2739 925 2800 bano
953 2747 984 2800 et
1005 2739 1140 2800 insanam
1172 2739 1293 2800 illorum
1314 2734 1410 2793 iuter-

174 2835 362 2915 rogationem
385 2833 573 2895 euertendam
597 2837 763 2898 necessaria
792 2837 909 2899 ridetur
936 2838 1108 2900 huiusmodi
1139 2833 1313 2913 responsio.
1356 2833 1411 2892 lti-

176 2937 287 2999 mirum
310 2953 431 3014 semper
452 2943 498 2994 εει
520 2933 616 3006 Βευε;
645 2955 679 2996 ao
704 2917 831 3014 proinde
860 2957 926 2999 eum
949 2955 1070 3015 semper
1099 2937 1140 2996 sit
1160 2935 1264 3006 Pater,
1294 2949 1413 3011 semper

178 3054 299 3116 quoque
322 3043 368 3096 est
390 3034 524 3096 eiusdem
546 3035 699 3113 splendor,
722 3037 801 3114 quod
817 3045 870 3098 est
891 3037 989 3116 ipsius
1006 3035 1147 3095 Verbum.
1191 3033 1348 3094 Praeterea
1362 3033 1412 3112 qui

179 3137 337 3210 estuans,
360 3136 499 3209 Verbum,
522 3137 602 3216 quod
626 3136 697 3198 item
721 3146 778 3210 est,
799 3135 890 3198 habet
911 3155 946 3197 ex
969 3134 1082 3214 seipso,
1103 3133 1340 3216 usqueversum
1363 3141 1410 3196 ast

175 3245 283 3320 postea
305 3238 454 3311 adustum,
477 3237 556 3318 quod
579 3238 665 3317 prius
687 3255 749 3298 uon
765 3225 854 3310 esset,
877 3255 973 3316 usque
989 3235 1076 3298 Pater
1090 3254 1217 3316 unquam
1233 3233 1297 3297 sine
1312 3231 1408 3297 Verbo

175 3337 240 3402 luit.
285 3338 359 3401 Nam
382 3339 489 3418 impia,
514 3358 570 3418 qua
592 3337 686 3400 Filius
709 3337 878 3412 lacessitur,
901 3337 1025 3400 audacia
1046 3337 1076 3398 iu
1098 3336 1195 3417 ipsum
1217 3337 1333 3399 Patrem
1356 3355 1408 3398 re-

176 3439 303 3513 dundet,
334 3439 359 3500 si
382 3457 489 3518 nempe
511 3439 701 3518 sapientiam,
731 3437 859 3500 Verbum
882 3447 912 3501 et
932 3438 1039 3500 Filium
1066 3437 1251 3500 extrinsecus
1275 3436 1332 3498 sibi
1354 3453 1408 3498 ex-

178 3525 326 3620 cogitasse
348 3540 480 3613 dicatum
507 3539 661 3618 quodlibet
689 3539 769 3600 enim
791 3539 898 3602 borum
923 3540 1048 3613 dixeris,
1082 3535 1129 3614 idJ
1162 3537 1300 3620 quadan
1323 3537 1412 3598 Patra

179 3651 279 3704 uatum
302 3649 364 3714 est,
387 3641 548 3721 significat,
572 3641 823 3720 quemadmodum
843 3641 954 3703 dietum
977 3649 1032 3702 est.
1076 3639 1166 3701 Leuis
1188 3639 1280 3718 igitur
1300 3635 1411 3698 lubbo-

179 3761 236 3822 que
257 3743 333 3804 baeu
352 3741 469 3804 illorum
491 3751 540 3804 εει
561 3741 707 3822 quaestio,
731 3749 761 3804 ει
782 3743 889 3804 merito
912 3741 1043 3821 quidem.
1090 3737 1166 3798 llam
1180 3737 1320 3816 quoidam
1335 3736 1411 3796 vor·

180 3895 323 3956 AtSeguer.
344 3887 358 3941 d
376 3887 506 3946 virdaria,
526 3885 678 3957 ὢνγέγονε.
708 3893 771 3942 Editi
822 3883 946 3954 ἀσεβείας
963 3882 1030 3937 ἔστι.
1066 3887 1205 3938 Gohlerisu.
1231 3895 1255 3938 ot
1271 3887 1377 3937 Felelrm.
1391 3883 1414 3934 l.

181 3969 205 4010 ol
229 3962 269 4010 alii
294 3955 309 4008 d
333 3953 373 4008 ὢν
398 3954 464 4013 θεὸς
480 3953 526 4006 και
545 3951 593 4006 οὒκ
610 3951 650 4006 ὧν
667 3955 773 4022 γέγονε.
822 3959 914 4018 duplic.
939 3963 963 4004 et
980 3953 1053 4004 Bssil.
1080 3949 1161 4002 attor
1177 3949 1266 4014 πάσης
1283 3945 1414 4016 daedalus.

181 4029 255 4078 Panlo
274 4037 330 4091 post
348 4029 448 4089 Sequor.
466 4027 565 4077 Gobler.
586 4035 610 4076 et
628 4027 733 4074 Felolrm.
751 4026 773 4074 l.
859 4025 881 4072 b.
902 4023 942 4071 Sic
960 4022 1057 4072 Goblsr.
1078 4030 1100 4073 ει
1119 4021 1221 4071 Felolrm.
1235 4022 1257 4070 l.
1276 4019 1415 4080 dtSeguer.

179 4090 298 4160 μηδένες
315 4086 396 4147 ὄντος
412 4086 558 4158 πρὸτερον.
826 4081 859 4138 ὄν
872 4081 950 4137 ἔστιν
966 4079 1070 4142 ἆῖδίωε.
1103 4089 1166 4140 Ειιιι
1190 4097 1215 4138 st
1240 4088 1281 4138 alii
1299 4080 1340 4134 adr
1356 4077 1417 4134 dots

215 4164 231 4212 l.
251 4165 351 4226 Sequor.
369 4163 468 4214 Gobler.
487 4161 593 4210 Felolrm.
614 4159 636 4209 l.
662 4153 771 4207 notor.
825 4151 872 4206 sul
888 4147 991 4210 didius.
1354 4208 1364 4230 ³
1403 4211 1417 4228 .

181 4230 253 4309 Basil.
278 4229 371 4294 duplic„
397 4232 452 4308 lleqp
480 4237 503 4280 st
521 4229 665 4308 Fuluiam&¹
684 4222 774 4308 nidor.
830 4283 842 4306 ,
861 4227 876 4276 l.
894 4211 1417 4288 Sequor.contar.urslstn.t.ttuom

182 4290 775 4432 ἔπιῗῑιέὧὶιιζμῖπιεινξεῖἕοῑιζὰἓῗῖιιιῗέιῖ
825 4305 942 4411 ''tha-Sis
956 4361 1057 4422 Sequor.
1092 4359 1122 4408 lt
1137 4354 1213 4406 baali.
1237 4345 1319 4430 tpdtp'.
1354 4347 1419 4400 udat

215 4449 238 4494 p.
257 4433 297 4482 Sie
316 4447 374 4482 mss.
394 4442 489 4496 praetor
508 4433 613 4482 Felelm.
630 4431 663 4488 2..
683 4432 706 4480 in
725 4444 774 4493 quo
826 4419 910 4493 adep.
935 4427 1085 4476 borennas
1103 4437 1163 4472 mss.
1181 4411 1198 4466 d
1213 4432 1269 4484 pap
1288 4426 1335 4468 ste.
1358 4415 1419 4464 Eds·

182 4501 248 4552 olio
266 4501 337 4550 editis
355 4500 443 4550 desum
461 4491 534 4548 stol
553 4493 584 4546 sd
602 4489 776 4564 oirmrtpoa-
826 4497 860 4546 tis
879 4493 999 4572 coquel.
1024 4485 1039 4540 d
1061 4483 1119 4554 γὰρ
1142 4480 1191 4536 ἱόν
1208 4493 1254 4536 eto.
1289 4483 1351 4534 ibid.
1373 4481 1422 4528 Ss-

184 4563 237 4613 ιᾶν
258 4561 321 4634 περὶ
344 4565 412 4616 θεοῦ
438 4561 601 4634 diricqqpor
623 4560 668 4613 sui
694 4560 777 4613 nilus
828 4576 894 4624 quer.
917 4573 959 4608 ur.
