3258 5276
150 361 157 370 “
219 349 284 416 202
620 362 646 406 ε.
662 359 817 407 mutum
830 358 1055 406 εκεειεειεεοει

131 529 207 576 σιω.
220 511 293 600 υλῶ,
317 507 373 578 ότε
394 511 449 579 καλ
470 512 537 577 τῶν
559 504 1082 596 άμαρτιῶνκαθαρισμὸςγίγονε,
1098 505 1297 594 μνημονεύει
1310 505 1350 573 τὸ
1362 497 1454 574 ἀπο.

218 611 370 681 στολικδν
392 609 500 700 ῥητόν.
542 609 627 678 πότε
648 611 686 678 δέ
707 608 862 697 ἐλάλησεν
886 605 967 697 ἡμῖν
989 608 1024 676 έν
1046 607 1126 695 υλῷ,
1155 610 1208 674 καί
1231 608 1317 676 πότε
1336 614 1452 696 γίγονε

216 709 428 799 καθαρισμδς
453 713 520 778 τῶν
549 706 734 798 άμαρτιῶν,
757 709 860 777 ιπότε
882 710 919 776 δέ
940 714 1070 796 γέγονεν
1093 706 1291 797 ἅνθρωπος,
1321 703 1344 797 ἢ
1363 712 1451 794 μετὰ

216 816 295 894 τοὺς
325 809 503 901 προφήτας
531 806 583 878 ἐπ’
613 810 758 895 ἐσχάτων
786 813 853 879 τῶν
882 807 1032 898 ήμερῶν,Ι
1072 803 1146 877 εἶτα
1165 813 1225 876 τοῦ
1248 809 1450 897 διηγήματος

219 912 315 994 ὄντος
342 911 423 999 περὶ
448 913 507 997 τῆς
527 905 604 978 καθ’
628 907 715 998 ἡμᾶς
737 911 927 998 οἰκονομίας
933 963 942 993 ,
965 912 1089 997 1’λέγων
1111 914 1190 996 περί
1212 914 1278 978 τῶν
1301 909 1449 995 ἐσχάτων

216 1015 340 1101 ’καιρῶν
363 1009 559 1092 ἀκολούθως
580 1011 827 1101 ἐμνημόνευσεν,
852 1009 906 1079 ότι
927 1011 1009 1101 μήτε
1022 1011 1101 1091 τοὺς
1115 1018 1300 1100 προτέρους
1312 1010 1452 1097 χρόνους

219 1113 388 1202 δσιῶπησε
415 1123 488 1194 τοῖς
517 1109 717 1201 ἀνθρώποις
744 1108 763 1181 ό
790 1113 889 1193 θεός·
924 1111 1063 1201 έλάλησε
1082 1113 1144 1199 γάρ
1166 1108 1282 1193 αδτοίς
1304 1112 1362 1181 διά
1382 1115 1450 1181 τῶν

217 1219 410 1305 προφητῶν.
441 1217 512 1283 ’καί
534 1213 650 1302 ἐπειδὴ
673 1218 728 1283 καὶ
750 1217 925 1303 προφῆται
946 1213 1152 1304 διηκόνηοαν,
1175 1217 1230 1282 καλ
1245 1209 1287 1281 δι’
1306 1210 1451 1302 ἀγγέλων

219 1311 239 1383 ό
259 1315 362 1403 νόμος
383 1315 530 1404 ἐλαλήθη
537 1367 547 1397 ,
575 1313 632 1384 καὶ
654 1310 673 1381 δ
696 1315 769 1395 υἱὸς
791 1317 827 1383 δέ
849 1315 1038 1402 ἐπεδήμησε
1058 1317 1113 1383 καὶ
1134 1307 1222 1404 ήλδε
1242 1317 1447 1408 διακονῆσαι,

219 1411 403 1504 ἀναγκαίως
425 1417 568 1506 ἐπήγαγε
588 1415 649 1483 11τὸ
669 1414 818 1503 τοσούτῳ
839 1422 995 1503 κρείττων
1016 1416 1190 1503 γενόμενος
1211 1419 1277 1484 τῶν
1292 1412 1448 1503 ἀγγέλων,

220 1518 328 1598 δεῖξαι
347 1519 460 1588 θέλων
483 1515 537 1586 ότι
559 1513 640 1585 ὅσον
663 1513 682 1584 ὃ
705 1515 777 1596 υίὸς
799 1518 952 1605 διαφέρει
974 1516 1109 1600 δούλου,
1133 1521 1291 1586 τυσοῦτον
1312 1520 1366 1584 καί
1388 1521 1450 1605 τῆς

220 1619 388 1702 διακονίας
408 1623 476 1688 τῶν
498 1619 624 1686 δούλων
645 1615 666 1708 ἡ
688 1622 747 1686 τοῦ
770 1618 843 1684 υίοῶ
868 1619 1018 1686 διακονία
1038 1626 1194 1706 κρείττων
1215 1624 1334 1705 γέγονε.
1371 1617 1448 1705 ’τήν

220 1719 390 1787 διακονίαν
412 1719 478 1808 ἀρα
499 1722 673 1808 διακρίνων
696 1714 715 1784 ό
738 1713 928 1799 ἀπόστολος
948 1719 1007 1806 τήν
1029 1718 1359 1812 τεπαλαιὰνκαλτήν
1375 1743 1449 1787 και-

89 1815 92 1824 ’
219 1819 277 1906 τήν
304 1821 568 1909 παρρησιάζεται
594 1819 680 1907 πρὸς
703 1815 881 1900 Ἰουδαίους
908 1820 1045 1909 γράφων
1073 1823 1127 1888 καὶ
1151 1823 1269 1907 λέγων·
1298 1819 1450 1910 τοσούτῳ

138 1915 155 1934 ”
219 1928 375 2010 κρείττων
403 1920 576 2008 γενόμενος
602 1925 669 1988 τῶν
699 1915 853 2007 ἀγγέλων.
898 1921 956 1989 διὰ
983 1923 1082 1988 τοῢτο
1110 1925 1187 2008 γοῦν
1210 1916 1348 1988 οὐδὲτὸ
1371 1917 1449 1989 όλον

220 2025 434 2109 συγκριτικῶς
454 2023 577 2109 ἐἴρηκε
597 2022 718 2106 μείζων
732 2016 753 2110 ἢ
767 2022 964 2107 τιμιώτερος
977 2021 1161 2108 γενόμενος,
1178 2023 1234 2090 ἵνα
1247 2019 1293 2107 μή
1309 2018 1355 2101 ῶς
1370 2025 1449 2109 περὶ

220 2117 387 2208 ὁμογενῶν
413 2122 532 2189 τούτου
559 2117 716 2210 κάκείνων
737 2147 790 2202 τις
817 2123 1003 2209 λογίσηται,
1028 2116 1113 2188 ἀλλὰ
1133 2129 1289 2208 κρείττων
1313 2125 1449 2210 εἴρηκεν,

219 2221 277 2289 λ’να
297 2221 337 2288 τὸ
360 2221 555 2290 διαλλάττον
576 2227 635 2312 τῆς
657 2223 790 2312 φύσεως
809 2225 869 2289 τοῦ
890 2220 1063 2308 υἱοῦπρδς
1076 2222 1120 2288 τὰ
1141 2222 1279 2309 Ιγενητδι
1292 2230 1446 2311 γνωρίσῃ.

201 2321 277 2414 ,καὶ
298 2321 424 2390 τούτων
447 2323 561 2408 ἔχομεν
582 2323 642 2412 τήν
664 2319 838 2404 ἀπόδειξιν
860 2321 895 2391 έκ
914 2325 982 2389 τῶν
1003 2327 1109 2390 δείων
1130 2327 1284 2410 γραφῶν,
1306 2327 1366 2390 τοῦ
1387 2326 1451 2410 μέν

219 2424 332 2510 Δαβλδ
358 2422 563 2512 ψάλλοντος·
593 2431 754 2510 κρείσσων
781 2420 887 2510 ήμέρα
907 2429 969 2509 μία
990 2422 1024 2490 έν
1044 2433 1119 2502 ταῖς
1141 2417 1259 2501 αὐλαῖς
1280 2447 1341 2490 σου
1363 2420 1449 2508 όπέρ
1559 2493 1569 2518 ,

218 2524 372 2610 χιλιάδας
380 2530 418 2606 ¹),
450 2529 510 2593 τοῦ
540 2526 576 2593 δὲ
597 2527 816 2610 “Σολομῶνυς
838 2520 1106 2612 ἀναφωνοῦντος·
1141 2521 1257 2609 λάβετε
1278 2525 1447 2604 παιδείαν,

220 2624 341 2715 καὶμὴ
364 2620 528 2714 ἀργύριον,
551 2624 607 2692 καλ
628 2628 749 2711 γνῶσιν
771 2620 856 2711 ὖπέρ
872 2632 1008 2712 χρυσίον
1023 2625 1316 2710 δεδοκιμασμένον·
1338 2631 1450 2709 κρείσ-

134 2740 290 2794 Μσοσων
310 2726 372 2815 γὰρ
394 2737 500 2816 σοφία
521 2723 631 2794 λίθων
652 2727 853 2806 πολυτελῶν,
877 2728 947 2793 πᾶν
969 2726 1006 2792 δὲ
1027 2732 1139 2811 τίμιον
1161 2720 1219 2792 οὐκ
1240 2723 1334 2806 ἀξιον
1349 2720 1451 2815 αάεής

217 2827 346 2911 ίἐστι’).
390 2831 466 2907 πῶς
485 2826 547 2914 γάρ
564 2821 629 2895 υόκ
650 2826 734 2895 εἰσὶν
749 2825 941 2913 έτεροοόσια
961 2825 1017 2892 καὶ
1039 2824 1125 2894 ἀλλα
1145 2825 1204 2912 τήν
1226 2825 1327 2914 φύσιν
1349 2822 1369 2912 ἥ
1393 2849 1452 2894 σο-

221 2935 286 3016 φία
311 2928 368 2998 καὶ
394 2931 428 2998 ολ
455 2925 525 2998 ἀπὸ
552 2932 611 3016 γής
638 2930 752 3012 λίθοι,Ι
785 2933 871 2994 ποία
900 2928 937 2994 δέ
967 2932 1137 3012 συγγένεια
1162 2937 1238 3006 ταῖς
1259 2921 1452 3013 Ιισόροινίοις

221 3023 339 3109 αδλαῖς
369 3035 425 3099 καὶ
450 3031 529 3112 ’τοῖς
562 3027 621 3098 ἐπὶ
652 3031 710 3117 γῆς
739 3029 860 3111 οἵκοιςς
894 3021 917 3114 ἢ
943 3033 977 3094 τί
999 3023 1116 3111 δμοιον
1137 3031 1204 3095 τῶν
1227 3027 1371 3096 αἰωνίων
1393 3027 1450 3095 καὶ

220 3136 451 3214 πνευματικῶν
479 3130 523 3199 τά
550 3129 736 3218 πρόςκαιρα
761 3131 816 3198 καλ
844 3129 887 3198 τά
913 3127 1040 3217 θνητάς
1074 3131 1143 3196 ικαὶ
1164 3131 1263 3194 τοῦτο
1284 3127 1345 3215 γάρ
1367 3119 1449 3218 ήνό

217 3224 358 3308 Ἡσαΐας
379 3238 479 3318 φησί·
501 3231 581 3300 τάδε
603 3233 691 3318 λέγει
710 3229 823 3318 κύριος
835 3239 908 3310 τοῖς
923 3224 1105 3312 εὐνούχοις·
1129 3223 1205 3296 ὅσοι
1220 3222 1260 3295 ἀν
1276 3229 1451 3317 φυλάξων-

220 3349 278 3393 ται
298 3327 341 3396 τά
363 3328 514 3415 σάββατά
534 3355 599 3417 μου
620 3335 675 3400 καί
697 3327 922 3411 ·ίκλέξωνται
943 3328 965 3395 ά
987 3329 1050 3415 έγῶ
1072 3331 1165 3397 δέλω
1179 3332 1235 3397 καί
1250 3325 1449 3414 ἀπέχωνται

219 3429 279 3517 τής
302 3429 465 3519 διαθήκης
484 3455 559 3516 μου,
583 3431 681 3501 διόσω
704 3425 819 3510 αδτσῖς
841 3429 875 3498 έν
895 3432 943 3517 τῷ
965 3429 1046 3517 οἴκῳ
1067 3453 1133 3514 μου
1153 3433 1210 3498 καὶ
1232 3430 1266 3498 έν
1287 3434 1334 3518 τῷ
1348 3437 1450 3514 τείχει
1518 3421 1521 3428 ’

127 3603 139 3622 0
220 3551 285 3614 μου
307 3529 414 3598 τόπον
436 3526 630 3618 ὀνομαστόν,
653 3541 807 3620 κρεῖσσον
829 3530 910 3598 υἱῶν
924 3533 978 3598 καί
989 3537 1183 3618 θυγατέρων
1195 3529 1300 3616 ὄνομα
1313 3530 1451 3598 αἰώνιον

221 3628 320 3698 διόσω
349 3625 479 3712 αότοίς,
508 3639 563 3700 καί
592 3627 650 3700 οόκ
678 3633 865 3718 δκλείψεῶ).
899 3627 1005 3710 οῶτως
1032 3631 1098 3720 ἀρα
1119 3628 1258 3717 οδδεμία
1279 3637 1452 3718 συγγένεια

220 3733 287 3818 ’τῷ
308 3732 370 3820 υλήλ
391 3733 479 3822 πρὸς
498 3735 577 3814 τοὺς
599 3727 755 3821 ἀγγέλους
777 3731 864 3801 ἐστί·
891 3731 1054 3820 μηδεμιᾶς
1076 3734 1113 3800 δέ
1135 3730 1235 3820 οόσης
1256 3736 1314 3822 τῆς
1335 3755 1451 3819 συγγε-

289 3903 315 3968 1)
333 3903 397 3957 Pul.
415 3905 449 3958 84
465 3902 520 3973 [83.
538 3903 677 3972 λλλ.],11.
757 3905 783 3968 λ)
800 3906 868 3957 Ρεσε.
886 3903 911 3965 8,
931 3903 971 3956 10.
992 3904 1032 3955 11.
1100 3903 1125 3966 ³)
1143 3905 1198 3956 Εει.
1218 3904 1259 3968 56,
1278 3905 1302 3955 4.
1322 3905 1346 3955 5.

253 4036 276 4072 ε.
294 4021 336 4073 Sic
352 4023 452 4086 διηοεε.
466 4023 565 4074 Gobler.
583 4023 720 4076 ιιῖεΙεΙισι.
732 4025 754 4076 1.
781 4025 810 4074 At
893 4022 916 4073 δ.
935 4022 976 4073 Sic
993 4021 1093 4084 Seguer.
1118 4022 1147 4070 λι
1163 4021 1221 4072 editi
1239 4027 1264 4072 τι
1280 4020 1320 4071 ani
1331 4015 1365 4069 τό
1377 4021 1452 4073 σωλ-

167 4105 172 4113 ·
219 4087 388 4139 editionum
415 4079 432 4148 ή
455 4079 502 4139 διε
523 4085 637 4156 γέγονεν
660 4083 809 4158 ἄνθρωπος
859 4097 920 4140 ωσι.
955 4089 1007 4140 Mox
1025 4089 1124 4152 δεςυιε.
1143 4088 1241 4140 δολΙετ.
1260 4095 1283 4139 ιι
1299 4087 1407 4140 δεΙεΙω.
1426 4089 1453 4141 1.

217 4149 448 4286 fiij-’We
468 4155 647 4270 λίθω·
665 4158 722 4222 ”·⁸·
736 4158 809 4210 ”¹⁸¹'·
860 4145 1452 4278 λλλλέλλδλίὶλλλλλ*λδ

252 4291 277 4340 λι.
296 4239 436 4353 δάήοεείεσ.
507 4257 597 4336 όντων
619 4301 650 4338 τε
665 4285 729 4358 περὶ
744 4289 809 4341 τείν.
861 4287 1001 4350 sonuerim.
1021 4255 1155 4336 τοσοῦτόν
1170 4281 1217 4338 καλ
1233 4287 1289 4350 τήε.
1308 4291 1335 4340 Ισ
1350 4257 1408 4340 λΙίὶε
1426 4257 1454 4340 ελ

221 4357 319 4409 nobiae.
337 4366 362 4410 ει
378 4356 485 4408 ῐεΙολω.
498 4355 520 4406 1.
538 4349 625 4420 λέγων
637 4352 694 4404 τῶν
703 4367 735 4406 τε
747 4350 810 4422 περὶ
860 4353 931 4405 editi·
947 4354 996 4402 καί
1010 4351 1086 4404 δειει
1406 4373 1408 4378 ·

218 4421 284 4473 τῶν.
896 4437 917 4473 ι.
935 4420 1035 4484 διςαετ.
1053 4415 1104 4474 τὰς
1119 4417 1150 4473 δὲ
1172 4417 1319 4477 διακονίας.
1354 4421 1400 4474 Alii
1426 4431 1454 4473 ετ

257 4507 277 4542 ε.
296 4490 435 4545 σοολαὶεο.
453 4499 477 4543 ει
492 4489 599 4542 Felckm.
613 4489 637 4540 ¹.
655 4483 702 4540 καί
718 4479 809 4552 ίσειδή
861 4487 920 4539 odiu
936 4481 987 4548 τήν
1005 4481 1153 4540 διακονίαν.
1188 4491 1249 4542 ibid.
1264 4492 1364 4553 ειςιιε.
1383 4487 1453 4539 ouh·

221 4557 372 4628 προφῆται
862 4556 907 4608 λιι.
925 4555 1100 4608 ετΙεΙελω,ί.
1119 4547 1174 4626 ἄρα
1191 4551 1341 4625 διακρίνων
1357 4546 1454 4606 όδσιό-

4 4579 6 4621 ι

5 4651 7 4724 λ

5 4845 7 4894 ί

5 4939 7 4982 ι
