3176 5304
183 291 225 354 24
714 301 886 347 rainelmo.

180 457 384 520 ‘Anhochenae
412 454 577 518 modestius
608 471 642 516 se
670 453 747 514 intra
777 452 919 514 terminos
934 442 1064 514 'divinae
1091 452 1299 531 patefactionis
1329 455 1420 517 cohi-

183 558 248 620 buit
275 575 332 620 nec
366 555 519 636 quicquam
542 553 644 616 habuit
677 552 825 634 antiquius
854 572 941 633 quam
971 561 1003 616 ot
1030 553 1167 630 dogmata
1191 553 1258 614 fidei
1280 555 1316 616 ad
1339 555 1419 618 ritae

182 657 415 720 conformandae
443 675 529 718 osum
559 657 724 728 conferret,
752 655 879 734 ideoque
908 654 1066 734 praecipue
1097 653 1233 732 dogmata
1266 673 1332 718 cum
1355 657 1417 718 vita

181 757 376 837 moribusque
400 757 445 820 rel
467 775 532 818 cum
556 758 665 820 horum
685 756 852 836 praeceptis
875 755 1063 818 cohaerentia
1084 763 1114 816 et
1135 755 1304 830 coniuncta,
1333 757 1413 820 velut

182 859 220 921 de
241 867 380 939 peccato,
405 858 442 920 de
462 858 558 919 libero
580 857 703 920 arbitrio
727 866 757 920 et
778 856 871 937 gratia
893 875 928 917 ac
948 855 1235 936 praedestinatione,
1260 857 1297 918 de
1319 857 1416 920 salute
1445 854 1457 866 “

180 978 236 1040 per
269 951 421 1022 Christum
454 968 588 1039 reparata
622 961 746 1040 eiusque
777 957 1004 1036 consequendae
1036 956 1125 1018 modo
1153 965 1186 1020 ¹et
1215 957 1417 1032 adminiculiss

161 1060 352 1140 ·diligentius
386 1061 534 1141 exposuit.
589 1059 645 1121 Uhi
676 1061 712 1120 de
742 1059 799 1121 illis
825 1059 899 1120 locis
933 1057 1107 1137 theologicis
1141 1058 1308 1137 quaeritur,
1341 1077 1414 1122 sane

182 1161 383 1223 consulendos
406 1169 451 1222 est
474 1161 723 1240 chrysostomus,
755 1160 792 1222 de
816 1159 965 1240 mysteriis
984 1159 1129 1224 ,trinitatis
1152 1159 1200 1220 dei
1223 1167 1253 1220 et
1274 1159 1413 1222 incarna-

183 1262 275 1324 tionis
305 1281 365 1322 non
394 1262 476 1324 item.
526 1260 619 1323 Nemo
647 1261 737 1340 igilur
766 1260 822 1322 nisi
851 1259 901 1341 qui
930 1261 1041 1340 hospes
1073 1269 1119 1321 est
1146 1260 1177 1321 in
1206 1261 1411 1340 chrysostomi

184 1363 368 1442 aliorumque
390 1371 507 1442 patrum
530 1362 661 1442 scriptis,
677 1361 849 1434 mirabitur,
873 1362 951 1442 quod
974 1363 1005 1422 in
1028 1360 1209 1424 Collectione
1232 1371 1337 1422 nostra
1358 1379 1414 1424 nec

180 1463 255 1526 aliae
288 1463 422 1526 eiusdem
445 1483 483 1544 ex
515 1463 737 1526 commentariis
760 1463 789 1524 in
823 1462 1000 1544 scripturam
1036 1481 1149 1524 sacram
1181 1461 1336 1535 homiliae,
1360 1481 1415 1526 nec

182 1564 248 1626 illae
271 1565 426 1627 duodecim
449 1565 744 1627 contrahuomoeos
767 1564 830 1626 sire
851 1563 1055 1625 Eunomianos
1076 1563 1193 1626 habitae
1214 1563 1413 1643 reperiuntur,

181 1665 260 1728 inter
282 1647 355 1745 qrras
378 1666 509 1747 quoinque
536 1665 654 1745 priores
677 1675 707 1726 et
728 1665 882 1727 undecima
906 1666 940 1726 de
963 1665 1261 1744 incomprehensibili
1282 1667 1330 1727 dei
1356 1685 1414 1730 nor

184 1775 274 1838 toro,
298 1766 425 1846 septima
449 1767 483 1828 de
512 1767 769 1830 consubstantiali
795 1774 825 1826 et
851 1764 1026 1826 duodecima
1055 1767 1090 1828 de
1118 1767 1275 1828 divinitate
1300 1766 1416 1830 Christi

182 1885 278 1946 paene
311 1875 391 1929 totae
425 1875 496 1928 suut
528 1869 693 1946 argumenti
726 1866 884 1945 dogmatici
919 1884 953 1927 ac
984 1865 1130 1946 polemici.
1176 1866 1239 1926 Vid.
1264 1867 1340 1946 Opp.
1364 1867 1412 1928 ed.

161 1967 370 2030 ¹llontlaucon
398 1967 493 2028 Paris.
516 1987 543 2029 a.
569 1969 660 2032 1834.
694 1968 780 2030 Tom.
803 1968 824 2028 l.
854 1985 883 2046 p.
907 1968 1088 2032 saa-680.
1131 1967 1196 2029 Duo
1220 1975 1318 2030 autem
1340 1967 1411 2028 Ser-

183 2087 299 2141 mones,
322 2087 399 2130 unus
424 2069 459 2130 de
483 2079 591 2130 sancto
613 2073 767 2140 trinitate,
797 2067 872 2130 aller
894 2069 929 2130 de
951 2081 1057 2131 sonoro
1087 2071 1215 2148 spirito,
1245 2067 1276 2129 in
1304 2068 1411 2148 quibus

181 2170 452 2250 argumentationes
482 2176 585 2231 contra
611 2170 737 2232 hrianos
767 2177 796 2230 et
817 2167 1049 2230 Macedonianos
1083 2169 1202 2231 tenuius
1235 2177 1266 2229 et
1298 2170 1411 2231 acutius

181 2277 360 2342 tractantur,
391 2288 452 2332 non
474 2271 609 2332 referunt
635 2270 715 2332 illam
738 2269 943 2348 chrysostomi
973 2278 1080 2348 sponte
1104 2270 1243 2332 fluentem
1267 2268 1412 2349 eloquen-

181 2370 251 2432 tiam
280 2379 309 2433 et
336 2380 494 2450 propterea
522 2370 601 2432 inter
628 2371 729 2450 spuria
758 2370 849 2450 positi
881 2377 952 2432 sunt
979 2369 1065 2431 Tum.
1088 2371 1112 2431 Ι.
1140 2391 1171 2450 p.
1197 2373 1290 2435 1024.
1314 2389 1359 2450 sq.
1383 2378 1413 2432 et
1456 2367 1469 2381 '

181 2471 232 2531 ΙΙΙ.
256 2489 285 2550 p.
309 2472 383 2535 964.
407 2489 453 2550 sq.
497 2470 541 2532 Ne
558 2479 655 2532 minen
677 2472 748 2533 tanti
763 2470 896 2532 doctoris
922 2488 1032 2532 nomen
1056 2472 1178 2536 omnino
1201 2471 1279 2532 absit
1300 2470 1337 2533 ah
1358 2471 1413 2533 hac

182 2570 371 2644 bibliotheca,
406 2571 504 2634 locum
538 2571 614 2632 daho
649 2570 858 2632 celeberrimae
887 2570 923 2632 ad
946 2570 1115 2634 Caesarium
1144 2571 1288 2652 epistolas
1310 2581 1413 2632 contra

177 2672 405 2753 Apollinaristas
426 2673 554 2752 scriptae
577 2671 667 2751 (Opp.
683 2671 770 2732 Tom.
792 2670 842 2732 lll.
858 2690 888 2751 p.
905 2673 1097 2749 895—900.)
1121 2681 1151 2734 et
1172 2675 1302 2734 tortasse
1324 2673 1412 2734 etiam

179 2775 312 2837 sermoni
334 2773 376 2834 illi
398 2782 500 2836 contra
522 2771 661 2847 Arianos,
683 2773 733 2852 qui
755 2781 904 2834 extremos
927 2779 973 2834 est
994 2772 1072 2835 iuter
1087 2773 1289 2853 chrysostomi
1305 2773 1410 2834 Homi-

178 2874 233 2937 lias
248 2875 280 2937 V.
305 2872 819 2937 excod.1lresdensiabBechero
843 2872 972 2954 primum
997 2874 1090 2942 editas
1113 2873 1242 2954 Lipsiae.
1265 2893 1291 2934 a.
1318 2877 1410 2940 1839.
1470 2873 1475 2882 '

101 3051 107 3064 1
178 2976 346 3057 inscriptus
370 2985 416 3037 est
430 2971 490 3050 Ele
511 2970 559 3051 τὸ,
578 2969 814 3060 Καταοοὴοοτο
827 2969 885 3038 τὸν
901 2965 1091 3038 ἀπόστολον
1113 2970 1169 3037 καὶ
1184 2965 1337 3057 ἀρχιερέα
1351 2974 1410 3060 τῆς

179 3069 357 3159 ὁμολογίας
383 3067 476 3159 ἡμῶν
495 3068 617 3160 Ἰησοῦν
640 3071 789 3160 Χριστὸν
816 3071 938 3138 πιστὸν
969 3069 1049 3138 ὄντα
1078 3074 1124 3158 τῷ
1147 3071 1328 3156 ποιήσαντι
1350 3068 1411 3140 αὖ·

177 3173 244 3238 τόν.
269 3175 371 3249 (Hehr.
394 3177 445 3236 ΙΙΙ.
471 3181 512 3244 1.)
556 3177 622 3238 Pari
645 3176 752 3250 modo,
777 3176 802 3238 si
824 3175 1006 3238 voluminum
1030 3193 1168 3236 mensura
1197 3175 1227 3236 id
1248 3177 1410 3254 permittet,

113 3343 121 3356 ⁶
178 3274 278 3338 Basilii
301 3271 381 3356 περὶ
394 3275 454 3337 τοῦ
470 3268 564 3355 ἆγίοο
586 3273 774 3357 πνεύματος
794 3275 870 3337 libro
893 3276 928 3336 ad
944 3275 1179 3356 Amphilochium
1203 3276 1291 3338 huius
1316 3278 1410 3358 ipsius
1432 3325 1436 3336 ,

178 3377 335 3458 epistolam
357 3374 528 3455 synodicam
550 3393 566 3434 a
589 3375 736 3438 Cotelerio
752 3377 934 3437 Monument.
958 3377 1065 3438 eccles.
1094 3396 1137 3456 gr.
1154 3377 1240 3440 Toni.
1263 3378 1299 3439 ll.
1322 3398 1351 3456 p.
1368 3380 1408 3442 99

177 3481 294 3542 -104,
316 3475 445 3557 primum
472 3474 647 3554 publicatam
676 3475 847 3550 subiiciam,
877 3485 965 3557 atque
993 3478 1034 3540 illi
1057 3477 1260 3558 chrysostomi
1294 3480 1408 3557 episto·

178 3577 223 3640 lae
245 3577 397 3639 adnectam
413 3576 538 3638 selectas
561 3575 673 3655 aliquot
687 3575 797 3638 isidori
812 3576 988 3640 Pelusiotae.
1002 3577 1154 3659 epistolas,
1178 3598 1253 3659 quae
1275 3578 1311 3639 ad
1334 3596 1408 3641 con-

179 3679 355 3740 troversiam
378 3678 415 3739 de
437 3677 525 3739 modo
548 3684 578 3738 et
599 3677 706 3738 ellectu
728 3678 948 3741 coniunctionis
977 3677 1131 3758 utriusque
1159 3679 1190 3760 in
1213 3680 1331 3742 Christo
1354 3697 1408 3742 ua·

179 3787 263 3842 turae
284 3778 445 3860 pertinent.

262 3879 321 3941 Sed
344 3881 416 3942 satis
432 3880 489 3940 iam
505 3878 717 3959 exemplorum,
741 3878 897 3958 exquibus
914 3887 1125 3960 cognoscatur,
1149 3881 1309 3960 quomodo,
1335 3900 1408 3959 quae

178 3979 215 4042 de
237 3979 354 4043 delectu
382 3980 566 4042 instituendo
596 3982 661 4060 ipse
691 3979 762 4042 mihi
790 3981 986 4062 praescripsi,
1016 3989 1174 4044 exsecutus
1197 3983 1265 4043 sim.
1308 3965 1408 4058 itique

179 4081 215 4143 ad
242 4081 355 4161 reliqua
385 4081 559 4160 progrediar
587 4079 805 4159 lectoribusque
833 4081 969 4144 indicabo
999 4081 1065 4160 ipsa
1093 4089 1210 4161 patrum
1232 4098 1406 4159 graecorum

177 4181 329 4261 opuscula,
352 4199 438 4262 quae,
461 4181 488 4242 si
503 4179 617 4260 coeptis
639 4180 713 4244 deus
735 4180 881 4255 adnuerit,
904 4189 938 4243 ut
959 4179 1138 4243 bibliotheca
1163 4180 1275 4243 absolvi
1297 4181 1405 4262 possit,

176 4281 298 4346 collecta
320 4283 351 4344 in
373 4301 407 4345 ea
429 4284 624 4362 reperientur.
669 4281 707 4342 Et
720 4281 848 4360 primum
870 4281 990 4361 quidem
1012 4282 1050 4343 de
1071 4282 1278 4344 Athanasianis
1301 4282 1406 4358 dicam,

176 4400 252 4464 quas
272 4367 370 4465 primo
391 4384 449 4446 hoc
470 4381 619 4445 volumine
641 4381 856 4463 comprehensa
876 4381 948 4444 siris
970 4381 1066 4444 doctis
1089 4383 1265 4444 offeruntur.

263 4485 344 4548 lnter
366 4486 530 4568 scriptores
554 4502 676 4564 graecos
698 4482 808 4548 saeculi
831 4482 937 4562 quarti,
961 4481 1011 4564 qni
1039 4484 1175 4562 dogmata
1198 4503 1282 4546 sacra
1310 4502 1405 4565 expo-

1552 5161 1557 5168 “
