3094 5318
459 388 603 435 rrrsrom
619 389 657 432 rr.
675 389 710 432 sn
727 389 920 433 ssntrronsrr.
1225 373 1287 437 789

34 549 110 630 qui
142 525 296 609 didicistis
319 542 424 605 Filium
445 561 505 604 non
528 559 596 604 essa
618 549 780 603 creaturam
807 543 873 620 (per
894 556 960 602 eum
989 557 1115 620 namque
1141 523 1397 603 ercammarum

37 647 214 713 conditae
236 651 336 726 sunt),
358 646 558 724 interrogare:
580 643 668 705 Pater
689 661 758 722 ergo
781 653 827 704 est
848 639 965 703 Filius?
1006 641 1062 704 tut
1083 641 1141 703 sio:
1163 640 1291 720 Spiritus

39 769 142 834 ergo
173 755 221 812 est
240 748 341 820 Filius,
365 757 395 808 et
415 745 505 808 Filius
528 745 591 826 ipse
613 754 660 806 est
681 744 808 824 Spiritus
831 741 975 805 sanctus?
1019 741 1092 806 Cum
1113 749 1210 805 autem
1226 742 1295 805 talia

37 854 219 934 cogitent,
242 860 272 912 et
292 859 371 912 extra
395 855 525 910 sanctam
540 847 711 908 Trinitatem
728 853 815 906 erunt
829 852 858 905 et
878 845 955 906 athei
977 843 1191 919 iudicabuntur,
1213 845 1294 925 quod
1343 833 1352 865 '³

38 957 236 1018 immutent
257 971 367 1013 nomen
386 935 482 1012 Pat'ris
504 959 533 1010 et
552 947 617 1009 Filii
640 953 670 1009 et
691 946 820 1034 Spiritus
842 946 945 1020 sancti,
968 947 1201 1028 transierantque
1222 947 1294 1010 illud

40 1077 118 1121 suo
158 1055 307 1118 arbitratu
334 1053 365 1114 in
394 1051 616 1114 similitudinem
644 1048 840 1128 generationis
869 1049 1028 1122 humanae,
1063 1049 1141 1129 quod
1170 1058 1293 1131 nepotes

42 1175 210 1239 avosque
237 1156 404 1229 nominent,
433 1173 467 1216 ae
493 1154 617 1216 deorum
645 1150 864 1232 generationem
892 1151 1138 1230 quemadmodum
1173 1153 1296 1232 gentiles

16 1255 18 1258 ’
43 1264 231 1341 effingam.
274 1257 340 1319 Nou
362 1262 408 1319 est
428 1265 525 1321 autem
547 1255 621 1316 haec
641 1251 789 1315 Ecclesiae
811 1252 901 1326 tides,
931 1253 1000 1328 sed,
1032 1261 1065 1316 ut
1092 1254 1132 1316 ait
1153 1254 1294 1330 Salvator,

47 1365 88 1426 in
116 1363 251 1424 Patrem
283 1369 313 1422 et
332 1359 438 1421 Filium
461 1366 490 1420 et
511 1357 653 1438 Spiritum
677 1365 826 1428 sanetum,
855 1355 971 1417 Patrem
999 1355 1125 1430 scilicet,
1158 1356 1208 1436 qui
1234 1377 1296 1420 non

50 1463 176 1546 possit
200 1449 272 1524 arus
299 1461 414 1535 vocari,
443 1459 564 1534 Filium,
598 1458 647 1540 qui
674 1476 735 1519 non
762 1457 859 1538 possit
887 1458 944 1520 diei
970 1467 1068 1540 pater,
1103 1464 1133 1519 et
1154 1459 1296 1541 Spiritum

16 1573 18 1578 “
52 1573 218 1630 sanctum
245 1582 307 1625 non
335 1562 392 1624 alio
421 1579 507 1640 mam
532 1561 590 1623 hoc
613 1560 733 1639 nomine
759 1559 945 1640 appellatum.
993 1559 1036 1622 De
1063 1560 1118 1623 hac
1147 1561 1204 1623 lide
1235 1579 1297 1624 uon

50 1671 141 1732 licet
179 1664 262 1726 varie
293 1664 390 1742 loqui,
426 1662 480 1724 sed
512 1681 631 1743 semper
659 1662 746 1724 Pater
776 1671 861 1743 pater
893 1672 955 1734 est,
992 1671 1022 1724 et
1052 1661 1142 1726 Filius
1179 1680 1297 1744 semper

54 1772 173 1838 filius,
214 1775 244 1827 et
273 1765 401 1844 Spiritus
435 1773 555 1826 sanetus
588 1782 706 1845 semper
736 1773 783 1825 est
812 1765 975 1844 diciturque
1006 1764 1132 1844 Spiritus
1166 1775 1296 1829 sanetus.

16 1883 18 1906 ³
55 1873 97 1934 ln
132 1867 236 1930 rebus
265 1867 343 1928 enim
364 1867 500 1928 humanis
528 1885 589 1928 non
615 1866 653 1929 ita
680 1885 783 1928 seres
810 1866 913 1939 habet,
946 1866 1077 1946 quamvis
1103 1867 1202 1929 Ariani
1229 1867 1296 1930 talia

16 1989 20 2026 t
58 1969 355 2038 comminiscantur.
402 1968 474 2031 Nam
506 1968 752 2058 quemadmodum
785 1969 926 2048 scriptum
958 1977 1019 2030 est:
1050 1967 1117 2030 Non
1143 1978 1176 2032 ut
1205 1969 1295 2031 homo

56 2077 173 2146 Beue,
212 2071 253 2132 ita
285 2071 391 2132 dixerit
421 2071 540 2151 aliquis:
573 2091 633 2133 non
667 2081 699 2133 ut
729 2071 809 2152 Deus
841 2071 988 2133 homines.
1041 2071 1125 2152 Apud
1159 2071 1296 2134 homines

62 2176 156 2240 enim
190 2183 276 2254 pater
303 2191 364 2235 non
392 2191 510 2253 semper
536 2183 620 2253 pater
647 2181 706 2247 est,
740 2190 836 2252 neque
857 2172 934 2236 lilius
955 2191 1073 2254 semper
1093 2173 1195 2236 iilius·
1225 2175 1298 2238 Nam

61 2283 140 2361 ipse
173 2275 296 2356 quidem
322 2275 372 2338 lilii
398 2283 482 2355 pater
509 2275 648 2347 efficitur,
681 2275 733 2338 sed
765 2275 886 2336 alterius
914 2275 979 2356 ipse
1002 2276 1078 2364 lilius
1105 2276 1207 2338 extitit
1259 2277 1298 2338 Et

16 2409 17 2416 ¹
65 2383 156 2444 filins
182 2397 252 2440 cum
274 2377 314 2441 sit
333 2378 427 2458 patris
449 2375 537 2449 filius,
560 2376 679 2440 alterius
694 2386 778 2458 pater
793 2377 926 2440 allinitur.
956 2377 1100 2440 Abraham
1116 2377 1204 2456 igitur
1218 2378 1296 2440 illius

16 2511 18 2548 :
61 2503 140 2546 eum
166 2491 254 2543 esset
274 2479 431 2554 Nachoris‚
460 2488 543 2560 pater
564 2482 657 2542 lactus
681 2487 728 2541 est
748 2479 844 2553 Isaac,
873 2487 901 2542 et
927 2480 1009 2540 Isaac
1030 2498 1096 2542 cum
1118 2489 1200 2542 esset
1220 2480 1297 2544 lilius

64 2581 234 2654 Abrahae,
261 2589 344 2660 pater
364 2583 420 2643 luit
440 2581 537 2642 Iacob.
580 2579 789 2660 Unusquisque
811 2581 889 2642 enirn
919 2599 984 2644 eum
1006 2581 1045 2642 sit
1065 2597 1135 2661 pars
1156 2581 1296 2661 parentis,

63 2681 218 2744 naseitur-
239 2681 356 2759 quidem
378 2682 465 2756 illius,
489 2683 615 2743 efficitur
636 2690 732 2744 autem
754 2692 783 2744 et
804 2683 868 2762 ipse
889 2681 1008 2742 alterius
1030 2690 1121 2761 pater.
1165 2683 1199 2745 ln
1220 2683 1381 2752 divi-nrm.

66 2786 169 2848 nitate
190 2799 269 2843 vero
290 2801 351 2844 non
372 2783 425 2856 sic,
447 2785 585 2863 quoniam
608 2802 667 2845 non
690 2783 766 2846 sicut
786 2785 876 2846 homo
894 2782 981 2845 neus.
1024 2783 1112 2846 Pater
1126 2784 1222 2864 itaque
1236 2805 1297 2848 uon

71 2907 111 2950 ex
133 2891 227 2965 patre
249 2891 310 2954 est,
338 2882 463 2964 ideoque
483 2904 545 2946 non
566 2885 658 2964 gignit
679 2903 761 2957 eum,
789 2885 838 2963 qui
866 2886 980 2945 loturus
1003 2885 1042 2946 sit
1063 2884 1183 2948 alterius
1203 2897 1296 2967 pater,

77 3003 183 3068 neque
205 2983 300 3046 Filius
322 3002 391 3064 pars
413 2995 459 3046 est
479 2985 585 3060 Panis,
609 2994 788 3066 quapropter
809 3002 869 3045 non
892 2993 938 3045 est
958 2987 1034 3048 letus
1049 2987 1085 3048 ad
1100 2989 1297 3067 generandum

76 3089 187 3152 filium.
234 3083 318 3148 Unde
345 3086 374 3147 in
402 3086 517 3150 deitate·
537 3087 601 3149 sola
622 3087 710 3149 Pater
736 3085 856 3167 proprie
877 3085 1018 3166 solusque
1044 3097 1127 3168 pater
1155 3071 1226 3153 (turn⁴
1245 3093 1297 3168 sit,

77 3201 129 3254 est
153 3197 185 3252 et
207 3189 263 3250 luit
284 3196 314 3248 et
342 3205 460 3268 semper
481 3190 546 3250 erit.
590 3188 627 3249 Et
647 3187 738 3250 Filius
759 3189 879 3268 proprie
901 3198 930 3250 et
950 3188 1030 3252 solus
1052 3189 1143 3253 Filius
1165 3200 1221 3254 est
1263 3195 1298 3258 ln

77 3296 129 3358 his
152 3291 236 3355 enirn
258 3296 375 3351 constat
395 3289 481 3363 illud,
509 3291 626 3352 Patrem
657 3304 775 3371 semper
794 3289 909 3380 Patrem
932 3300 961 3352 et
981 3287 1085 3353 rutum
1107 3309 1226 3374 semper
1246 3295 1297 3357 ri-

78 3399 153 3460 lium
177 3411 248 3456 esse
270 3410 304 3453 ac
324 3389 396 3465 diei,
425 3391 567 3472 Spiritum
596 3399 727 3454 sanctum
754 3409 871 3470 semper
893 3391 1034 3473 Spiritum
1061 3402 1194 3462 sanctum
1222 3415 1298 3470 esse,

79 3509 112 3562 et
138 3498 222 3560 hune
249 3492 302 3556 Dei
331 3513 398 3556 esse
426 3502 456 3555 et
483 3493 607 3555 aPatre
633 3511 688 3574 per
713 3492 818 3554 Filium
846 3492 908 3554 deri
937 3493 1093 3556 eredimus.
1134 3495 1193 3572 'Sic
1219 3487 1297 3560 euim

80 3609 183 3665 saneta
206 3595 337 3659 Trinitas
358 3593 536 3657 invariabilis
557 3603 725 3675 permanet,
757 3595 787 3656 in
814 3612 870 3657 una
900 3593 1008 3658 deitate
1029 3597 1154 3676 cognita.
1196 3599 1298 3680 ltaque

82 3703 135 3785 qui
156 3702 334 3777 interrogat:
356 3696 473 3776 Ergone
494 3695 586 3758 Filius
609 3706 656 3758 est
676 3695 828 3776 Spiritus?
850 3696 889 3758 ita
907 3697 954 3759 ille
970 3699 1201 3761 comminiscitur
1214 3701 1297 3781 quasi

84 3820 196 3867 nomen
217 3797 326 3861 mutari
347 3797 461 3876 possit,
489 3804 576 3878 atque
603 3815 656 3859 sna
686 3807 792 3877 sponte
819 3798 937 3859 insanit
981 3797 1018 3859 Et
1045 3799 1095 3878 qui
1122 3800 1296 3882 interrogat:

84 3907 203 3983 Ergone
226 3915 298 3960 arus
326 3905 373 3957 est
392 3894 503 3958 Pater?
531 3915 640 3959 nomen
661 3897 741 3958 Patri
768 3897 935 3986 excogitans
966 3906 1044 3958 errat
1066 3899 1164 3961 corde.
1209 3901 1295 3967 Cete-

86 4021 153 4066 rum
175 3999 302 4082 posthac
322 3997 359 4058 ad
380 3997 592 4060 haereticorum
615 3998 824 4079 impudentiam
846 3996 1028 4078 respondere
1049 4018 1109 4062 non
1131 4011 1178 4065 est
1192 4011 1295 4082 tutum,

124 4171 145 4204 ι.
163 4143 357 4215 squaleant
374 4147 466 4198 rodam
499 4149 551 4200 llox
568 4149 630 4201 idam
648 4157 672 4201 ct
755 4153 771 4202 l.
795 4151 835 4202 Sle
852 4151 907 4214 lleg.
926 4153 1057 4216 etSeguer.
1091 4155 1152 4208 Editi
1169 4173 1224 4211 vero
1241 4150 1295 4208 ἀλλ’

90 4225 147 4284 [teg.
165 4214 200 4268 roi
215 4214 325 4283 γενητᾰ.
362 4218 424 4268 Editi
441 4211 476 4266 τὰ
491 4211 616 4282 pausarat.
721 4211 762 4276 οὗ,
782 4218 851 4269 ursle.
886 4220 936 4270 llos
954 4221 1009 4284 ling.
1029 4231 1052 4274 et
1064 4223 1202 4289 Sequeriau.
1218 4225 1295 4294 γοῦν.

118 4293 148 4340 n.
167 4287 263 4340 Gobter.
281 4295 305 4336 et
320 4286 425 4337 Eelclrm.
438 4287 458 4338 l.
475 4285 605 4354 zpsdoiev.
718 4287 779 4338 Editi
798 4273 853 4335 adu.
891 4283 929 4353 [lu
947 4290 1210 4352 mnrgtmsttemortaa
1226 4296 1297 4362 lapsu

127 4375 147 4408 c.
165 4357 220 4420 lleg.
244 4355 341 4417 Seguer.
366 4353 667 4406 contererentur.
718 4357 815 4420 ponitur
843 4369 887 4420 pro
910 4357 987 4408 Thera
1003 4357 1118 4428 Nerion]
1150 4363 1223 4414 Paulo
1241 4372 1297 4428 post

90 4419 297 4542 iyploqubgqiq
314 4415 419 4543 mppr.
430 4499 453 4542 a
469 4489 563 4542 Pomm
584 4491 595 4542 ¹
718 4417 822 4555 itlulpppt
834 4415 1010 4556 ’ἑαέῗῖῃᾱῐωιῑ
1025 4429 1049 4479 io
1064 4429 1142 4492 editis,
1155 4431 1198 4482 sed
1209 4432 1296 4494 legitur

145 4530 150 4542 ι
405 4529 411 4541 Ι
564 4525 571 4542 0
599 4526 606 4541 0
811 4529 817 4542 Ι
938 4511 972 4544 ο·

131 4576 150 4609 e.
167 4561 206 4611 Sic
229 4562 286 4624 lleg.
304 4559 442 4624 Sequerisu.
461 4567 484 4610 et
501 4559 571 4608 Bssll.
606 4559 668 4610 Editi
752 4573 775 4621 g.
791 4554 889 4627 sopior
905 4562 973 4614 deest
989 4563 1012 4614 in
1028 4564 1170 4616 Golrlerirun
1179 4574 1202 4616 et
1210 4563 1295 4616 Eelclt·

97 4619 285 4692 φαντάζονται.
336 4689 339 4696 ¹
719 4628 800 4677 menni
819 4629 840 4678 l.
