3176 5304
235 377 276 442 28
635 391 662 432 ε.
678 389 831 434 υτιιαιευ
846 389 1069 434 ικοοισειεοοει

148 544 343 624 ναιεκυρίου
366 537 425 602 τοῦ
447 537 531 602 θεοῦ
554 557 631 614 σου,
661 535 731 602 νίοί
752 535 826 604 ἐστε
846 541 959 622 κυρίου
981 539 1040 602 τοῦ
1061 539 1146 604 θεοῦ
1168 533 1261 623 ἡμῶν
1269 542 1299 619 ¹).
1344 539 1464 618 καθὼς
1569 608 1575 621 ,

231 642 285 708 καλ
318 638 352 705 έν
385 639 432 725 τῷ
467 627 643 724 εὐαγγελίῳ
672 639 774 724 φησίν
802 631 821 702 ῦ
845 631 1008 722 Ἰωάννης·
1042 632 1120 703 ὅσοι
1148 638 1183 704 δέ
1206 637 1326 724 ἔλαβον
1348 633 1462 721 αῦτόν,
1570 628 1585 729 ¹,

232 741 351 808 ἔδωκεν
374 733 489 817 αύτσῖς
511 737 662 818 ἐξουσίαν
684 743 779 804 τέκνα
799 739 884 803 θεοῦ
899 741 1103 823 γενέσθαιλγ·
1127 737 1239 825 έτέραν
1251 739 1288 808 δὲ
1299 741 1461 824 διάνοιαν,

232 837 308 910 καθ’
333 839 374 929 ἣν
391 836 498 907 Ἰσαάκ
520 842 578 906 τοῦ
598 833 751 924 Ἁβραάμ
773 836 862 904 ἐστιν
885 836 957 916 υίὸς
978 841 1033 906 καί
1056 833 1200 926 δ’ίακιῦβ
1213 844 1272 906 τοῦ
1284 837 1391 910 Ἰσαάκ
1405 846 1461 912 καί

235 945 267 1012 ολ
295 941 497 1028 πατριάρχαι
526 944 585 1008 τοῦ
605 935 724 1026 Ἰακώβ.
770 933 864 1006 αάτολ
888 940 924 1008 δὲ
946 939 1029 1008 κατὰ
1050 946 1153 1008 ποίαν
1176 939 1241 1028 ἀρα
1261 943 1386 1012 τούτων
1406 969 1463 1012 νο-

233 1052 390 1131 μίσαντες
412 1039 498 1110 εἶναι
518 1041 576 1108 τὸν
597 1043 655 1109 τοῦ
678 1042 761 1108 θεοῦ
783 1039 865 1121 υίὸν,
889 1044 1028 1108 τοιαῦτα
1042 1045 1119 1128 περὶ
1136 1037 1237 1110 αὐτοῦ
1251 1045 1462 1132 μυθολογοῦ-

236 1169 289 1216 σιν
296 1177 308 1230 ,·
341 1146 401 1226 εἰς,
414 1144 476 1230 γὰρ
497 1141 556 1229 τὴν
579 1137 679 1227 αύεην
701 1135 855 1228 ἀσέβειαν
879 1131 914 1210 εύ
937 1137 1005 1209 οἶδ’
1031 1138 1085 1210 ὅτι
1107 1145 1370 1231 συνδραμοῦνται
1389 1158 1463 1227 τοῖς

235 1251 312 1334 περί
334 1243 504 1330 Εύσέβιον.
550 1243 579 1310 εί
607 1244 668 1328 μέν
697 1233 753 1310 οῦν
782 1243 866 1311 κατά
885 1243 944 1331 τὴν
967 1243 1117 1333 πρώτην,
1148 1241 1216 1314 οἷσί
1237 1246 1304 1316 ελσι
1330 1251 1401 1316 Ι’καλ
1430 1248 1464 1316 οί

236 1349 271 1418 ἐκ
297 1345 503 1432 βελτιώσεως
530 1343 665 1431 τρόπων
688 1344 910 1429 ίπικτώμενοι
928 1345 987 1433 τὴν
1009 1349 1068 1412 τοῦ
1091 1341 1254 1432 ὀνόματος
1272 1348 1384 1436 χάριν,
1406 1352 1461 1416 καλ

235 1447 457 1534 λαμβάνοντες
479 1447 631 1528 ἐξουσίαν
638 1497 647 1527 ,
671 1447 727 1514 ἵνα
748 1447 816 1514 υἱοί
837 1450 922 1514 θεοῦ
945 1453 1119 1534 γένωνται·
1149 1452 1247 1516 τοῦτο
1268 1449 1329 1538 γὰρ
1353 1451 1463 1536 ἔλεγον

234 1543 394 1637 κάκείνου·
418 1543 513 1616 οῦδὲν
536 1549 706 1636 διαφέρειν
727 1543 821 1636 ἡμῶν
843 1547 977 1630 δόξειεν,
1002 1545 1079 1616 οὐδὲ
1099 1551 1277 1638 μονογενὴς
1291 1546 1331 1618 ἀν
1347 1552 1407 1639 ε’ίη,
1428 1552 1464 1632 ἐξ

234 1648 352 1738 ἀρετῆς
378 1655 433 1718 καί
461 1646 561 1729 αὐτὸς
589 1649 731 1734 έσχηκιῦς
758 1649 816 1737 τὴν
843 1653 902 1716 τοῦ
931 1649 1002 1728 υίὸς
1028 1657 1262 1738 προσηγορίαν.
1305 1646 1366 1739 κᾷν
1387 1653 1459 1738 γάρ,

234 1747 280 1832 οῦς
302 1775 398 1840 φασι,
422 1739 655 1839 προγνωσθείς
677 1751 819 1819 λύσεσθαι
840 1755 1001 1832 τοιοῦτος,
1025 1752 1243 1842 προλαμβάηγ
1259 1750 1399 1837 καλάμου
1412 1757 1462 1841 τῷ

234 1860 394 1941 γενέσθαι
423 1855 554 1940 δέχηται
580 1852 619 1920 τό
641 1878 678 1920 τε
700 1850 806 1937 ὄνομα
827 1856 882 1920 καλ
902 1852 961 1939 τὴν
982 1855 1041 1920 τοῦ
1065 1849 1228 1939 ἀκάματος
1250 1853 1364 1935 δόξαν,
1389 1849 1458 1921 ἀλλ’

237 1954 331 2026 οὐδέν
352 1957 473 2022 διοίσει
494 1958 560 2021 τῶν
581 1955 665 2038 μετὰ
686 1953 747 2033 τὰς
767 1953 1164 2040 πράξεις-λαμβανόντων
1186 1954 1225 2020 τὸ
1248 1952 1368 2040 ὄνομα,
1400 1953 1462 2034 ἕως

236 2053 322 2122 οῦτω
342 2058 396 2121 καὶ
420 2050 519 2134 αὐτὸς
540 2055 611 2134 υίὸς
633 2050 719 2122 εἶναι
739 2055 993 2144 μεμαρτύρηται.
1024 2059 1078 2122 καί
1102 2054 1163 2141 γὰρ
1183 2050 1291 2140 ’Λδάμ
1311 2057 1462 2143 προλαμ-

233 2156 343 2242 βάνων
365 2155 423 2244 τὴν
444 2155 554 2242 χάριν,
578 2154 633 2223 καὶ
655 2153 725 2242 ἀμα
746 2160 793 2243 τῷ
815 2162 973 2242 γενέσθαι
994 2157 1108 2236 τεθεὶς
1130 2157 1165 2224 ἒν
1187 2161 1233 2244 τῷ
1256 2159 1459 2244 παραδείσῳ,

149 2253 330 2328 υ.υι.ούδέν
353 2257 515 2346 διήνεγκεν
529 2255 614 2325 οὔτε
635 2261 694 2324 τοῦ
714 2253 824 2340 Ἑνώχ,
855 2256 995 2342 ὅςμετὰ
1015 2258 1132 2344 χρόνον
1154 2261 1211 2344 τῆς
1232 2265 1387 2342 γενέσεως
1409 2251 1463 2325 εύ-

235 2359 418 2446 αρεστήσας
438 2363 573 2445 μετέθη,
598 2356 674 2426 ούτε
694 2361 753 2424 τοῦ
776 2353 967 2426 ἀποστόλου
989 2362 1043 2425 καί
1065 2353 1166 2426 αύτοῦ
1188 2358 1272 2444 μετὰ
1293 2360 1352 2440 τὰς
1374 2360 1463 2447 πρά-

235 2467 302 2544 ξεις
324 2459 528 2548 άρπαγέντος
551 2461 597 2539 εἰς
620 2458 677 2527 τὸν
699 2458 920 2546 παράδεισον,
951 2454 1019 2526 ἀλλ’
1044 2455 1121 2528 ούδέ
1142 2463 1200 2526 τοῦ
1223 2485 1308 2528 ποτε
1329 2463 1460 2548 λῃστοῦ,
1561 2469 1573 2482 “

235 2564 272 2644 ῦς
300 2563 357 2631 διὰ
384 2563 442 2651 τὴν
466 2558 644 2648 ὁμολογίαν
667 2561 864 2647 ἐπαγγελίαν
888 2563 1003 2648 έλαβεν
1026 2557 1127 2642 εύθῦς
1150 2562 1196 2640 είς
1217 2561 1275 2628 τὸν
1298 2561 1461 2648 παράδει-

236 2689 294 2735 σον
317 2666 468 2734 ἀσεσθαι.

322 2774 349 2834 7.
391 2762 484 2832 Ἀλλ’
516 2765 549 2833 ἒν
582 2764 712 2843 τούτοις
744 2764 946 2849 διωκόμενοι·
968 2766 1117 2844 λέξουσιν
1147 2768 1229 2842 ίσως
1259 2762 1461 2842 ἀπολλάκις

235 2870 384 2954 λέγοντες
404 2865 632 2956 ᾐσχύνθησαν·
656 2863 762 2945 οῦτως
784 2867 957 2951 νομίζομεν
979 2866 1038 2933 τὸν
1055 2864 1131 2940 υἱὸν
1153 2867 1256 2934 πλέον
1272 2865 1355 2948 ἴχειν
1370 2865 1463 2951 παρὰ

234 2969 277 3036 τὰ
299 2967 398 3051 ἀλλα,
429 2973 484 3036 καλ
507 2967 564 3036 διὰ
585 2971 683 3034 τοῦτο
705 2971 863 3054 μονογενῆ
886 2969 1059 3054 λέγεσθαι,
1085 2964 1138 3033 ὅτι
1159 2968 1261 3052 μόνος
1281 2969 1341 3052 μὲν
1364 2961 1463 3046 αὐτὸς

235 3066 303 3137 ύπὸ
331 3073 435 3155 μόνον
463 3075 520 3137 τού
542 3073 626 3139 θεοῦ
648 3076 774 3156 γέγονε,
804 3068 845 3136 τὰ
875 3065 907 3134 δ’
933 3067 1017 3135 ἀλλα
1044 3069 1155 3136 πάντα
1184 3065 1276 3155 παρά
1297 3071 1355 3134 τοῦ
1377 3070 1461 3154 θεοῦ

237 3171 293 3240 διὰ
314 3177 373 3238 τοῦ
396 3175 468 3240 υίοῦ
493 3172 639 3258 ἐκτίσθη.
684 3177 736 3250 τίς
759 3167 823 3256 ἀρα
844 3169 964 3257 ταύτην
986 3166 1064 3252 ύμῖν
1086 3169 1144 3255 τὴν
1152 3169 1272 3255 ,μωρὰν
1283 3172 1337 3234 καί
1349 3166 1462 3254 καινὴν

145 3337 149 3346 .
237 3273 389 3341 έπίνοιαν
412 3269 584 3356 ὑπέβαλεν,
609 3273 665 3338 ἵνα
687 3272 819 3358 ε’ίπητε·
842 3269 898 3336 τὸν
920 3273 980 3353 μέν
1003 3269 1075 3336 υἱὸν
1095 3270 1198 3356 μόνον
1209 3265 1461 3353 μόνοςὸπατὴρ

237 3371 447 3460 αῦτούργησε,
470 3371 513 3436 τὰ
536 3368 567 3438 δ’
594 3371 679 3437 ἀλλα
701 3372 813 3439 πάντα
835 3369 892 3438 διὰ
906 3375 965 3437 τοῦ
981 3373 1053 3440 υἱοῦ
1068 3378 1197 3458 γέγονεν
1213 3369 1258 3449 ὡς
1273 3365 1318 3437 δι’
1336 3364 1463 3455 ύπσυρ-

237 3481 313 3563 γοῦ,
349 3474 377 3542 εί
405 3473 465 3556 μὲν
492 3471 553 3557 γὰρ
576 3470 633 3536 διὰ
655 3473 693 3537 τὸ
715 3471 850 3556 κάμνειν
871 3467 1018 3561 ἠρκέσθη
1040 3474 1143 3558 μόνον
1165 3469 1384 3559 αὐτουργῆσαι
1405 3469 1464 3538 τὸν

237 3577 309 3643 υίδν
339 3572 356 3642 ὁ
378 3573 475 3652 θεός,
505 3571 548 3644 τὰ
577 3569 609 3638 δ’
635 3571 719 3642 ἀλλα
742 3567 865 3654 ούκέτι,
900 3569 1017 3660 ἀσεβές
1038 3578 1176 3641 τοιαῦτα
1199 3572 1356 3660 περὶτοῦ
1378 3577 1463 3638 θεοῦ

237 3677 439 3763 λογίζεσθαι,
462 3674 608 3758 μάλιστα
629 3673 705 3752 τούς
728 3671 1080 3754 ἀκούσανταςἩσαίοο
1097 3678 1263 3760 λέγοντος·
1285 3672 1368 3752 θεὸς
1383 3671 1464 3739 αίιύ-

236 3801 322 3857 νιος,
345 3774 429 3855 θεὸς
451 3771 469 3842 ὁ
497 3775 742 3874 κατασκευάσας
763 3774 805 3842 τὰ
827 3773 910 3862 ἀκρα
930 3779 989 3864 τῆς
1010 3779 1082 3862 γῆς,
1112 3771 1149 3842 ού
1172 3775 1342 3854 πεινάσει,
1366 3767 1464 3838 Ιὀῦδὲ

236 3879 407 3960 κοπιάσει,
438 3873 516 3947 οῦδέ
544 3877 633 3946 ἐστιν
656 3876 817 3964 ἒξεύρεσις
838 3881 896 3965 τῆς
918 3877 1117 3966 φρωνησεως
1139 3872 1280 3958 αὐτοῦ’).
1325 3872 1462 3958 καὶγὰρ

235 3982 362 4065 μᾶλλον
386 3975 485 4061 αύτὸς
506 3991 579 4060 τοῖς
600 3983 743 4048 πεινῶσι
765 3979 902 4048 δίδωσιν
926 3979 1026 4064 ίσχύν,
1050 3983 1104 4048 καί
1128 3977 1184 4046 διὰ
1198 3981 1258 4044 τοῦ
1273 3977 1372 4062 λύγου
1388 3969 1465 4040 ‘afi-

236 4085 294 4146 τοῦ
316 4081 393 4160 τοὺς
414 4082 597 4166 κάμνοντας
619 4077 794 4149 ἀναπαύει.
830 4081 858 4149 εί
874 4083 910 4148 δὲ
926 4078 971 4174 ὥς
985 4080 1145 4150 ταπεινὸν
1157 4076 1348 4163 ἀπηξίωσεν
1364 4071 1465 4152 αὐτὸς

307 4272 330 4332 1)
350 4271 443 4322 Denter.
465 4271 505 4332 13,
527 4271 565 4320 19.
585 4279 608 4320 ιι
629 4272 668 4332 14,
689 4272 711 4320 λ,
781 4271 806 4334 2)
826 4273 891 4322 Ιοειι.
913 4273 935 4332 l,
956 4270 994 4320 12.
1065 4269 1092 4329 3)
1111 4268 1164 4316 Εεε.
1179 4265 1221 4325 40,
1241 4263 1282 4313 28.

237 4407 295 4455 bent
310 4397 436 4454 ἐναντίον.
475 4407 519 4456 Hic
536 4421 610 4470 ροιτο
622 4406 699 4466 locun,
718 4408 759 4471 qni
770 4408 824 4456 finis
877 4395 970 4456 αὐτοῦ,
991 4393 1058 4454 ὅσας
1075 4393 1128 4463 lya)
1147 4391 1306 4463 ἐντέλλομαί
1323 4407 1368 4443 σοι
1382 4385 1465 4458 σύμε-

237 4481 274 4522 εει
292 4473 363 4523 ε.13.
383 4481 406 4524 ει
426 4475 516 4523 initium
536 4490 556 4524 c.
579 4475 617 4524 14.
637 4474 825 4532 ὓεσιεεου.,ελε
876 4481 941 4550 γοῦν
966 4467 1056 4516 πολεῖν
1080 4460 1111 4512 τὸ
1130 4459 1214 4514 ”⁶25⁹
1230 4459 1276 4512 ’ml
1293 4458 1325 4510 τὸ
1345 4453 1466 4542 ἆιρξῦῐόν

237 4549 327 4590 nutui:
351 4534 400 4589 ἐὰν
417 4531 533 4605 ἀκούσης
550 4539 598 4599 τῆς
615 4539 712 4606 φωνῆς
728 4533 823 4604 κυρίου
874 4529 1001 4586 εναντίον
1016 4528 1111 4599 κυρίου
1129 4531 1178 4580 τοῦ
1187 4530 1255 4582 θεοῦ
1266 4543 1325 4585 σου,
1338 4543 1394 4578 υιοι
1404 4522 1466 4578 ἔστι

236 4605 285 4658 τοῦ
302 4607 369 4658 θεοῦ
387 4619 453 4663 σου,
479 4599 631 4672 φυλάσσειν
649 4602 698 4660 τὰς
714 4600 825 4658 ἐντολάς
875 4597 969 4667 κυρίου
987 4599 1036 4650 τοῦ
1054 4597 1120 4651 θεοῦ
1138 4593 1225 4666 ῦμιῦν.
1264 4601 1290 4652 si
1308 4600 1466 4650 ουδίινῑιυο-
