3226 5308
533 309 639 354 enarro
655 309 698 354 nr.
715 309 830 353 conam
844 309 979 354 serenos.
1299 301 1360 364 573

488 383 498 406 .
710 395 715 410 ,
785 389 789 402 .

127 465 285 548 proficere
316 480 378 524 non
411 461 555 542 significet
586 463 681 542 ipsam
715 461 896 541 Sapientiam
929 463 1089 542 proficere,
1103 487 1106 500 Δ
1122 465 1174 526 sed
1204 467 1445 530 humanameeu,

130 579 252 632 tantum
274 575 408 630 naturam
430 565 461 626 in
484 583 517 626 ea
539 565 693 646 proficere.
730 563 883 644 Siquidem
906 563 991 628 Iesus
1011 567 1192 648 proficiebat
1214 575 1362 649 sapientie

129 683 162 734 ct
190 674 310 752 pretio,
333 668 379 729 rei
414 668 531 748 potius,
559 675 593 728 ut
621 667 759 747 apposite
787 666 875 728 simui
905 675 934 728 et
956 685 1023 729 vere
1045 668 1214 748 loquamur,
1244 670 1361 749 ipsein

129 773 242 854 seipso
263 767 446 851 proiciebat.
490 767 564 830 Nam
585 768 742 850 Sapientia
765 769 937 850 aedificavit
959 770 1017 832 sibi
1031 771 1157 842 domum,
1180 771 1306 851 fecitque
1327 781 1362 834 ut
1452 765 1458 784 '

127 875 247 936 domus
269 873 300 934 in
322 871 422 952 scipsa
443 873 610 951 proiceret.

225 981 276 1043 53.
321 976 457 1038 Ceterum
480 991 624 1054 quaenam
647 973 694 1034 iiia
717 981 762 1035 est
781 973 972 1053 progressio,
995 977 1092 1054 quam,
1115 975 1157 1036 uti
1180 975 1360 1055 supradixi,

127 1078 232 1158 gratia
254 1083 284 1137 et
305 1075 441 1138 divinitas
463 1075 633 1137 bominibus
656 1095 672 1136 a
695 1075 843 1155 Sapientia
872 1074 1034 1156 impartita,
1063 1077 1213 1140 destructo
1242 1078 1272 1138 in
1300 1077 1360 1140 illis

125 1187 260 1260 peccato
283 1187 314 1240 et
335 1178 523 1258 corruptione
544 1186 668 1258 propter
689 1177 823 1257 ipsorum
845 1196 910 1238 cum
926 1195 1013 1240 came
1029 1178 1116 1240 Verbi
1139 1179 1361 1242 similitudinem

127 1291 162 1344 et
195 1279 429 1360 cognationem?
464 1281 507 1342 lta
541 1280 619 1341 enim
652 1298 778 1359 corpore
810 1288 904 1342 aetate
932 1281 1141 1342 crescentein
1170 1281 1220 1342 iiio
1242 1299 1361 1360 quoquc

125 1383 291 1446 crescebat
304 1383 400 1445 maior
414 1382 574 1444 divinitatis
590 1381 755 1462 explicatio,
772 1381 969 1462 omnibusque
984 1377 1202 1456 ostendebatur,
1219 1384 1360 1464 templum

122 1486 191 1550 Dei
218 1486 318 1566 ipsum
346 1503 414 1546 esse
444 1493 473 1546 et
500 1483 592 1547 Deum
621 1503 687 1546 esse
716 1484 905 1564 incorpore.
950 1485 1036 1558 Quod
1060 1485 1086 1548 si
1108 1485 1197 1548 rixari
1218 1486 1308 1552 veiim
1328 1485 1360 1546 in

125 1609 185 1662 eo,
208 1588 288 1668 quod
312 1579 440 1650 Verbum
461 1604 533 1650 aare
555 1589 671 1666 sactum
692 1586 776 1648 lesus
800 1585 840 1648 sit
866 1587 1044 1667 appellatus,
1074 1587 1110 1649 ad
1140 1567 1266 1668 eumqrie
1288 1588 1444 1664 illudnpoa.

126 1691 248 1754 dictum
276 1690 459 1771 prefin'ebct
484 1690 630 1762 referant,
664 1688 786 1774 audiant
811 1706 907 1768 neque
936 1708 969 1750 ea
998 1707 1030 1752 re
1053 1689 1186 1751 imminui
1208 1699 1358 1769 paternam

128 1795 250 1866 lucem,
279 1811 354 1872 quae
375 1791 467 1852 Vilius
490 1791 553 1870 ipse
575 1799 631 1852 est.
674 1791 783 1852 Verum
805 1789 834 1851 id
855 1809 961 1854 rursus
983 1793 1128 1864 ostendit,
1149 1791 1277 1854 Verbum
1300 1792 1357 1853 bo-

116 1893 248 1964 ¹minem
271 1913 339 1956 esse
359 1895 468 1956 iactum
489 1911 649 1973 veramque
671 1911 789 1955 carnem
810 1893 961 1955 babuisse.
995 1893 1088 1968 Unde,
1111 1893 1359 1974 quemadmodum

132 1997 265 2060 diximus
287 2013 354 2058 eum
376 2013 463 2058 carne
486 2014 610 2076 passum
633 2014 717 2069 esse,
741 2009 836 2058 'came
865 1996 1025 2070 esuriisse,
1054 2015 1141 2058 carne
1170 1995 1358 2074 defatigatum

133 2117 214 2174 esse,
235 2098 276 2160 ita
299 2105 329 2159 ct
349 2098 457 2160 merito
481 2097 599 2177 quidem
622 2097 769 2159 affirmare
785 2097 853 2158 iicet
867 2117 933 2160 eum
950 2115 1038 2160 carne
1052 2098 1226 2178 proiecisse.
1258 2099 1360 2177 Neque

135 2201 285 2262 animilia
307 2201 549 2280 qualemcumque
571 2199 698 2262 diximus
722 2200 895 2279 progressio
916 2199 1020 2274 fiebat,
1049 2200 1134 2281 quasi
1156 2200 1282 2262 Verbum
1306 2219 1359 2261 cx-

134 2304 284 2366 trinsecus
307 2303 457 2377 existeret,
484 2301 536 2364 sed
558 2302 589 2363 in
610 2301 660 2364 ilio
684 2310 747 2362 erat
768 2310 798 2362 et
820 2302 885 2364 eius
908 2301 1015 2364 dicitur
1037 2321 1105 2365 caro
1128 2303 1303 2382 preficiens,
1325 2310 1359 2364 ut

136 2405 246 2468 scilicet
273 2405 426 2468 bominum
454 2423 634 2486 progressus
663 2412 788 2484 propter
817 2405 951 2485 ipsorum
980 2425 1046 2468 cum
1068 2403 1165 2468 Verbo
1188 2404 1359 2466 societatem

139 2506 252 2567 stabilis
278 2517 385 2586 posset
410 2523 612 2586 perseverare.
656 2505 718 2568 Nec
739 2525 810 2586 erge
834 2507 961 2570 Verbum
987 2507 1177 2588 proficiebat,
1207 2525 1261 2568 nec
1290 2524 1358 2568 caro

142 2611 204 2664 crat
224 2604 387 2691 Sapientia,
417 2608 469 2670 sed
498 2627 567 2671 carc
596 2609 671 2670 iacta
700 2616 746 2670 est
767 2608 933 2688 Sapientiae
962 2629 1080 2690 corpus.
1125 2609 1286 2692 Quocirca,
1315 2607 1370 2678 uti,

141 2705 305 2780 docuimus,
327 2725 387 2768 uon
409 2709 557 2790 Sapientia
578 2717 724 2790 mannus
741 2719 788 2772 est
802 2710 950 2791 Sapientia
972 2712 1035 2791 ipsa
1057 2731 1111 2792 per
1133 2711 1262 2791 seipsam
1283 2728 1357 2789 pre-

139 2807 265 2881 iiciebat,
289 2808 342 2869 sed
365 2807 428 2870 scia
448 2811 616 2874 humanitas
632 2811 663 2872 in
678 2813 827 2892 Sapientia
841 2811 1023 2894 proficiebat,
1046 2813 1202 2874 humanam
1218 2812 1358 2893 paulatim
1380 2851 1384 2858 -

137 2909 351 2972 transcendens
382 2917 533 2986 naturam,
567 2905 664 2976 divina
695 2915 810 2977 reddita
842 2915 998 2994 ipsiusque
1026 2913 1193 2994 Sapientiae
1224 2916 1299 2975 iacta
1329 2919 1359 2973 et

137 3009 278 3074 omnibus
301 3029 446 3092 apparens
469 3013 710 3090 instrumentum,
738 3035 797 3095 que
824 3015 860 3078 ad
882 3015 1026 3096 agendum
1048 3024 1078 3078 et
1099 3017 1270 3080 eludendum
1292 3015 1358 3093 ipsa

135 3121 271 3176 uteretur
299 3113 444 3176 divinitas.
488 3113 564 3180 Hinc
594 3135 778 3197 nequaquam
805 3115 893 3179 dixit:
927 3116 1054 3180 Verbum
1081 3117 1268 3198 proiciebat,
1303 3115 1356 3178 sed

133 3217 238 3289 lesus,
272 3217 351 3297 quod
382 3215 499 3296 quidem
522 3236 632 3290 nomeu
653 3220 797 3306 Dominus
819 3221 911 3282 iectus
933 3219 1023 3282 hemo
1046 3220 1173 3300 accepit3
1204 3221 1243 3282 ita
1265 3228 1298 3283 ut
1319 3219 1356 3282 ad
1452 3249 1455 3258 ¹

133 3318 291 3380 humanam
321 3325 454 3382 naturam
484 3339 664 3402 progressus
695 3323 745 3386 iiie
771 3323 917 3404 pertineat
943 3341 980 3386 eo
1006 3342 1064 3404 quo
1086 3341 1176 3402 supra
1197 3321 1356 3402 explicavi-

132 3439 199 3482 mus
222 3421 323 3484 modo.

168 3607 184 3657 i.
203 3607 243 3688 Sic
262 3623 320 3659 mss.
355 3610 382 3660 ln
400 3609 505 3661 editions
524 3619 603 3662 antem
623 3611 715 3663 Comae.
803 3614 825 3664 b.
844 3614 900 3676 fleg.
920 3613 943 3664 t.
961 3621 985 3664 at
1001 3613 1141 3678 Sequerian.
1160 3606 1206 3662 διὰ
1223 3605 1299 3662 τοῦθ’
1320 3607 1356 3668 aie

133 3675 202 3726 deest
219 3689 270 3726 οτι.
304 3677 356 3727 btox
380 3677 435 3740 fleg.
456 3679 477 3728 1.
502 3679 601 3742 Sequar.
620 3681 716 3731 Gobter.
767 3681 908 3748 προεῖπον.

133 3751 156 3794 et
178 3743 284 3794 Feicim.
304 3745 325 3794 1.
351 3737 365 3794 i
398 3739 469 3824 'pace
495 3739 590 3814 σάρκα.
625 3749 669 3798 diii
694 3757 717 3798 at
802 3751 817 3798 i.
835 3749 875 3798 Sic
892 3757 993 3814 uterquc
1014 3749 1071 3811 leeg.
1095 3748 1196 3809 Sequar.
1214 3748 1355 3800 Sosibiu-
1396 3747 1403 3756 '

132 3811 205 3862 editio
224 3811 341 3862 cunensi.
360 3757 569 3880 ξορείσᾶρκα,
767 3817 821 3879 giic
841 3816 939 3867 Gobier.
956 3825 980 3865 et
997 3817 1101 3866 i'eictrm.
1115 3816 1136 3864 i.
1172 3819 1199 3865 dt
1217 3818 1240 3866 in
1258 3817 1313 3867 aliis
1332 3825 1356 3868 at

129 3913 554 4048 sutf‘uatennun
570 3915 673 4033 true
692 3923 717 4034 a
767 3883 1356 4034 etf'tt‘t‘stsynnemenon

130 4049 201 4098 epm,
220 4047 295 4098 deest·
331 4049 420 4100 qqum
445 4051 502 4114 ΗΘΒ.
522 4051 544 4100 1.
568 4057 591 4100 eq
614 4051 713 4114 Smer·
766 4017 830 4083 quod
855 4019 893 4068 bre
917 4019 957 4068 aiu
982 4027 1004 4068 et
1023 4019 1078 4067 adut
1099 4017 1201 4078 babent,
1228 4022 1271 4070 aed
1291 4023 1353 4071 inira

129 4109 254 4166 ἔπεϊνασε
271 4125 294 4166 et
311 4109 412 4168 laento.
449 4119 506 4168 trem
533 4117 603 4168 iidem
623 4127 646 4168 et
665 4120 714 4170 Go-
765 4094 926 4150 ²¹¹⁰⁵P⁰¹¹¹¹¹¹⁸
950 4092 1005 4151 ⁹⁰⁸¹
1027 4077 1164 4168 ῳαμψν,
1181 4079 1280 4148 “V'Vie
1299 4090 1353 4168 „ibi”

130 4185 231 4235 bierian.
249 4199 278 4234 ac
296 4181 490 4237 &irimberti
506 4183 588 4234 τοῦτο
606 4177 716 4240 εἰκότως
767 4155 870 4218 ΜΨ
897 4155 985 4204 h'bffl
1009 4166 1054 4202 ’ω’
1078 4169 1250 4223 Vm'VWW
1272 4167 1351 4213 mi»

130 4243 165 4298 ἂν
181 4248 297 4318 urm,
317 4247 397 4322 σαρκὶ
413 4250 587 4319 nemum·
625 4246 715 4306 hisdem
767 4223 808 4272 nbi
826 4223 867 4272 aiii
885 4231 908 4272 at
927 4223 983 4274 editi
1002 4223 1105 4289 φαῖνον
1118 4217 1148 4274 ἐν
1164 4223 1240 4276 πᾶσι.

129 4321 312 4445 gqpppfflflpg
331 4315 715 4443 ngqqiigpq'qdfigip
767 4358 795 4408 u
812 4361 884 4410 tom
902 4369 926 4410 o
944 4361 1000 4411 taes
1019 4353 1084 4410 aaa
1098 4351 1209 4422 ’mon

312 4427 319 4439 ·
452 4428 458 4440 ’
581 4429 630 4444 ·“
708 4430 714 4443 ·
801 4427 817 4476 Ι.
836 4429 891 4492 itaq.
913 4429 935 4477 l.
961 4439 984 4480 et
1008 4430 1107 4492 Sequor.
1132 4423 1218 4494 ὥςπερ
1243 4424 1288 4477 καὶ
1312 4421 1351 4478 ἐν.

126 4445 263 4594 qi‘qqioqei⁸
281 4449 402 4582 ἔξῗῖἰενν.
439 4459 517 4511 Editio
542 4461 657 4513 Cemmei.
683 4451 714 4508 οὐ
766 4495 1027 4617 ffl‘ssc‘fflmm'
1046 4501 1068 4549 ¹.
1086 4489 1172 4562 “qm
1191 4491 1228 4546 ἐν.
1262 4497 1307 4548 ΑΜ
1325 4502 1350 4544 οι

801 4291 824 4340 b.
842 4293 882 4342 Sic
900 4292 955 4354 itaq.
976 4292 998 4341 i.
1025 4293 1124 4343 Gobier.
1153 4301 1176 4344 et
1202 4294 1307 4346 iniciat.
1328 4294 1352 4343 i.
