3162 5308
253 365 315 429 684
649 376 675 420 ε.
691 375 843 420 ιταειιιευ
857 375 1080 420 ιααιιῐκοιεοονι

129 609 132 619 λ
168 528 309 614 καινὴν
330 522 420 613 ήμῶν
441 525 619 602 τελείωσιν,
643 522 676 591 ἐν
698 512 719 611 ἧ
742 525 903 611 συνῆπτεν
923 521 1010 610 ἡμᾶς
1031 524 1136 610 ἐαυτῷ
1158 521 1215 590 καὶ
1230 516 1270 588 δι’
1289 522 1433 590 ἑαυτοῦ
1457 529 1525 611 τῷ

251 633 368 714 πατρί,
400 625 562 711 ἐντούτῳ
585 627 790 712 συμπληρῶν
814 624 1010 714 παρήγγειλε
1030 636 1102 703 τοῖς
1122 631 1308 709 μαθηταῖς·
1331 640 1522 712 ’πορευ-

251 735 366 808 θέντες
397 726 629 812 μαθητεύσατε
655 727 831 795 πάντατὰ
854 727 952 814 ἐθνη,
985 727 1201 812 βαπτίζοντες
1222 720 1343 805 αύτούς
1368 727 1438 806 εἰς
1469 729 1518 795 τὸ

252 829 357 915 όνομα
377 833 434 896 τοῦ
458 827 584 916 πατρὸς
605 833 658 895 καὶ
682 833 740 896 τοῦ
764 829 835 915 υἱοῦ
857 827 913 896 καὶ
933 831 991 895 τοῦ
1008 823 1102 914 ἁγίου
1117 827 1306 913 πνεύματος
1314 833 1345 908 ¹),
1372 828 1515 916 ἐπαγ-

237 928 440 1018 γειλάμενος
462 931 498 998 δὲ
514 935 527 972 ¹²
535 926 648 1009 αὐτοῖς
670 927 751 997 αότὸ
766 937 913 1016 πέμψειν
929 930 1142 1018 παρήγγειλα
1155 925 1226 998 ἀπὸ
1237 926 1514 1018 Ἰεροσολύμων
1570 981 1571 1030 η

251 1033 296 1122 μή
327 1034 573 1119 χωρίζεσθαῶ),
603 1035 656 1098 καὶ
686 1029 762 1117 μεθ’
786 1029 909 1119 ἡμέρας
931 1027 1041 1118 ὀλίγας
1064 1033 1096 1100 έν
1118 1036 1164 1118 τῷ
1188 1034 1512 1119 συμπληροῦσθαι
1570 1033 1571 1122 ή

251 1135 309 1224 τήν
330 1131 452 1222 ἡμέραν
474 1137 532 1219 τῆς
553 1137 775 1222 πεντηκοστῆς
795 1125 879 1219 ἦσαν
900 1133 1022 1213 πάντες
1044 1131 1145 1219 εὁμσῦ
1168 1133 1280 1200 ἐπλτό
1295 1129 1405 1202 αότό·
1437 1136 1511 1202 καί

253 1236 377 1323 ἐγένετο
400 1234 495 1323 ἅφνω
517 1235 552 1304 ἐκ
571 1239 629 1302 τοῦ
652 1231 791 1321 ούρανοῦ
806 1226 891 1323 ήχος,
915 1233 1023 1321 ὥςπερ
1040 1241 1221 1324 φερομένης
1231 1239 1338 1322 πνοῆς
1346 1243 1501 1322 βιαίας,

165 1361 169 1370 ’
251 1338 307 1406 καὶ
329 1337 516 1427 ἐπλήρωσεν
538 1334 615 1404 ὅλον
636 1337 694 1405 τὸν
716 1333 814 1417 οἷκον,
839 1328 878 1404 οὗ
898 1328 981 1425 ἦσαν
1002 1337 1194 1425 καθήμενοι.
1231 1342 1286 1406 καὶ
1302 1335 1501 1428 ὤφθησαν
1570 1379 1571 1418 η

252 1436 365 1519 αὐτοῖς
388 1439 653 1528 διαμεριζόμεναι
673 1441 821 1526 γλῶσσαι
843 1435 919 1519 ῶςεὶ
939 1440 1045 1527 πυρὸς
1066 1443 1120 1507 καλ
1142 1439 1326 1508 ἆέκόθισαν
1345 1437 1405 1529 ἐφ’
1430 1443 1501 1511 ἕνα

252 1542 388 1610 ἕκαστον
417 1536 539 1610 αότῶν·
570 1545 625 1609 καὶ
653 1539 868 1628 ἐπλήσθησαν
897 1537 1041 1620 όὶπαντες
1068 1540 1255 1625 πνεύματος
1277 1538 1392 1628 ἁγίου,
1432 1547 1495 1611 καὶ

251 1629 390 1731 ῆρξαντο
414 1644 524 1710 λαλεῖν
547 1643 673 1730 ἑτέραις
694 1643 873 1728 γλώσσαις,
902 1641 1017 1722 καθὼς
1037 1641 1076 1708 τὸ
1097 1645 1228 1727 πνεῦμα
1249 1643 1362 1710 ἐδίδου
1388 1639 1495 1712 ἀπο-

252 1750 464 1834 φθέγγεσθαι
486 1741 636 1825 αύτοῖςλ).
673 1745 788 1812 οἐνθεν
810 1735 867 1813 οῦν
888 1747 942 1812 καὶ
965 1743 1022 1812 διὰ
1042 1746 1101 1829 μὲν
1122 1747 1180 1831 τῆς
1202 1744 1396 1826 ἐπιθέσεως
1413 1751 1489 1814 τῶν

249 1851 367 1934 χειρῶν
387 1851 454 1915 τῶν
476 1841 671 1914 ἀποστόλων
693 1847 822 1914 ἐδίδοτο
843 1857 916 1926 τοῖς
937 1841 1212 1933 όναγεννωμένοις
1232 1846 1272 1913 τὸ
1287 1851 1430 1932 πνεῦμα
1446 1843 1488 1914 τό

256 1945 388 2035 ῶγιονἿ,
404 1947 549 2035 ’Ἀγαβος
571 1949 607 2014 δέ
627 1973 678 2027 τις
699 1949 944 2038 προεφήτευσεν
967 1948 1000 2016 ἐν
1022 1947 1128 2035 τούτῳ
1151 1950 1269 2034 λέγων·
1290 1949 1374 2017 τόδε
1388 1953 1483 2038 λέγει

252 2050 291 2116 τὸ
319 2054 449 2134 πνεῦμα
476 2049 515 2116 τό
539 2046 676 2136 όγιονλ),
713 2047 789 2118 όδὲ
810 2052 960 2130 Παῦλος·
991 2049 1042 2120 ’ἐν
1064 2040 1091 2136 ᾦ
1113 2046 1198 2134 ὑμᾶς
1218 2049 1257 2116 τὸ
1279 2055 1415 2138 πνεῦμα
1439 2053 1481 2118 τό

254 2148 347 2237 ἅγιον
371 2151 469 2218 ἐθετο
492 2150 705 2233 ἐπισκόπους,
729 2159 919 2237 ποιμαίνειν
940 2152 999 2238 τὴν
1022 2151 1190 2239 ἐκκλησίαν
1212 2155 1272 2218 τοῦ
1294 2157 1409 2235 εθεοῦ,
1434 2151 1475 2238 ἢν

196 2267 204 2278 ·
252 2251 514 2341 περιεποιήσατο
547 2253 604 2320 διὰ
631 2258 689 2322 τοῦ
714 2255 799 2322 ίδίου
822 2255 1006 2340 αλματος“),
1035 2257 1093 2342 τοῦ
1116 2279 1153 2322 τε
1174 2248 1327 2337 εὐνούχου
1345 2263 1473 2340 βαπτι-

254 2361 394 2433 σθέντος
404 2349 534 2441 ἥρπασε
545 2359 676 2440 πνεῦμα
687 2360 816 2443 λκυρίου
827 2355 884 2423 τὸν
898 2359 1073 2423 Φίλιππον
1079 2359 1111 2436 ⁷),
1124 2359 1178 2422 καλ
1189 2363 1318 2441 Πέτρος
1326 2349 1462 2440 ἔγραψὲ·

253 2455 462 2542 κομιζόμενοι
483 2455 521 2522 τό
542 2458 636 2536 τέλος
657 2461 716 2546 τῆς
732 2463 877 2537 πίστεως
892 2464 1055 2545 σωτηρίαν
1071 2461 1194 2544 ψυχῶν,
1218 2461 1297 2543 περὶ
1312 2446 1343 2544 ής
1354 2479 1460 2542 σωτη-

253 2565 328 2646 ρίας
349 2557 540 2646 ἐξεζήτησαν
561 2562 615 2626 καὶ
639 2559 852 2647 ἐξηραύνησαν
873 2564 1047 2648 προφῆται
1068 2559 1101 2626 οἱ
1122 2562 1200 2646 περὶ
1221 2563 1280 2647 τῆς
1302 2559 1348 2638 εἷς
1366 2553 1466 2641 ἱῦμῦς
1570 2631 1571 2638 η

252 2659 386 2749 χάριτος
406 2661 703 2750 προφητεύσαντες,
727 2661 919 2746 ἐρευνῶντες
941 2662 988 2742 είς
1008 2668 1081 2728 τίνα
1096 2655 1117 2747 ῆ
1131 2671 1232 2728 ποῖον
1246 2660 1359 2746 καιρόν
1374 2659 1473 2747 Ιιέόη-
1561 2726 1571 2768 h

169 2766 353 2832 εοωλοῦτο
376 2762 409 2832 ἐν
432 2758 545 2844 αότοίς
566 2767 696 2848 πνεῦμα
706 2765 865 2849 Χριστοῦ,
882 2762 1193 2850 προμαρτυρόμενον
1207 2763 1249 2828 τὰ
1263 2763 1310 2841 εἷς
1321 2761 1470 2854 Χριστὸν
1565 2796 1567 2805 ’

254 2866 442 2955 παθήματα
469 2865 603 2945 καὶτὰς
625 2865 709 2951 μετὰ
728 2868 832 2932 ταῦτα
854 2862 951 2943 δόξας
959 2867 991 2944 ⁸).
1028 2863 1084 2931 καὶ
1105 2860 1123 2931 ό
1144 2866 1204 2949 μέν
1223 2859 1371 2952 Ἰωάννης
1395 2863 1474 2932 ἐπέ-

256 2966 397 3039 στειλεν·
431 2966 465 3036 ἐν
487 2967 593 3056 τούτῳ
610 2968 813 3064 γινώσκομεν
836 2961 889 3032 ὅτι
911 2963 945 3032 ἐν
968 2958 1056 3052 αύτῷ
1077 2971 1216 3050 μένομεν
1237 2968 1290 3032 καὶ
1313 2961 1420 3060 αότὸς
1442 2965 1474 3033 ἐν

253 3068 348 3159 ἡμῖν,
379 3068 432 3138 ότι
459 3069 494 3136 ἐκ
521 3074 580 3138 τοῦ
608 3071 795 3156 πνεύματος
822 3063 921 3136 αὐτοῦ
944 3063 1206 3153 ἐδωκεν-ῆμῖν”),
1236 3062 1312 3134 όδὲ
1333 3070 1475 3144 Παῦλος

254 3173 375 3260 γράφει
393 3169 564 3255 Ῥωμαίοις
584 3179 660 3257 μέν·
681 3169 775 3258 ὑμεῖς
797 3171 833 3238 δέ
855 3165 913 3238 οῦκ
935 3167 1008 3237 ἐστὲ
1030 3168 1064 3236 ἐν
1086 3175 1196 3254 σαρκί,
1220 3163 1287 3236 ἀλλ’
1313 3167 1347 3235 ἐν
1369 3167 1474 3237 πνεύ-

254 3297 349 3356 ματι,
373 3273 468 3356 ε’ύπερ
491 3276 622 3357 πνεῦμα
642 3277 725 3340 θεοῦ
749 3271 847 3339 ὀἰκεῖ
868 3272 902 3340 ἐν
923 3268 1009 3356 ύμῖν.
1048 3270 1078 3338 εἰ
1100 3271 1137 3337 δέ
1157 3296 1209 3349 τις
1230 3273 1362 3354 πνεῦμα
1383 3278 1475 3355 Χρι-

255 3373 335 3440 στοῦ
358 3367 415 3438 ούκ
437 3372 512 3452 ἔχει,
537 3363 633 3449 οὗτος
655 3368 713 3439 οὐκ
735 3375 823 3438 ἐστιν
845 3368 955 3438 αὐτοῦ.
995 3373 1024 3440 εί
1046 3371 1082 3438 δέ
1096 3371 1244 3459 Χριστὸς
1264 3371 1298 3439 ἐν
1319 3368 1410 3455 ὑμῖν,
1434 3371 1474 3438 τὸ

252 3473 312 3557 μὲν
335 3474 431 3556 σῶμα
452 3469 567 3553 νεκρόν·
588 3466 629 3535 δι’
653 3467 824 3556 ἁμαρτίαν,
847 3471 886 3536 τὸ
902 3474 938 3536 δέ
954 3476 1083 3554 πνεῦμα
1099 3472 1163 3574 ζωή
1179 3473 1236 3540 διὰ
1250 3474 1473 3564 δικαιοσύνην.

255 3573 284 3642 εί
306 3571 341 3638 δὲ
363 3570 401 3637 τὸ
424 3572 554 3652 πνεῦμα
575 3573 634 3635 τοῦ
655 3570 864 3656 ““έγείραντος
883 3565 1005 3657 Ἰησοῦν
1027 3571 1110 3640 οίκεῖ
1131 3573 1165 3642 ἐν
1186 3572 1279 3660 ὑμίν,
1303 3571 1321 3643 ό
1344 3575 1475 3663 ἐγείρας

252 3661 400 3760 Χριστόν
418 3665 540 3756 Ἰησοῦν
562 3669 596 3737 ἐκ
618 3673 736 3756 νεκρῶν
759 3668 958 3756 ζωοποιήσει
978 3675 1031 3739 καὶ
1047 3673 1089 3742 τὰ
1103 3675 1211 3765 θνητὰ
1226 3676 1363 3761 σώματα
1377 3673 1474 3762 ὑμῶν

254 3775 310 3844 διὰ
336 3777 394 3841 τοῦ
423 3773 625 3854 ἐνοικοῦντος
647 3769 746 3844 αὐτοῦ
768 3771 954 3859 πνεύματος
976 3773 1010 3843 ἐν
1032 3770 1109 3862 ύμῖν
1119 3782 1165 3860 ¹⁰),
1193 3785 1391 3866 Κορινθίοις
1413 3781 1472 3848 δέ·

323 3949 566 4011 1)ΜαιιΙι.28,19.
637 3949 729 4010 θέλει.
750 3949 813 4010 1,4.
883 3949 1110 4014 3)Acn.2,1-4.
1179 3952 1314 4015 4)λιι.8.
1335 3952 1372 4003 17.
1444 3953 1469 4007 5)

253 4018 422 4079 Αιι.21,ίί.
491 4018 702 4079 machmas.
771 4019 796 4080 ⁵1)
813 4019 863 4068 Act.
883 4019 906 4081 8,
926 4019 967 4072 39.
1036 4020 1061 4082 8)
1081 4022 1103 4071 1.
1122 4021 1183 4071 Ραιτ.
1205 4021 1227 4082 1,
1246 4021 1338 4071 9-11.
1397 4019 1424 4082 9)
1448 4022 1470 4072 1.

253 4087 320 4136 loun.
337 4086 362 4144 4,
382 4087 420 4136 1³.
491 4087 532 4147 10)
550 4089 617 4138 Rom.
636 4087 661 4148 8,
679 4087 771 4138 9-11,

286 4219 308 4254 ι.
328 4204 392 4266 Regii
411 4209 543 4266 ειδιςυει.
561 4205 700 4270 μαθηταῖς
716 4202 766 4254 τοί·
784 4219 834 4253 πο·
880 4202 1054 4274 πληροῦσθαι
1071 4217 1115 4258 ιιι.
1314 4236 1316 4248 ·

252 4267 392 4338 ρενθέντςε
409 4281 453 4322 ιιι.
566 4326 569 4332 ,
916 4291 936 4326 ι.
956 4277 1010 4336 fleg.
1028 4276 1049 4323 1.
1067 4277 1166 4338 Seguer.
1177 4275 1273 4327 comer.
1292 4284 1316 4327 ει
1327 4275 1433 4326 Felekm.
1444 4275 1464 4324 1.

287 4340 309 4389 b.
329 4341 384 4402 fleg.
394 4341 414 4388 l.
433 4340 603 4400 ιῑὸιςιιειίυυ.
617 4339 675 4392 τοῖς
684 4339 830 4404 μαθηταῖς.
882 4335 1070 4408 όμοθυμαδόν.

252 4408 316 4458 Haec
333 4418 410 4458 autem
429 4406 498 4457 verbu
515 4398 740 4472 ἐπαγγειλάμενος
757 4423 833 4471 usque
879 4417 880 4424 ’
915 4411 936 4458 d.
957 4409 1159 4472 Ιὶες.1.ει8εςυ,
1177 4403 1371 4477 ἐκάθισεν,ἠυί
1392 4413 1465 4462 iidem

253 4477 282 4526 ad
299 4468 360 4543 μεθ’
380 4468 481 4542 ἡμέρας
499 4465 591 4538 ὀλίγας
608 4477 719 4525 omittunt
737 4475 833 4528 Βούλει.
882 4489 936 4526 mox
952 4471 1058 4529 πάντες.

254 4553 277 4594 ει
294 4547 396 4595 Felckm.
418 4547 439 4596 ί.
461 4557 562 4608 quorum
581 4543 635 4594 loco
653 4543 730 4593 ιοΙιιυ
749 4546 833 4608 partic.
917 4559 938 4592 ε.
957 4545 1043 4605 nem.
1055 4546 1187 4608 εῑὸεςαυι.
1204 4539 1284 4596 ἔνθεν
1299 4540 1398 4595 λοιπόν
1413 4539 1465 4612 μὲν

251 4614 299 4661 καί
315 4615 360 4666 λοι
378 4614 449 4664 modo
469 4612 568 4662 habent:
592 4603 637 4660 καὶ
660 4603 689 4662 ἐν
713 4609 750 4677 τῷ
768 4623 833 4678 συμ-
883 4605 928 4659 διὰ
948 4609 994 4672 τῆς
1009 4620 1053 4662 ele.
