3162 5308
476 1172 518 1263 s.
550 1159 832 1263 ammosa
859 1122 1261 1274 ,inefflansaom

720 1326 1009 1437 masmana
1217 1353 1220 1366 ·

634 1479 695 1540 AD
731 1478 1089 1542 SERAPIONEM.

706 1690 1009 1700 —ss-

740 1869 985 1928 MONITUM.

169 2043 244 2086 noas.
338 2019 361 2080 1.
409 2017 493 2092 Qnaa
519 2029 688 2100 seponatur
716 2007 935 2086 &athanasii
968 2020 1007 2080 ad
1034 2017 1231 2099 Serapionem
1261 2017 1470 2086 Tiauitanass

252 2119 434 2200 Episcopum
454 2119 624 2202 Epistolae,
653 2123 799 2183 invitante
821 2132 850 2183 et
870 2123 1028 2200 tiapitanta
1049 2124 1115 2200 ipso
1138 2119 1303 2201 Sarapim
1323 2141 1345 2184 a
1364 2135 1468 2186 sanda
1490 2197 1491 2202 γ

252 2222 382 2286 Doctore
404 2225 437 2282 in
458 2241 557 2285 eremo
580 2227 768 2304 conscriptae
790 2233 870 2294 sant,
892 2234 927 2286 nt
949 2239 987 2284 en
1006 2225 1106 2304 prima
1125 2231 1212 2302 patet
1225 2221 1364 2303 Epistola
1383 2245 1463 2287 naar.

254 2325 281 2386 1.
305 2333 335 2387 et
356 2325 417 2395 33„
440 2333 468 2386 et
490 2325 605 2405 quidem
622 2334 695 2404 post
718 2325 880 2388 Oratioms
904 2337 1011 2388 contra
1033 2323 1173 2393 Arianos,
1199 2335 1235 2387 at
1257 2329 1396 2386 conicere
1415 2335 1460 2386 eat

251 2444 290 2487 eta
311 2425 356 2488 isis
376 2429 492 2505 primae
513 2425 666 2506 Epistolae
688 2427 788 2488 aeriis
802 2445 884 2489 nam.
900 2429 947 2490 2:
969 2423 1034 2488 acia
1055 2423 1115 2506 pair
1137 2411 1195 2488 οὖν
1214 2414 1454 2508 &tesmonia

251 2517 423 2608 ἀλλότριον
455 2526 510 2590 καὶ
542 2526 638 2590 τοῦτο
667 2522 855 2612 ἐνθύμημα,
888 2521 980 2604 ἅπαξ
1005 2522 1067 2610 γὰρ
1094 2517 1288 2610 ἀρνούμενοι
1315 2521 1369 2588 τὸν
1395 2524 1455 2588 nair

249 2627 333 2692 θεοῦ
355 2625 451 2712 λόγον
479 2623 611 2703 εἰκότως
637 2624 678 2692 τὰ
700 2620 859 2693 αὐτὸκαὶ
879 2625 963 2692 κατὰ
982 2628 1040 2692 rai
1061 2624 1248 2710 πνεύματος
1269 2618 1365 2710 ar’spad
1388 2623 1463 2704 tag-

115 2791 117 2798 .
250 2729 413 2814 φημοῦσι·
443 2725 496 2794 διὸ
516 2729 569 2794 καὶ
591 2720 629 2793 οὗ
648 2726 708 2814 χρὴ
730 2729 831 2794 πλέον
853 2753 886 2794 re
908 2727 994 2815 πρὸς
1015 2723 1134 2806 αὐτοὺς
1156 2726 1273 2806 εἰπεῖν,
1297 2721 1389 2812 ἀρκεῖ
1402 2725 1463 2814 pdrp

248 2828 291 2898 τὰ
311 2828 379 2915 πρὸ
400 2828 525 2896 τούτων
547 2829 698 2916 εἰρημένα
718 2824 785 2896 κατ’
810 2823 945 2921 αὐτῶν..
970 2834 1071 2912 itaqua
1085 2830 1261 2893 Asianorum
1275 2830 1397 2912 quiden
1408 2852 1467 2894 aa·

250 2953 394 3014 quaquam
421 2934 515 2997 aliena
548 2943 593 2996 est
614 2934 784 2997 huiusmodi
806 2935 961 2996 sententio.
1006 2933 1165 3012 Postquam
1193 2933 1271 2994 eadat
1299 2934 1392 2994 mmai
1413 2933 1467 2996 [iai

249 3036 377 3098 Verbum
399 3055 507 3116 negare
529 3036 594 3098 ausi
618 3044 702 3111 sunt,
730 3036 835 3098 metito
866 3037 965 3100 eadam
988 3053 1104 3115 ossaque
1126 3034 1162 3095 de
1185 3034 1250 3095 aias
1272 3034 1386 3114 Spiritu
1406 3037 1467 3097 im·

249 3138 297 3216 pie
318 3139 510 3201 mentiuntur.
554 3138 699 3212 Quocirca
722 3157 778 3202 nec
798 3139 881 3220 plura
903 3138 1044 3200 adversus
1059 3137 1125 3198 illos
1145 3153 1268 3196 necessa
1282 3144 1329 3198 ast
1351 3137 1464 3200 diaeta:

249 3255 319 3298 nam
340 3237 411 3300 satis
435 3258 502 3302 esso
524 3239 650 3312 debent,
676 3259 750 3319 quas
779 3249 861 3303 antea
892 3247 992 3301 contra
1020 3237 1102 3316 ipsos
1130 3237 1205 3298 dicta
1234 3244 1312 3298 sunt.
1357 3238 1396 3301 In
1417 3239 1466 3301 isis

249 3342 347 3417 itapae
367 3339 512 3420 Epistolis
537 3350 644 3402 contra
665 3343 809 3419 quasdam
831 3342 964 3421 disputat
981 3340 1013 3402 S.
1030 3337 1225 3414 Athanasius,
1247 3341 1299 3419 poi
1318 3339 1355 3402 ai
1372 3341 1467 3402 Aria-

249 3441 297 3500 nis
320 3441 436 3518 qnidam
466 3440 666 3502 discesserant
692 3441 926 3520 fatebantnrpnc
947 3439 1060 3500 Fdiam·
1082 3457 1152 3502 aare
1181 3439 1277 3502 Deam
1303 3437 1383 3514 sssass
1412 3443 1468 3504 sed

249 3539 335 3602 iidem
357 3541 391 3601 de
413 3537 534 3617 Spiritn
555 3547 659 3599 sancto
681 3542 769 3618 impie
790 3540 963 3608 sentiebant,
986 3557 1070 3618 passa
1084 3544 1231 3602 nimirsan
1246 3559 1310 3602 rem
1331 3554 1468 3606 creatam

249 3659 312 3704 essa
333 3639 444 3702 velient
465 3647 494 3700 et
514 3655 608 3716 anam
629 3655 669 3698 eac
690 3638 876 3700 administris
900 3640 1069 3719 spiritibus,
1091 3642 1214 3722 soiapne
1233 3643 1331 3720 prada
1348 3643 1384 3704 ab
1399 3643 1467 3704 An-

247 3740 320 3821 pelis
342 3740 480 3822 differre,
503 3749 538 3802 nt
558 3757 684 3802 namara
703 3741 728 3800 1.
749 3743 866 3819 primae
888 3739 1042 3822 Epistolae
1064 3742 1201 3806 habetor.
1248 3741 1330 3806 Unde
1352 3747 1465 3824 optime

248 3846 291 3905 ait
312 3841 493 3904 Atianasim
514 3841 617 3924 ¹fictam
638 3840 762 3904 illoram
784 3859 846 3904 esse
874 3862 939 3924 cnm
960 3843 1084 3906 Arianis
1109 3863 1258 3924 pnpnam,
1292 3857 1324 3908 at
1351 3861 1463 3906 revera

248 3961 298 4005 eoa
321 3947 392 4023 piae
424 3943 496 4024 fidei
526 3945 695 4006 adversari.
755 3943 918 4026 Utramque
949 3949 1028 4007 enim
1060 3963 1197 4007 errorem
1225 3945 1462 4028 propnpnabant

247 4047 370 4116 Ariani,
397 4054 426 4106 et
448 4045 556 4108 Filiam
578 4045 713 4110 videlicet
734 4055 763 4107 et
785 4043 933 4126 Spiritum
953 4064 1017 4108 rem
1040 4057 1171 4108 creatam
1193 4064 1272 4122 csse,
1305 4051 1354 4109 ati
1372 4045 1463 4108 modo

247 4147 375 4208 vidimus
395 4149 567 4226 passimpne
588 4146 664 4208 aiiii
676 4128 810 4209 declarat
824 4146 857 4208 S.
873 4145 997 4218 doctor,
1020 4147 1107 4209 aerii
1124 4150 1227 4226 pratid
1243 4147 1386 4210 Oratione
1398 4143 1461 4207 ΙΙΙ.

249 4256 356 4310 contra
381 4247 512 4308 Arianos
537 4264 606 4327 pap.
626 4248 697 4309 564.
721 4248 764 4326 [p.
781 4247 855 4310 492.
879 4247 967 4310 inias
989 4247 1047 4324 ed]
1069 4250 1218 4312 nnm.15.
1267 4248 1341 4311 Inde
1362 4257 1464 4309 antem

247 4348 385 4429 effectam
405 4357 459 4418 est,
481 4358 517 4407 nt
537 4345 586 4406 ilii
606 4355 633 4408 et
654 4347 690 4408 ab
712 4345 835 4409 Arianis
859 4349 926 4410 odio
950 4347 1043 4408 itaiiti
1062 4352 1132 4422 st'nt,
1156 4351 1234 4429 qaod
1256 4347 1365 4410 Filiam
1389 4345 1461 4410 acl-

248 4449 310 4512 lent
330 4467 394 4510 cern
416 4455 546 4508 creatam
567 4463 640 4518 esse,
663 4446 904 4527 paenaancaan
925 4465 1007 4509 nom.
1022 4449 1073 4511 32.
1097 4451 1362 4530 eiusdem-primae
1386 4447 1461 4529 Epi-

247 4549 342 4616 staiae
363 4557 528 4618 narrator,
556 4565 610 4609 nec
638 4547 674 4609 ab
700 4547 885 4611 Ortiodoan's
906 4548 1024 4628 inerint
1046 4549 1182 4622 admissi,
1212 4551 1289 4631 qnod
1310 4549 1459 4630 Spiritum
