3162 5308
253 356 314 416 714
426 360 430 370 “
646 369 672 412 ε.
688 367 842 412 numu
856 366 1077 410 ιειειιιεειεσσει
1130 423 1135 432 Ι
1545 417 1546 450 η

167 513 294 590 μειοῦν
316 517 453 597 ε’ίποιεν,
476 511 562 582 ὅπου
584 539 620 600 γε
641 514 696 584 καὶ
716 515 874 598 Σολομῶν
896 509 915 580 6
937 512 1173 598 περισσότερον
1195 513 1329 580 πάντων
1343 517 1478 600 σοφίας

251 615 420 704 μετασχὼν
448 612 534 702 όριῦν
562 611 724 683 ἀδύνατον
753 611 951 702 ἀνθρώποις
977 617 1054 701 περί
1081 613 1206 682 τούτων
1233 610 1338 701 εῦρεῖν
1359 615 1476 700 ἐλεγε·
1545 619 1546 650 ³

154 717 161 732 '
250 725 306 786 καί
332 744 368 805 γε
394 717 571 802 σύμπαντα
598 715 655 784 τὸν
684 716 789 784 αἰῶνα
818 716 935 784 ἐδωκεν
958 715 992 784 ἐν
1013 716 1131 804 καρδίᾳ
1152 710 1274 796 αύτῶν,
1304 711 1399 795 ὅπως
1423 715 1476 801 μὴ

249 817 326 908 εῦρη
350 817 533 905 ἅνθρωπος
553 817 592 886 τὸ
614 823 752 906 ποίημα,
777 817 796 885 6
818 817 974 906 ἐποίησεν
996 812 1015 884 6
1033 815 1117 897 θεὸς
1138 812 1195 886 ἄπ’
1219 811 1318 904 δρχῆς
1339 820 1392 884 καί
1407 824 1478 902 μέ-

248 947 303 1008 χρι
322 923 474 1004 τέλοος“).
512 910 560 1007 ἆρ’
585 909 643 987 σύν
666 915 738 988 ἐπεὶ
760 918 804 1004 μὴ
827 917 983 988 δύνανται
1004 915 1145 1005 ἐόρεῖν,
1176 914 1252 986 σύδέ
1274 913 1359 986 εἶναι
1380 915 1475 986 ιτύτὰ

251 1020 465 1110 ὁμολογοῦσι,
494 1027 547 1090 ναί
571 1018 829 1108 ὁμολογήσουσιν
851 1019 1063 1109 ἐφθαρμένην
1085 1021 1211 1104 ἔχοντες
1231 1020 1289 1107 τήν
1304 1020 1476 1088 διάνοιαν.
1545 1087 1546 1112 η

160 1163 165 1170 ·
248 1121 365 1196 ούκοῦν
388 1124 520 1204 είκύτως
540 1121 582 1194 όν
603 1149 655 1202 τις
677 1118 790 1202 αὐτοῖς
812 1123 921 1192 ε’ίποι·
944 1113 971 1190 τό
994 1117 1129 1211 ύνόητοι
1148 1123 1204 1192 καὶ
1217 1122 1329 1191 πάντα
1342 1125 1476 1209 τολμη-
1544 1161 1545 1182 1

248 1235 318 1315 ροί,
290 1227 398 1298 ίδιά
418 1233 452 1296 τί
471 1226 516 1314 μὴ
537 1227 662 1311 μᾶλλον
685 1223 803 1292 ἐπὶ
763 1249 822 1311 της
842 1220 938 1310 άγίας
958 1223 1094 1312 τριάδος
1115 1225 1268 1294 παύεσθε
1289 1249 1473 1313 περιεργα-

250 1330 396 1418 ζόμενοι,
417 1331 471 1398 καλ
493 1327 593 1413 μόνον
615 1322 851 1426 ι’πιοτεύευε”
831 1351 884 1394 οτι
905 1325 1010 1407 ἐστίν,
1035 1327 1162 1410 ἔχοντες
1183 1325 1230 1406 εἰς
1250 1329 1347 1394 τοῦτο
1364 1327 1475 1394 διδά-

250 1435 369 1502 σκαλον
395 1429 453 1500 τὸν
482 1426 670 1498 ἀπόστολον
697 1430 850 1514 λέγοντα·
878 1431 1058 1496 πιστεῦσαι
1078 1428 1140 1515 γὰρ
1161 1428 1214 1496 δεῖ
1234 1431 1369 1516 πρῶτον
1390 1432 1470 1516 θεῷ

249 1532 303 1604 ὅτι
330 1534 401 1602 ἐστι
425 1531 482 1602 καὶ
508 1541 581 1628 τοῖς
608 1531 793 1618 ἐκζητοῦσιν
820 1526 920 1599 αύτὸν
940 1529 1202 1619 μισθαποδότης
1218 1533 1393 1616 γίνεται’),·
1428 1528 1471 1598 ού

248 1637 309 1726 γάρ
337 1640 412 1715 πῶς
440 1634 530 1704 ἐστιν
559 1634 697 1721 εἴρηκεν,
728 1627 811 1702 όλλὰ
831 1630 933 1718 μόνον
955 1628 1008 1700 ότι
1029 1631 1126 1700 ἐστίν.
1165 1632 1194 1700 εί
1217 1633 1253 1700 δέ
1272 1633 1356 1721 μηδὲ
1378 1628 1469 1702 οῦτοι

163 1753 240 1796 m
248 1738 480 1817 καταδύονται,
512 1735 701 1804 εἰπάτωσαν
729 1737 805 1812 πῶς
827 1729 955 1802 ἐστινο
937 1757 956 1800 ο
978 1734 1103 1821 πατήρ,
1134 1729 1174 1801 ἐν’
1199 1730 1305 1814 σῦτως
1324 1734 1467 1819 μάθωσι

247 1844 322 1921 πῶς
350 1840 421 1909 ἐστι
446 1833 545 1906 xal‘
528 1861 546 1904 ο
573 1835 691 1904 τούτου
720 1834 826 1922 λόγος.
863 1830 973 1904 άλλΗ
957 1832 1099 1915 ύτοπον,
1124 1834 1282 1924 φήσουσι,
1305 1839 1385 1922 περὶ
1409 1840 1466 1904 τοῦ

246 1942 374 2030 πατρὸς
396 1938 500 2018 οὕτως
522 1939 656 2025 ἐρωτᾷν.
694 1934 823 2006 ότοπον
846 1927 921 2004 εοῦν
943 1932 1150 2006 ότιονέτωσαν
1170 1937 1320 2024 καὶπερὶ
1334 1943 1394 2006 τοῦ
1410 1939 1464 2006 λδ-

227 2069 304 2133 .γου
327 2039 427 2112 αύτοῦ
451 2038 556 2119 οὕτως
577 2040 711 2127 ἐρωτᾷν.

334 2151 381 2212 19.
425 2145 587 2227 Περιττῆς
609 2144 782 2228 τοιγαροῦν
802 2143 856 2210 καί
872 2142 974 2208 πλέον
987 2145 1109 2226 μανίας
1123 2139 1224 2230 οῦσης
1236 2145 1295 2229 τῆς
1309 2143 1462 2227 τοιαύτης

247 2244 493 2332 ἐπιχειρήσεως,
527 2249 642 2331 μηκίτι
667 2243 806 2310 τοιαῦτά
832 2269 883 2322 τις
904 2242 1074 2330 ἐρωτάτω,
1107 2237 1251 2332 ἢμόνον
1272 2243 1314 2312 τά
1335 2244 1369 2312 ἐν
1388 2255 1458 2323 ταῖς

246 2357 390 2437 γραφαῖς
415 2351 628 2470 μανθανέτω,
656 2342 798 2432 αὐτάρκη
826 2344 888 2431 γὰρ
909 2347 962 2414 καί
986 2344 1137 2414 ἱκανὰ
1101 2371 1143 2413 τα
1165 2346 1234 2414 6³
1241 2345 1372 2440 ταύταις
1387 2353 1448 2412 κεί-

246 2477 328 2537 μενα
350 2450 428 2536 περὶ
449 2446 565 2516 τούτου
588 2448 848 2533 παραδείγματα.
886 2446 973 2536 πηγή
995 2453 1105 2514 τοίνυν
1126 2446 1182 2514 καὶ
1203 2452 1278 2536 φῶς
1301 2429 1446 2534 λίγεταιό

246 2552 440 2676 πητήρψι
403 2549 557 2638 ἐμέγάρ,
581 2555 697 2686 φησίν,
721 2548 934 2635 ἐγκατέλιπον
956 2548 1062 2672 πηγὴν
1084 2545 1204 2628 ῦδατος
1227 2549 1382 2632 ζῶντοςῦ),
1401 2549 1455 2613 καλ

246 2753 311 2841 ⁰265
342 2753 602 2842 ἐγκατέλιπες
569 2781 627 2841 την
650 2753 756 2842 πηγήν
777 2755 835 2842 τής
857 2757 1018 2840 σοφίας),
1042 2752 1097 2820 καὶ
1117 2751 1201 2822 κατὰ
1222 2753 1280 2821 τὸν
1298 2749 1463 2838 Ἰωάννην·
1540 2739 1545 2774 ⁴

68 2933 71 2942 ,
247 2854 408 2939 όθεός“
389 2861 481 2946 ημιῦν
503 2861 575 2945 φῶς
596 2857 668 2926 ἐστι
674 2861 706 2936 ³J.
745 2854 931 2943 λίγεταιδέ
951 2855 1008 2924 καὶ
1030 2853 1049 2921 6
1071 2851 1189 2934 υίὸςτ
1164 2881 1209 2934 ως
1229 2857 1290 2940 μέν
1305 2854 1391 2942 πρὸς
1404 2855 1466 2942 τήν

141 2999 145 3015 ·
246 2961 352 3053 πηγήν
380 2960 550 3046 ποταμός,
581 2955 598 3026 6
626 2958 778 3045 ποταμὸς
802 2957 863 3046 γάρ
893 2961 952 3026 τοῦ
981 2961 1065 3026 θεοῦ
1089 2957 1270 3046 ἐπληρώθη
1292 2954 1466 3040 &dmum

246 3065 331 3154 πρὸς
353 3063 449 3134 δὲτὸ
471 3066 543 3152 φῶς
565 3057 775 3149 ἀπαύγασμα,
799 3063 949 3148 λίγοντος
970 3063 1028 3128 τοῦ
1049 3058 1203 3128 Παύλου·
1227 3057 1264 3138 ὃς
1285 3054 1332 3127 οῦν
1353 3055 1469 3127 δπαύ-

244 3193 355 3255 γασμα
375 3171 433 3254 τῆς
454 3165 551 3253 δόξης
572 3165 628 3232 καὶ
647 3165 808 3254 χαρακτὴρ
830 3168 889 3252 τῆς
909 3159 1126 3241 ύποστόσεως
1147 3155 1288 3242 αύτσῦλγ.
1309 3163 1379 3230 ’τοῦ
1394 3171 1487 3231 τοῦ·

246 3294 302 3335 νυν
323 3266 451 3352 πατρὸς
473 3266 585 3354 φωτὸς
607 3265 732 3347 ’ὄντος
762 3270 821 3333 τοῦ
844 3267 880 3333 δέ
901 3266 973 3356 υἱοῦ
996 3259 1255 3351 δπαυγύσματος
1276 3258 1392 3345 αὐτοῦ,
1426 3265 1469 3332 τὰ

246 3365 329 3436 αὐτὰ
349 3367 410 3453 γὰρ
432 3369 509 3452 περὶ
531 3367 656 3433 τούτων
677 3367 822 3450 μάλιστα
844 3363 902 3436 ούιι
923 3364 1075 3450 ύκνητίον
1089 3368 1193 3453 λίγειν
1208 3365 1379 3447 πολλάκις,
1395 3367 1468 3448 ἔξε-

246 3493 318 3540 στιν
340 3464 420 3555 δρῦν
441 3465 497 3532 καὶ
519 3465 620 3550 ἐντῷ
643 3466 704 3551 υίηῦ
726 3467 765 3532 τὸ
786 3469 925 3549 πνεῦμα,
950 3466 984 3533 ἐν
1006 3457 1035 3552 ᾦ
1056 3467 1289 3554 φωτιζόμεθοι·
1311 3467 1368 3536 ἵνα
1388 3469 1484 3558 γάρ·

246 3577 343 3660 φησί,
374 3566 441 3654 δεύῃ
468 3560 546 3648 ύμῖν
573 3569 703 3648 πνεῦμα
730 3571 852 3654 σοφίας
878 3567 932 3632 καὶ
961 3562 1206 3655 ἀποκαλύψεως
1228 3569 1262 3636 ἐν
1284 3569 1468 3656 ἐπιγνοῦσα

246 3667 362 3752 αύτσῦ,
396 3670 669 3755 πεφωτισμένους
700 3663 778 3744 τοῦς
810 3661 1008 3756 ὀφθαλμοὺς
1040 3672 1099 3758 τῆς
1129 3671 1311 3758 καρδίαςἽ·
1342 3674 1390 3759 τῷ
1428 3673 1467 3738 δὲ

245 3773 427 3859 ’πνεύματι
459 3761 691 3859 φωτιζομίνων
711 3765 803 3858 ήμιῦν
826 3765 844 3836 6
866 3770 1014 3858 Χριστός
1036 3771 1125 3841 ἐστιν
1148 3769 1166 3840 6
1188 3773 1222 3842 ἐν
1243 3768 1333 3860 αύτῷ
1355 3783 1467 3862 φοιτί-

246 3877 324 3958 ζωυ·
346 3865 385 3967 ἦν
406 3872 476 3963 γάρ,
500 3879 592 3963 φησί,
615 3871 653 3940 τὸ
676 3877 749 3962 φῶς
769 3871 809 3940 τό
831 3866 1001 3962 άληθινόν,
1018 3871 1035 3940 6
1051 3875 1188 3964 φωτίζει
1202 3874 1313 3942 πάντα
1327 3871 1467 3960 ἄνθρω-

244 4003 311 4046 πον
332 3977 502 4066 ἐρχόμενον
525 3977 572 4057 είς
593 3975 651 4046 τὸν
672 3974 832 4062 κύσμον”).
870 3974 972 4044 πάλιν
993 3980 1109 4045 τετοῦ
1130 3975 1258 4064 πατρὸς
1278 3975 1374 4058 ὄντος
1393 4001 1468 4065 πη·

243 4083 309 4169 γῆς,
333 4085 390 4146 τοῦ
414 4082 449 4147 δέ
471 4079 543 4146 υίοῦ
566 4079 719 4165 ποταμοῦ
742 4081 925 4164 λεγομένου,
948 4085 1058 4147 πίνειν
1080 4077 1246 4164 λεγόμεθα
1260 4079 1299 4145 τὸ
1316 4083 1464 4162 πνεῦμα,

243 4189 423 4269 γέγραπται
444 4181 515 4267 γάρ,
539 4176 591 4247 ὅτι
614 4178 706 4266 ἡμεῖς
728 4180 850 4260 πάντες
872 4183 906 4248 ἐν
920 4185 1051 4266 πνεῦμα
1066 4179 1342 4268 ἐ.ποτίσθημεν’“γ
1367 4181 1405 4247 τό
1425 4183 1466 4249 δὲ

314 4351 732 4416 1Jssceles³‚11.2Jne.br
755 4352 836 4412 11,6
906 4347 1033 4414 3J1erem
1053 4353 1137 4414 2,13
1205 4353 1294 4415 4Jssur.
1314 4355 1338 4416 3,
1359 4355 1399 4404 10.
1422 4355 1463 4406 12

183 4380 186 4398 Ι
244 4421 479 4484 ωῙΙωσλό
531 4415 769 4484 ωΡω1.ῶ[Μ.
777 4417 922 4487 HX1w
974 4421 1173 4483 ΠΗώτῙδ
1226 4393 1400 4486 οΕψόε1,
1423 4425 1466 4474 Π.

243 4493 269 4554 9)
287 4491 353 4541 Ιοειν
374 4491 396 4550 1,
414 4489 438 4540 9.
511 4489 591 4548 10J1.
611 4488 666 4538 Cor.
680 4487 725 4548 ·12,
746 4487 784 4538 13.

278 4625 300 4661 ε.
318 4610 373 4672 fleg.
391 4609 411 4657 l.
430 4616 452 4658 ει
470 4607 559 4669 λοςλίε.
577 4601 671 4670 λέγειν.
726 4675 729 4684 Ι
908 4607 930 4656 b.
950 4605 989 4656 Sic
1007 4607 1092 4668 sseg.l.
1112 4607 1208 4672 Seguer.
1229 4607 1299 4657 Basil.
1319 4607 1418 4660 Goblor.
1440 4618 1464 4656 ει
