3258 5276
211 349 274 416 296
609 365 637 408 ε.
652 365 806 410 ευαιυιειι
820 366 1045 412 εκεσιενιεοονι

125 531 300 601 αιτιτητα,
325 506 393 578 οὔδ’
417 506 469 576 ότι
491 509 660 576 πιστεύων
682 505 857 596 εὐάρεστος
877 515 1020 597 γέγονεν,
1045 507 1114 580 ἀλλ’
1139 508 1192 580 ότι
1212 513 1285 594 υἱός
1307 510 1355 582 ὢν
1376 519 1437 584 τοῦ

209 609 372 698 ἀληθινοῦ
394 611 478 676 θεοῦ
500 607 623 688 πιστός
644 610 717 678 ίστι
729 614 784 679 καὶ
800 607 909 692 αύτός,
933 607 1077 700 ὀφείλων
1092 611 1317 681 πιστεύεσθαι
1332 614 1367 682 έν
1382 612 1438 696 οἱς

207 706 266 780 ’ἀν
289 713 363 799 λέγῃ
386 708 442 778 καὶ
463 713 556 802 πριῇ,
580 705 679 790 αὐτὸς
701 710 865 797 ἄτρεπτος
885 719 992 796 μένων
1013 717 1068 779 κοὶ
1089 712 1135 802 μή
1150 708 1385 798 ἀλλοιούμενος
1400 716 1436 784 έν

207 815 248 901 τῇ
271 807 470 898 ἀνθρωπίνῃ
493 811 665 899 οἰκονομίᾳ
686 815 741 879 καὶ
762 816 802 901 τῇ
826 812 971 901 ένσάρκῳ
993 820 1171 901 παρουσίᾳ.

293 921 321 980 7.
372 908 486 992 Οῦτως
506 914 567 997 μέν
589 903 647 980 οῦν
670 911 711 981 ἀν
732 939 784 992 τις
805 913 892 1001 πρὸς
913 913 971 1002 τήν
994 908 1163 982 ἀναίδειαν
1186 908 1294 981 αάτιῦν
1314 917 1412 1000 χωρά
1415 939 1433 980 ν

206 1013 366 1081 1’δύναται
386 1011 442 1079 καὶ
464 1013 499 1081 &a
518 1013 622 1102 μόνης
642 1017 701 1100 τῆς
722 1013 862 1102 ἐποίησε
882 1016 1001 1096 λέξεως
1023 1015 1197 1101 διελέγχειν
1212 1010 1333 1092 αὐτοὺς
1347 1015 1437 1080 πλα-

206 1121 372 1200 νωμένους
392 1116 446 1181 καλ
469 1115 662 1199 νομίζοντας
683 1109 769 1183 εἶναι
782 1120 914 1204 ποίημα
928 1114 986 1183 τὸν
1001 1118 1061 1182 τοῦ
1076 1119 1159 1184 θεοῦ
1175 1114 1282 1202 λόγον.
1317 1113 1434 1202 ἐπειδή

207 1217 260 1284 εδὲ
292 1217 345 1282 καὶ
372 1211 392 1303 ή
422 1213 555 1282 διάνοια
575 1218 642 1282 τῶν
663 1221 894 1302 γεγραμμένων
916 1215 1006 1283 ἐστὶν
1029 1210 1133 1303 όρθή,
1162 1215 1356 1285 δεικνύουσα
1376 1216 1436 1302 τήν

208 1315 346 1404 ἱποίησε
366 1316 454 1396 λέξιν
476 1316 561 1383 πότε
581 1318 635 1383 καλ
657 1315 744 1404 πρὸς
766 1322 800 1383 τί
821 1317 977 1404 λεγομένη
1000 1324 1211 1406 σημαίνεται,
1236 1311 1436 1402 ιΙἀναγκαῖον

121 1420 261 1490 mna)
284 1417 320 1497 ἐξ
340 1412 440 1503 αύτῆς
463 1418 571 1498 δεῖξαι
591 1419 658 1484 τῶν
680 1417 852 1504 αἱρετικῶν
873 1417 932 1506 τήν
955 1414 1101 1504 ἀλογίαν,
1125 1417 1182 1486 ἐὰν
1202 1417 1365 1504 μάλιστα,
1389 1413 1435 1498 αἱς

208 1518 243 1586 έν
263 1528 336 1597 τοῖς
358 1517 551 1604 ἔμπροσθεν
573 1515 754 1605 εἰρήκαμεν,
777 1520 831 1585 καλ
845 1518 965 1585 τούτου
978 1517 1038 1585 τὸν
1052 1517 1166 1604 καιρὸν
1180 1517 1237 1586 καὶ
1250 1517 1310 1607 τήν
1322 1525 1433 1604 χρείαν

206 1618 391 1706 ’λάβοιμεν
422 1613 461 1686 ού
482 1624 593 1686 τοίνυν
614 1617 658 1686 τὰ
678 1617 747 1705 πρὸ
768 1621 827 1707 τῆς
847 1625 985 1698 κτίσεως
1008 1619 1221 1707 διηγούμενος
1243 1615 1263 1687 5
1286 1615 1433 1689 ἀπόστο-

207 1721 265 1800 λος
285 1721 390 1787 ταῦτα
412 1719 552 1806 εἴρηκεν,
576 1713 646 1787 ἀλλ’
671 1715 729 1788 ὅτε
750 1715 768 1785 5
791 1719 887 1806 λόγος
910 1717 994 1807 σάρξ
1015 1719 1158 1808 ἐγένετο·
1187 1718 1275 1788 οῦτω
1295 1720 1357 1808 γὰρ
1378 1725 1432 1808 γί-

207 1843 370 1909 γραπται·
395 1817 486 1902 όθεν,
510 1817 668 1910 ’ἀδελφοὶ
689 1817 795 1907 όγιοι,
818 1821 964 1909 κλήσεως
987 1821 1188 1908 έπουρανίου
1208 1828 1351 1906 μέτοχοι,
1375 1847 1434 1890 κα-

207 1923 390 2012 τανοήσατε
416 1920 475 1989 τὸν
504 1915 694 1989 ἀπόστολον
715 1923 769 1989 καλ
793 1919 945 2010 ἀρχιερέα
965 1925 1023 2011 τῆς
1046 1919 1224 2010 ὁμολογίας
1244 1917 1336 2009 ήμῶν
1358 1917 1436 2011 ΙἸη-

207 2027 296 2104 σοῦν,
320 2021 441 2090 πιστὸν
464 2019 545 2090 όντα
565 2026 613 2112 τῷ
635 2022 816 2110 ποιήσαντι
836 2017 935 2089 αύτόν
944 2027 975 2102 ¹).
1021 2023 1106 2092 πότε
1127 2013 1185 2091 οῦν
1207 2018 1389 2112 ἀπεστάλη,
1412 2017 1435 2108 ἢ

208 2119 350 2209 όπηνίκα
376 2121 435 2209 τήν
463 2118 623 2212 ἡμετέραν
651 2123 825 2193 ένεδύσατο
854 2121 976 2208 σάρκα,Ι
1009 2121 1094 2189 πότε
1123 2123 1159 2189 δὲ
1187 2120 1356 2210 ἀρχιερεὺς
1376 2129 1435 2212 τῆς

206 2219 384 2307 ὁμολογίας
413 2218 507 2308 ἡμῶν
538 2229 683 2310 γέγονεν,
716 2219 737 2312 ἢ
766 2222 821 2290 ότι
848 2227 1064 2309 προςενίγκας
1093 2221 1209 2290 ἑαυτὸν
1232 2219 1318 2311 ὑπὲρ
1340 2221 1434 2311 ήμῶν

206 2320 334 2412 ἤγειρεν
363 2321 397 2388 ἐκ
426 2327 546 2408 νεκρῶν
574 2323 614 2390 τὸ
637 2329 749 2410 σῶμα,
778 2327 832 2392 καλ
854 2326 911 2391 νῦν
933 2315 1032 2401 αῦτὸς
1053 2320 1130 2400 τοὺς
1151 2331 1435 2410 προςερχομένους

142 2415 147 2430 ’
206 2419 329 2492 1ἱαύτοῦ
350 2425 390 2510 τῇ
411 2428 527 2490 πίστει
548 2421 707 2512 πρόςάγει
727 2428 781 2493 καὶ
804 2428 987 2512 προςιγίρει
1005 2426 1052 2510 τῷ
1074 2429 1188 2510 πατρί,
1211 2424 1433 2510 λυτρούμενος

206 2525 412 2605 πάνταςκαὶ
434 2519 519 2610 ῦπὲρ
541 2524 676 2591 πάντων
700 2525 914 2609 ἱλασκόμενος
934 2523 977 2592 τὰ
999 2523 1084 2610 πρὸς
1104 2523 1162 2592 τόν
1184 2524 1284 2606 θεόν,·
1318 2520 1357 2589 ού
1371 2523 1431 2612 τήν

208 2622 325 2696 ούσίαν
353 2624 419 2715 ἀρα
439 2627 499 2692 τοῦ
521 2624 621 2712 λόγου
643 2619 720 2692 οῦδὲ
740 2625 800 2711 τήν
820 2625 870 2692 ίέκ
891 2627 951 2692 τοῦ
973 2623 1100 2711 πατρὸς
1123 2623 1261 2712 φυσικήν
1283 2629 1433 2711 γέννησιν

208 2733 354 2817 σημᾶναι
385 2727 497 2795 θέλων
530 2721 548 2792 5
580 2719 771 2804 ἀπόστολος
804 2726 911 2813 εἴρηκε
939 2726 1062 2794 πιστὸν
1085 2722 1166 2792 ἀντα
1186 2729 1233 2812 τῷ
1255 2724 1437 2812 ποιήσαντι

207 2828 308 2900 αῧτόν
330 2829 385 2916 (μή
407 2834 546 2915 γένοιτο,
569 2829 679 2894 ποιῶν
700 2825 762 2913 γάρ
778 2825 869 2894 ἐστιν
884 2821 902 2892 5
918 2827 1024 2913 λόγος,
1034 2822 1080 2894 ὀύ
1095 2825 1297 2910 ποιούμενος
1311 2821 1435 2907 αὐτός),

209 2927 294 3000 ἀλλὰ
320 2931 379 3020 τήν
408 2931 455 3011 είς
483 2925 688 3018 ἀνθρώπους
710 2921 811 2995 αὐτοῦ
833 2926 983 2995 κάθοδον
1004 2929 1058 2994 καὶ
1081 2923 1322 3015 ἀρχιερωσύνην
1343 2950 1438 3012 γενο-

206 3041 315 3122 μένην,
338 3031 377 3120 ἣν
399 3035 508 3114 καλῶς
529 3030 569 3099 ἀν
591 3055 643 3111 τις
663 3029 734 3097 ἰ’δοι
756 3028 791 3097 έκ
812 3032 871 3115 τῆς
891 3027 975 3095 κατὰ
996 3027 1054 3095 τόν
1070 3027 1172 3112 νόμον
1187 3030 1241 3095 καὶ
1263 3025 1436 3094 ΙιτόνἈα-

104 3179 108 3186 -
208 3133 274 3219 ρὼν
302 3134 460 3218 ἱστορίας.
506 3130 610 3212 ούτως
627 3128 759 3220 Ἀαρών
789 3124 826 3198 σύ
849 3135 1036 3217 γεγέννηται
1058 3123 1239 3218 ἀρχιερεύς,
1270 3123 1355 3196 ἀλλὰ
1378 3126 1437 3195 άν-

206 3237 359 3317 θρωπος,
382 3233 438 3298 καὶ
458 3234 542 3318 μετὰ
561 3231 689 3320 χρόνον,
714 3229 770 3300 ότε
792 3228 811 3298 5
832 3231 916 3312 θεὸς
936 3225 1090 3318 ήθέλησε,
1113 3236 1242 3316 γέγονεν
1258 3222 1435 3314 ἀρχιερεύς,

206 3331 260 3400 καλ
281 3336 412 3417 γέγονεν
434 3329 492 3415 ούχ
514 3329 631 3410 ἀπλιῦς
653 3327 730 3398 οὐδὲ
752 3332 787 3398 έκ
808 3335 875 3397 τιῦν
898 3331 1053 3415 συνηθῶν
1076 3331 1216 3413 ἱματίων
1237 3328 1436 3416 γνωριζόμε-

207 3453 272 3514 νσς,
296 3425 364 3497 ἀλλ’
390 3428 723 3514 Ιέπενδιδυσκόμενος
743 3429 802 3516 τήν
817 3428 982 3511 ἐπωμίδα,
1004 3428 1044 3495 τὸ
1059 3430 1197 3516 λογεῖον,
1220 3431 1279 3497 τὸν
1294 3428 1433 3516 ποδήρη,

208 3531 230 3600 ἀ
258 3531 293 3598 αἱ
314 3533 463 3617 γυναῖκες
483 3531 543 3613 μὲν
566 3529 760 3614 εἰργάσαντο
783 3525 962 3614 προςτάξει
983 3533 1042 3596 τοῦ
1064 3532 1163 3609 θεοῦ,
1187 3529 1222 3596 έν
1243 3529 1374 3609 τούτοις
1395 3529 1433 3596 δὲ

207 3629 430 3720 εἱςερχόμενσς
457 3628 504 3710 είς
530 3627 573 3697 τά
600 3625 680 3715 άγια
707 3628 766 3714 τήν
795 3623 879 3716 όπὶρ
907 3631 966 3694 τοῦ
989 3630 1070 3696 λαοῦ
1092 3635 1217 3696 θυσίαν
1239 3637 1434 3720 προςέφερε.

205 3729 262 3802 καὶ
294 3731 328 3801 ίν
356 3731 487 3812 τούτοις
520 3727 630 3816 ιῦςπερ
659 3727 826 3813 έμεσίτευε
852 3732 892 3816 τῇ
923 3723 1070 3816 ὀπτασίᾳ
1097 3731 1156 3795 τοῦ
1178 3735 1262 3798 θεοῦ
1285 3735 1339 3799 καλ
1360 3741 1437 3809 ταῖς

205 3835 273 3901 τῶν
295 3828 487 3922 ἀνθρώπων
509 3838 657 3913 θυσίαις,
681 3827 768 3899 οῦτω
789 3838 901 3899 τοίνυν
923 3832 978 3900 καί
1001 3825 1020 3897 5
1041 3829 1153 3918 κύριος
1174 3828 1208 3900 έν
1225 3826 1306 3920 ἀρχή
1320 3833 1381 3919 μέν
1395 3820 1436 3920 ήν

275 3989 299 4050 ἱ)
318 3989 391 4039 Hebr.
409 3988 434 4050 3,
454 3990 476 4040 1.
495 3989 519 4042 2.

239 4106 261 4141 ο.
280 4093 381 4155 δεςαεε.
399 4083 448 4140 ἐὰν
471 4085 543 4157 λέγῃ.
578 4091 644 4140 Idem
664 4091 752 4141 ibidem
771 4098 796 4141 ει
881 4089 905 4138 d.
925 4089 1064 4138 Felckmnn.
1081 4087 1105 4138 5.
1124 4081 1278 4152 ἀναγκαῖον
1294 4081 1324 4145 έξ
1341 4080 1435 4148 αάτήτ.

206 4158 303 4210 Goblor.
324 4159 429 4208 δείελα.
449 4158 472 4207 1.
490 4167 514 4207 ει
531 4158 555 4208 4.
575 4149 658 4210 αύτός
674 4161 793 4206 omittunt
846 4156 924 4206 Editio
952 4156 1070 4206 ὒααιιονλ
1095 4146 1245 4220 ἀναγκαῖον
1267 4150 1314 4204 καὶ
1331 4149 1436 4216 ἱαυτήτ.

238 4227 262 4276 b.
281 4226 420 4278 Gohlerian.
438 4231 463 4273 εί
480 4224 585 4274 λἐίελιο,
607 4225 628 4274 Ι.
645 4215 792 4270 δύνασθαι.
846 4223 890 4272 Ani
910 4237 968 4272 mss.
987 4217 1140 4287 ἀναγκαίαν
1155 4217 1202 4270 καλ
1217 4217 1247 4279 ἐξ
1263 4214 1354 4281 αὐτῆς.
1432 4253 1436 4262 ·

204 4291 267 4342 lhid.
285 4295 385 4356 Seguer.
405 4289 453 4350 τῆς
470 4273 509 4351 ἦν,
529 4283 648 4350 έποὶησε,
667 4285 768 4345 λέξεως,
880 4303 901 4339 ε.
927 4290 968 4338 Sic
991 4291 1089 4352 Segner.
1115 4291 1212 4340 anler.
1239 4298 1262 4339 ει
1286 4291 1390 4337 λείιίιτο.
1413 4289 1435 4339 1.
1532 4329 1538 4332 .

241 4376 262 4412 υ.
279 4359 336 4425 Res.
356 4369 380 4411 ει
392 4357 496 4409 ΡεΙεὶεοι.
508 4359 531 4408 5.
550 4351 581 4406 δέ
597 4357 717 4406 ominum.
743 4358 795 4406 Mox
845 4355 874 4404 Αι
892 4351 1239 4423 Ρείείιω.5.λαμράνωμεν.
1274 4356 1317 4404 mii
1336 4363 1359 4404 ει
1377 4355 1435 4404 edm

205 4428 307 4492 Segner.
336 4427 435 4480 Gobler.
463 4431 487 4474 εί
513 4426 620 4476 Felckm.
642 4423 663 4473 ἱ.
681 4417 733 4483 τήν
750 4413 792 4483 ήν,
844 4415 979 4492 λάβωμεν.
1015 4425 1065 4474 λλον
1082 4423 1185 4478 ταῦτα,
1211 4432 1236 4473 ut
1254 4423 1342 4471 ΙνιΙιειιι
1359 4421 1435 4471 celeri

204 4487 330 4556 ἐποίησε,
354 4491 432 4551 λέξιν.
468 4491 527 4543 nam.
553 4492 658 4543 λέΙελυν.
677 4490 702 4541 4.
726 4483 803 4560 πρός·
846 4506 906 4542 mss.
924 4500 947 4543 ιι
966 4493 1039 4543 editio
1056 4491 1189 4552 CommL,
1212 4489 1309 4542 εἱνεειν
1329 4489 1434 4542 λελείαν.

174 4555 178 4564 ’
203 4557 234 4610 τί
248 4559 403 4630 λεγομένου.
717 4591 722 4598 -
847 4559 872 4608 5.
891 4567 914 4610 ει
933 4561 991 4623 κερ.
