3212 5272
230 375 289 438 148
626 389 653 431 s.
668 383 821 432 ιτιιικιειι
835 384 1057 461 ιυωιιεειεαονι

137 539 367 604 ν.ωι.στιανῶν
395 534 517 602 λοιπόν
536 529 726 624 Ἀρειανοὺς
755 529 980 619 ὀνομάζεσθαι
986 583 995 614 ,
1018 533 1135 600 Ιτοῦτό
1156 559 1193 602 τε
1213 536 1271 620 τῆς
1292 527 1447 617 άσεβείας

223 639 306 722 ἰχειν
328 635 368 703 τό
389 636 567 724 γνώρισμα.
597 635 642 723 μή
664 635 724 723 γὰρ
747 636 1085 724 προφασιζίσθωσαν,
1108 636 1191 722 μηδὲ
1211 628 1448 718 ὀνειδιζόμενοι

221 738 549 825 καταψευδέσθωσαν
570 737 653 804 κατὰ
674 741 739 804 τῶν
760 736 805 825 μή
829 735 933 803 ὄντων
954 732 1021 816 1’ῶς
1043 736 1140 816 εἰσίν,
1165 733 1251 802 οότω
1273 737 1447 814 καλοῦντες

222 839 278 907 καί
300 834 396 906 αάτοί
416 837 493 918 τοὺς
514 837 738 924 Χριστιανοὺς
755 833 824 904 άπὸ
846 842 912 905 τῶν
934 837 1151 917 διδασκάλων,
1175 839 1231 904 ἵνα
1253 836 1376 917 δόξωσι
1390 835 1447 902 καί

223 935 318 1008 αὐτοὶ
340 937 445 1019 οὕτως
466 941 646 1007 καλεῖσθαι
666 937 876 1024 Χριστιανοί,
899 940 982 1026 μηδὲ
1005 937 1234 1024 αἰσχυνόμενοι
1255 937 1293 1004 τὸ
1316 937 1450 1006 ἐπονεί-

224 1044 337 1111 διστον
360 1041 486 1110 δαυτῶυ
509 1039 614 1124 ὄνομα
636 1041 866 1122 παιζέτωσαυ,
891 1041 978 1107 εἰδὲ
1001 1039 1226 1123 αἰσχύνονται,
1250 1039 1444 1125 ἐγκαλυπτό-

224 1151 364 1211 σθωσαν
385 1135 406 1227 ἢ
428 1119 786 1230 άποπηδάτωσαῖάπό
801 1145 859 1227 τής
874 1141 998 1208 ἑαυτῶν
1014 1135 1175 1227 ἀσεβείας.
1198 1135 1292 1208 οοὐδὲ
1307 1139 1451 1208 πώποτε

224 1244 287 1332 γὰρ
314 1243 394 1322 λαὸς
422 1239 491 1310 άπὸ
513 1247 580 1310 τῶν
602 1242 731 1308 οἰκείων
754 1241 948 1310 ἐπισκόπων
971 1242 1044 1325 ίσχε
1064 1241 1122 1331 τήν
1146 1243 1351 1328 ἐπωνυμίαν,
1375 1237 1445 1308 ἀλλ’

226 1342 295 1415 άπὸ
317 1347 377 1412 τοῦ
398 1351 526 1430 κυρίου,
557 1344 604 1421 εἰς
634 1341 670 1410 ὃν
692 1343 749 1410 καὶ
768 1343 827 1431 τήν
849 1351 965 1410 πίστιν
988 1344 1111 1428 ίχσμεν.
1155 1346 1221 1410 τῶν
1242 1347 1320 1429 γοῦν
1341 1367 1449 1428 μακα-

225 1455 305 1534 ρίων
335 1443 533 1512 ἀποστόλων
562 1445 768 1512 διδασκάλων
790 1440 882 1532 ήμῶν
903 1451 1085 1531 γενομένων
1107 1444 1162 1512 καὶ
1185 1443 1448 1531 διακονησάντων

226 1547 284 1612 ’τὸ
305 1549 365 1613 τοῦ
388 1549 536 1634 σωτῆρος
559 1539 753 1632 εὗαγγέλισν,
778 1542 835 1612 οόκ
858 1546 893 1626 ἕξ
915 1545 1043 1614 ἰκὲίνων
1067 1545 1259 1634 ἰκλήθημεν,
1284 1539 1351 1612 ἄλλ’
1376 1539 1448 1611 άπὸ

142 1651 285 1714 manco&
306 1650 456 1733 Χριστοῦ
477 1646 678 1732 Χριστιανοὶ
699 1647 756 1713 καὶ
777 1647 873 1731 ἐσμὲν
894 1648 948 1714 καί
972 1643 1215 1732 ὀνομαζόμεθα.
1253 1646 1286 1712 οί
1309 1647 1344 1713 δὲ
1365 1640 1445 1732 παρ’

226 1749 346 1835 ἑτέρων
374 1749 501 1832 ἔχοντες
521 1747 579 1836 τήν
603 1743 701 1836 ἀρχήν
723 1737 762 1835 ἧς
783 1749 955 1833 νομίζουσι
975 1754 1137 1828 πίστεως,
1161 1747 1291 1816 ἐκείνων
1314 1746 1448 1826 εἰκότως

227 1851 340 1934 ἰχσυσι
359 1853 412 1917 καί
435 1849 493 1935 τήν
516 1848 717 1934 ἐπωνυμίαν,
741 1845 787 1928 ῶς
808 1844 916 1915 αὐτῶν
938 1849 1107 1935 γενόμενοι
1129 1853 1242 1935 κτῆμα.

312 1959 341 2021 3.
382 1946 516 2036 Ἀμέλει
542 1949 678 2018 πάντων
699 1949 792 2037 ήμῶν
815 1945 885 2017 άπὸ
906 1953 964 2016 τοῦ
986 1953 1136 2036 Χριστοῦ
1158 1953 1371 2036 Χριστιανῶν
1393 1946 1451 2015 όν-

226 2077 292 2120 των
314 2055 367 2119 καί
389 2052 607 2136 καλουμένων,
631 2051 792 2141 ἐξεβλήθη
815 2051 940 2118 οπάλαι
954 2058 1117 2136 Μαρκίων
1139 2052 1267 2139 αἰρεσιν
1291 2051 1448 2140 ἰφευρῶν,

226 2153 282 2220 καί
311 2153 342 2220 οἱ
370 2154 429 2238 μὲν
457 2159 719 2240 παραμείναντες
746 2153 830 2238 μετά
857 2156 917 2218 τοῦ
946 2152 1141 2238 ἐκβαλόντος
1168 2153 1290 2220 ἐκεῖνον
1319 2153 1450 2236 ἔμειναν

227 2251 442 2339 Χριστιανοί,
467 2255 499 2320 οἱ
522 2249 553 2320 δ’
577 2249 863 2341 ἀκολουθήσαντες
884 2255 1078 2340 ἰίίίαρκίωνι
1099 2248 1207 2320 οόκέτι
1227 2257 1287 2338 μὲν
1308 2261 1452 2339 Χριστι-

228 2362 312 2436 ανοί,
335 2355 593 2440 Μαρκιωνισταὶ
615 2356 651 2422 δί
673 2354 793 2422 λοιπὸν
816 2354 1011 2442 ἐκλήθησαν.
1043 2352 1130 2422 οότω
1150 2356 1207 2422 καὶ
1232 2351 1452 2433 Οάαλεντῖνος

227 2458 282 2523 καὶ
303 2456 486 2544 Βασιλίδης
507 2461 561 2523 καί
582 2461 774 2538 Μανιχαῖος
793 2456 850 2524 καὶ
870 2463 982 2541 Σίμων
1005 2452 1023 2522 ό
1044 2456 1149 2542 μάγος
1169 2467 1241 2536 τοῖς
1263 2451 1453 2540 ἀκολουθή-

229 2581 310 2625 σασι
329 2557 575 2643 μιταδιδώκασι
595 2561 653 2623 τοῦ
677 2557 763 2624 ἰδίου
787 2552 956 2641 ὀνόματος,
980 2556 1036 2625 καὶ
1058 2559 1091 2624 οἰ
1111 2559 1171 2642 μὲν
1193 2554 1453 2626 ΕΟὐαλευτινια-

229 2665 297 2739 νοί,
327 2659 360 2725 σί
388 2659 424 2726 δὲ
447 2659 695 2739 Βασιλιδιανσί,
726 2659 759 2725 σί
780 2660 816 2726 δὲ
839 2665 1043 2742 Μανιχαίσι,
1072 2655 1217 2747 κᾴκεῖνοι
1237 2664 1452 2744 Σιμωνιανοί.

228 2763 283 2826 καί
306 2757 402 2827 ἄλλοι
421 2759 505 2827 κατὰ
528 2759 661 2846 Φρύγας
682 2753 773 2827 ΙΙόιπὸ
798 2767 952 2847 Φρυγίας,
976 2763 1030 2827 καὶ
1053 2756 1122 2828 ἀπὸ
1144 2761 1319 2828 Νσουάτσυ
1341 2768 1454 2826 Νοου-

230 2863 361 2928 ατιανσὶ
393 2861 702 2948 προςαγορεόονταα
749 2858 835 2928 σότω
868 2865 922 2928 καὶ
944 2864 1122 2943 Μελίτιος,
1157 2861 1330 2950 ἐκβληθείς
1357 2858 1453 2946 παρὰ

230 2969 361 3048 Πέτρου
390 2967 449 3030 τοῦ
478 2962 665 3030 ἐπισκόπου
693 2965 747 3030 καί
774 2965 954 3051 μάρτυρος,
984 2959 1093 3031 οὐκέτι
1114 2962 1338 3050 Χριστιανοὺς
1367 2957 1454 3028 ἀλλὰ

230 3065 471 3144 ἰίίίείιτιανοὺς
499 3063 632 3132 ἐκάλεσε
652 3063 729 3144 τοὺς
752 3065 871 3144 ἰδίους·
900 3062 1006 3144 οὕτως
1028 3063 1093 3152 δι’ρα
1113 3065 1170 3132 καὶ
1190 3069 1249 3131 τοῦ
1269 3070 1453 3150 μακαρίτου

227 3160 445 3252 Ἀλεξάνδρου
466 3165 524 3232 τὸν
538 3165 672 3252 Ἀρειον
695 3165 897 3252 ἔκβαλόυτος,
920 3167 952 3232 οἱ
973 3168 1033 3250 μὲν
1054 3166 1138 3251 μετὰ
1149 3162 1364 3252 Ἀλεξάνδρου
1378 3169 1452 3248 μεί-

231 3287 344 3341 ναντες
377 3265 507 3347 ἐ’μειυαν
526 3271 741 3352 Χριστιανοί,
776 3269 809 3334 οἰ
841 3268 877 3334 δὲ
904 3267 1155 3348 συνεξελθόντες
1180 3263 1298 3354 Ἀρείῳ
1325 3266 1364 3332 τὸ
1391 3266 1455 3350 μὲν

231 3358 337 3445 όνομα
359 3368 417 3429 τοῦ
440 3369 588 3452 σωτῆρος
609 3363 708 3454 ΙΙἡμῖν
730 3379 802 3445 τοῖς
822 3367 906 3452 μετὰ
923 3363 1140 3453 Ἀλεξάνδρου
1161 3370 1450 3447 καταλελοίπασιν,

228 3455 396 3546 Ἀρειανσὶ
422 3463 459 3530 δὲ
488 3463 609 3530 λοιπόν
631 3465 817 3553 ἐκλήθησαν
840 3467 966 3535 ἐκεῖνοι.
1012 3469 1083 3536 ἰδοὺ
1106 3473 1184 3556 γοῦν
1205 3474 1259 3537 καί
1280 3467 1364 3553 μετά
1385 3467 1455 3534 θά-

232 3585 330 3630 νατον
361 3565 420 3628 τοῦ
438 3557 655 3648 Ἀλεξάνδρου
688 3569 721 3633 οἰ
753 3571 985 3648 κοινωνοῦντες
1009 3573 1056 3658 τῷ
1085 3570 1307 3657 διαδεξαμένην
1336 3571 1456 3636 τοῦτον

227 3657 433 3750 Ἀθανασίῳ,
456 3665 509 3731 καὶ
533 3659 583 3744 οἰς
605 3660 637 3731 Ιό
653 3661 752 3746 αι’τός
763 3663 968 3749 Ἀθανάσιος
983 3681 1142 3752 κοινωνεῖ,
1155 3669 1213 3737 τὸν
1228 3666 1327 3738 αὐτόν
1343 3671 1456 3754 ἔχουσι

267 3867 288 3902 ι.
307 3852 348 3902 Sic
365 3853 464 3915 Seguer.
483 3855 560 3905 λιείό
570 3866 593 3906 ει
604 3856 660 3907 editi
670 3848 769 3904 τούτου
779 3871 816 3906 τε.
868 3858 897 3907 At
915 3859 970 3920 δερ.
989 3859 1073 3922 Anglic
1091 3869 1114 3909 ει
1132 3859 1204 3908 Βιείί.
1222 3855 1253 3908 τό
1278 3858 1327 3908 τοῦ
1350 3853 1453 3924 κυρίου.

257 3919 291 3998 μ.
307 3921 408 3998 §egum
427 3924 524 3974 Gobler.
537 3925 639 3975 Felckm.
655 3926 673 3974 l.
695 3917 732 3978 ῶς
748 3919 818 3974 εἰσὶν
868 3927 930 3976 Ειίίιί
949 3927 1030 3976 etalii
1050 3925 1098 3974 τοῦ
1116 3921 1218 3992 κυρίου,

234 3999 327 4062 αητοι,
352 3983 497 4043 καλοῦντες
519 3999 564 4041 etc.
600 3991 652 4042 Mox
676 3993 816 4056 Seguerian.
902 4009 923 4043 ι,
941 3986 1026 4042 πάλαι
1043 3995 1111 4044 deest
1129 3996 1152 4044 in
1171 3997 1271 4056 Segner.
1285 3995 1341 4055 neg.
1353 3991 1455 4042 Gobler.

234 4047 341 4110 δόξωσι.
378 4056 469 4117 anglic.
489 4051 626 4114 διδάξαντι.
662 4061 723 4112 Εδίιί
739 4063 817 4112 etalii
869 4069 893 4111 ει
910 4063 1014 4113 ίυΙιίιω.
1035 4063 1057 4110 1.
1094 4063 1138 4111 Pro
1157 4077 1186 4112 ια
1204 4061 1299 4124 Αυςίἰε.
1317 4052 1406 4109 πάλιν.

233 4115 349 4177 δείξωσι.
370 4122 707 4190 Ιυίδεωδεςυετῶεςλοςί.
719 4129 817 4180 Gohler.
903 4130 919 4178 ί.
938 4131 968 4180 Se
986 4145 1037 4178 σει.
1057 4129 1153 4180 Gobler.
1174 4137 1196 4178 ει
1215 4130 1319 4180 δείελον.
1333 4129 1354 4177 ¹.
1373 4125 1455 4194 Μαρ-

233 4189 388 4266 ειμίεΙυΙιω.
417 4191 439 4240 1.
469 4185 612 4240 καλεῖσθαι
644 4193 816 4260 Χριστιανοί.
867 4190 947 4244 κίωνι
969 4145 1069 4261 ἰκτίνῳ,
1112 4197 1163 4246 Mox
1187 4197 1259 4247 iidem
1284 4204 1308 4246 ιι
1330 4195 1454 4256 Anguem.

232 4256 276 4305 ΔΙιι
296 4265 320 4306 εί
338 4257 394 4307 εδιιῑ
412 4251 554 4306 καλεῖσθαι
569 4249 707 4326 Ἀρειανοί.
866 4257 1083 4330 Μαρκιωνισταί.
1120 4263 1182 4313 miti
1201 4272 1225 4314 ει
1239 4263 1454 4328 εΙίἰΜαρκιιυνα-

240 4338 287 4400 ἐξ
312 4325 412 4386 δεςαιι.
438 4315 574 4374 οὐδέποτε.
621 4328 687 4377 idem
712 4338 736 4379 ει
760 4331 815 4392 neg.
867 4325 918 4378 ναί.
956 4331 1029 4380 Paulo
1048 4340 1104 4396 post
1121 4333 1221 4393 Segner.
1240 4324 1403 4388 Βασιλείδης.

233 4402 287 4437 ano
323 4390 381 4438 τῶν
416 4383 523 4441 οἰκείων
557 4383 712 4442 ἐπισκόπων
745 4388 815 4460 ἔσχε.
901 4411 923 4459 ς.
942 4393 1100 4459 SicSeguer.
1119 4396 1454 4462 Βιιὶ1.ΑυςΙιαΈεΙιΙιω.1.

232 4455 633 4534 ξιίιλω.5.ἰιε1ιεῑὶιειιιέσγε.
669 4461 816 4513 Εδίῑίειιίιί
868 4471 892 4515 εἰ
909 4465 1047 4516 ῦσόίειίιο.
1082 4467 1111 4516 At
1129 4465 1185 4529 ἰλες.
1205 4475 1228 4517 εἰ
1247 4467 1319 4516 editio
1333 4464 1455 4516 Commel.

231 4517 288 4572 απὸ
306 4523 364 4572 τῶν
380 4519 535 4576 ἐπισκόπων
551 4515 613 4594 είγε.
866 4522 1069 4583 Οόαλεντιανοί.
1104 4533 1204 4596 διςυεε.
1224 4535 1314 4586 ibidem
1330 4526 1456 4580 Βασιλει-

268 4594 291 4644 d.
316 4594 356 4645 Sic
379 4595 479 4659 Seguer.
503 4595 600 4646 Gobler.
627 4604 650 4647 ει
667 4596 774 4650 ἰείαλισ.
794 4599 818 4650 1.
870 4594 940 4652 ανοί.
