3258 5276
223 379 287 443 272
623 395 651 438 ε.
666 395 1060 442 ιτκεκιειιιοεοιεειτεοει

137 545 281 632 κιατής
300 544 361 608 τοῦ
382 539 482 628 λόγου
504 541 700 628 ἐπιδημίας,
729 537 775 621 ὥς
796 542 922 629 εἴρηκεν
944 537 964 606 ό
985 543 1138 622 Παῦλος,
1169 537 1190 630 ἡ
1212 543 1250 610 δέ
1270 544 1331 610 τοῦ
1352 541 1454 630 λόγου

224 643 386 732 ἐπιδημία
399 640 646 710 τετελείιυκε-τὸ
669 643 763 728 ἔργον
783 645 844 710 τοῦ
857 640 995 728 πατρός.
1029 640 1086 709 καὶ
1102 640 1180 710 τότε
1188 645 1250 728 μὲν
1259 637 1330 710 ἀπὸ
1341 639 1452 730 Ἀδὰμ

221 749 317 831 μέχρι
337 748 493 821 Μωσέως
515 737 534 808 ὁ
554 741 704 821 θάνατος
725 743 935 828 ἐβασίλευσεν
943 745 974 822 ¹),
997 737 1017 830 ἡ
1040 744 1077 809 δέ
1091 745 1150 809 τοῦ
1165 742 1264 830 λόγου
1279 752 1450 830 παρουσία

221 844 403 932 κατήργησε
423 842 481 910 τὸν
503 841 663 923 θάνατον,
685 844 740 908 καὶ
763 837 871 910 ούκέτι
891 844 951 929 μὲν
967 842 1002 910 ἐν
1016 846 1063 929 τῷ
1075 837 1185 929 Ἀδάμ
1205 843 1348 926 ’πάντες
1362 842 1450 915 ἀπο-

221 945 420 1033 θνήσκομεν,
445 941 479 1011 ἐν
502 943 539 1010 δέ
559 945 608 1030 τῷ
629 947 768 1030 Χριστῷ
790 942 914 1023 πάντες
936 943 1205 1030 ζωοποωῦμεθα.
1228 945 1285 1014 καὶ
1298 947 1375 1017 τότε
1387 950 1448 1034 μὲν

134 1042 293 1124 κακάπὸ
315 1045 408 1114 Ι’Δῦιν
429 1049 525 1132 μέχρι
544 1047 717 1132 Βηρσαβεὲ
740 1040 758 1110 ὁ
781 1044 882 1130 νόμος
902 1046 1145 1134 κατηγγέλλετο,
1167 1048 1223 1114 καλ
1244 1046 1280 1115 ἐν
1300 1048 1386 1137 μόνη
1406 1052 1448 1139 τῇ

217 1143 360 1235 Ἰουδαίᾳ
376 1145 523 1233 γνωστὸς
542 1135 582 1232 ἦν
604 1141 623 1212 ό
643 1145 742 1226 θεός,
765 1148 823 1213 νῦν
845 1146 882 1214 δέ
903 1145 952 1226 εἰς
971 1148 1086 1214 πᾶσαν
1107 1145 1166 1235 τήν
1186 1150 1246 1236 γῆν
1268 1148 1408 1235 ἐξῆλθεν
1429 1146 1448 1217 ό

220 1249 390 1339 ’φθόγγος
410 1242 558 1328 αὐτοῦ’),
581 1249 636 1314 καὶ
658 1251 755 1314 πᾶσα
775 1241 795 1336 ἢ
810 1250 850 1333 γῆ
865 1246 1087 1336 πεπλήρωται
1098 1250 1157 1334 τῆς
1171 1251 1249 1336 περὶ
1264 1254 1350 1318 θεοῦ
1364 1251 1450 1338 γνώ·

221 1373 314 1431 σεως,
338 1349 375 1416 οἵ
393 1375 430 1416 τε
449 1347 603 1436 μαθηταὶ
624 1347 856 1436 ἐμαθήτευσαν
877 1348 990 1417 πάντα
1010 1348 1053 1415 τά
1075 1349 1167 1438 ἔθνη,
1190 1349 1247 1418 καὶ
1266 1350 1451 1440 πεπλήρω«

113 1489 118 1500 ³
156 1507 158 1514 .
219 1475 277 1518 ται
298 1454 355 1518 νῦν
376 1448 415 1516 τὸ
437 1453 673 1536 γεγραμμένον·
696 1441 830 1517 ἔσονται
843 1449 967 1530 πάντες
982 1451 1130 1518 διδακτοὶ
1143 1454 1268 1532 θεοῦ).
1301 1452 1447 1535 καλτότε

219 1554 279 1637 μὲν
300 1551 406 1632 τύπος
426 1539 466 1640 ήν
487 1548 530 1617 τά
551 1549 751 1634 δεικνύμενα,
774 1549 853 1646 ἀρτι
873 1553 911 1620 δέ
925 1545 945 1639 ή
961 1547 1105 1641 ἀλήθεια
1118 1558 1367 1640 πεφανέρωται·
1389 1555 1445 1622 καὶ

219 1656 318 1720 τοῦτο
346 1651 450 1720 πάλιν
477 1647 577 1731 αύτὸς
606 1647 625 1718 ὁ
655 1647 846 1731 ἀπόστολος
872 1651 957 1738 μετὰ
976 1656 1082 1720 ταῦτα
1104 1653 1330 1742 φανερώτερον
1351 1653 1442 1741 άἐξη·

218 1763 326 1840 γείται
356 1754 474 1838 λέγων·
501 1751 586 1820 κατά
606 1756 767 1820 τοσοῦτον
789 1759 977 1840 κρείττονος
998 1754 1161 1843 διαθήκης
1181 1761 1309 1842 γέγονεν
1332 1754 1446 1841 ἔγγυος

218 1849 398 1942 ’Ἰησοῦςλμ
427 1856 481 1920 καὶ
504 1853 625 1920 πάλιν·
647 1853 703 1921 νῦν
726 1853 762 1920 δέ
784 1855 1037 1944 διαφορωτέρας
1058 1855 1209 1945 τετύχηκε
1230 1858 1443 1942 λειτουργίας,

219 1950 287 2042 ὅσῳ
314 1957 368 2024 καλ
395 1955 582 2041 κρείττονός
610 1955 682 2022 ἐστι
710 1957 873 2045 διαθήκης
894 1963 1046 2044 μεσίτης,
1079 1954 1153 2045 ήτις
1181 1957 1240 2025 ἐπὶ
1261 1965 1445 2045 κρείττοσιν

218 2053 428 2140 ἐπαγγελίαις
443 2061 702 2144 νενομοθέτηται
710 2061 742 2137 ⁸),
766 2064 838 2126 καί·
867 2052 980 2124 ὀῦδὲν
995 2056 1058 2145 γάρ
1080 2057 1270 2126 ἐτελείωσεν
1293 2054 1311 2126 ὁ
1334 2059 1444 2143 νόμος,

217 2154 419 2243 ἐπειςαγωγή
442 2157 479 2223 δέ
499 2163 684 2244 κρείττονος
706 2158 880 2237 ἐλπίδοςλ),
902 2161 956 2224 καί
979 2147 1082 2235 αάθίς
1105 2179 1227 2244 φησιν·
1249 2155 1370 2247 ἀνάγκη
1386 2149 1446 2227 οῦν

216 2256 260 2322 τά
279 2258 340 2340 μὲν
361 2251 590 2344 ὑποδείγματα
619 2262 687 2326 τῶν
709 2259 743 2327 όν
764 2269 836 2338 τοῖς
858 2253 1012 2344 οὐρανοῖς
1032 2256 1164 2337 τούτοις
1185 2261 1443 2347 καθαρίζεσθαι,

217 2352 301 2424 αύτά
322 2359 359 2426 δέ
380 2356 423 2426 τά
444 2357 628 2446 ἐπουράνια
648 2365 813 2446 κρείττοσι
833 2365 972 2437 θυσίαις
993 2358 1108 2443 ιπαρὰ
1121 2358 1286 2440 ταύταςἿ.
1316 2360 1357 2426 τό
1379 2359 1446 2448 ἀρα

214 2463 362 2547 κρεῖττον
389 2459 446 2526 καὶ
467 2463 523 2527 νῦν
545 2463 599 2528 καὶ
622 2455 663 2527 δι’
689 2457 775 2528 ὅλων
796 2464 844 2548 τῷ
866 2466 966 2548 κυρίῳ
989 2453 1188 2548 ἀνατίθησι,
1211 2465 1259 2546 τῷ
1281 2467 1444 2546 κρείττονι

215 2564 269 2628 καί
298 2558 387 2648 ἀλλφ
415 2561 509 2648 παρὰ
530 2561 573 2628 τὰ
593 2561 711 2650 γενητὰ
731 2561 932 2646 τυγχάνοντα
971 2567 1127 2647 κρείττων
1148 2558 1209 2646 γὰρ
1230 2556 1250 2648 ἡ
1273 2556 1315 2627 δι’
1340 2550 1442 2626 αῦτοῦ

214 2668 331 2744 θυσία,
353 2669 509 2750 κρείττων
530 2659 553 2750 ἦ
573 2661 607 2730 ἐν
629 2657 719 2749 αύτῷ
741 2661 846 2742 ἐλπίς,
869 2665 923 2730 καὶ
939 2663 975 2728 αἱ
990 2656 1031 2729 δι’
1049 2657 1152 2729 αύτοῦ
1166 2661 1359 2748 ἐπαγγελίαι
1373 2655 1439 2744 σῦχ’

216 2759 263 2842 ὥς
283 2763 370 2849 πρὸς
390 2763 491 2850 μικρὰ
512 2764 652 2849 μεγάλαι
674 2761 933 2850 συγκρινόμεναι,
958 2759 1020 2830 ἀλλ
1041 2760 1108 2842 ΙΙὥς
1129 2761 1230 2830 ἀλλαι
1249 2761 1337 2849 πρὸς
1358 2759 1445 2830 ἀλλα

213 2863 272 2951 τήν
303 2864 405 2953 φύσιν
434 2863 667 2950 τυγχάνουσαι,
697 2864 771 2932 ἐπεὶ
800 2866 854 2931 καὶ
878 2857 896 2929 δ
918 2865 1023 2929 ταῦτα
1045 2862 1265 2952 οἰκονομήσας
1287 2869 1443 2950 κρείττων

213 2970 280 3034 τῶν
301 2969 443 3055 γενητῶν
466 2966 546 3034 ἐστι.

298 3074 349 3136 60.
394 3066 463 3134 Καὶ
483 3065 523 3134 τὸ
544 3064 719 3153 λεγόμενον
741 3063 845 3132 πάλιν
865 3069 995 3150 γέγονεν
1018 3065 1130 3150 λ’γγυος
1149 3064 1221 3153 ἰτήν
1242 3061 1327 3150 ύπέρ
1348 3062 1442 3151 ἡμῶν

214 3165 327 3252 ἐγγύην
348 3167 407 3252 τὴν
429 3164 507 3254 παρ’
532 3164 633 3234 αῦιοῦ
654 3171 828 3255 γενομίυην
851 3171 1013 3253 σημαίνει.
1044 3160 1089 3243 ιῦς
1109 3164 1171 3251 γάρ
1186 3163 1283 3250 λόγος
1298 3159 1344 3232 ὢν
1359 3163 1448 3252 σάρξΙ

214 3263 355 3349 ἐγένετο,
384 3265 441 3332 καὶ
467 3266 506 3332 τὸ
534 3273 693 3352 γενέσθαι
713 3272 754 3356 τῇ
777 3266 874 3352 σαρκὶ
895 3264 1097 3351 λογιζόμεθα
1119 3265 1245 3354 ίγινητή
1266 3264 1329 3351 γάρ
1351 3265 1441 3332 ἐστιν

214 3360 295 3452 αῦτη
318 3368 371 3432 καί
394 3365 507 3450 κτιστὴ
529 3368 703 3453 ἐτυγχάνει
724 3357 836 3447 ούσα),
868 3363 955 3432 οῦτω
983 3367 1039 3431 καλ
1066 3364 1214 3433 ἐνταῦθα
1240 3364 1280 3431 τὸ
1299 3371 1437 3452 γίγονεν,

213 3464 269 3532 ἵνα
290 3468 389 3531 τοῦτο
410 3464 494 3531 κατὰ
516 3467 667 3552 δεύτερον
682 3465 923 3552 σημαινόμενον
939 3465 1135 3550 ἐκλάβωμεν,
1159 3466 1216 3534 διὰ
1229 3466 1269 3533 τὸ
1282 3471 1441 3552 γενέσθαι

213 3560 318 3633 αῦτὸυ
335 3563 528 3650 ἄνθρωπον.
566 3571 619 3634 καὶ
642 3571 764 3652 γνῶσιν
786 3566 820 3632 οἱ
842 3565 1103 3653 φιλονεικοῦντες
1126 3563 1180 3632 ότι
1193 3571 1248 3634 καί
1270 3564 1340 3634 ἀπὸ
1359 3564 1441 3633 ταύ-

212 3689 271 3754 της
291 3669 350 3756 τῆς
377 3673 551 3746 κακονοίας
580 3667 706 3734 ἑαυτῶν
735 3663 970 3748 ἐκπίπτουσιν,
1004 3664 1212 3736 ἀκουέτωσαυ
1238 3665 1292 3735 ὅτι
1319 3663 1358 3735 οῦ
1380 3665 1439 3752 τήν

213 3761 329 3835 ούσίαν
351 3763 452 3835 αύτοῦ
473 3771 672 3855 γεγενῆσθαι
694 3773 847 3854 σημαίνει
870 3764 888 3833 δ
909 3770 1062 3850 Παῦλος,
1087 3765 1105 3835 δ
1128 3769 1225 3848 εέδώς
1246 3763 1345 3836 αύτὸν
1366 3767 1439 3834 υλδν

213 3867 270 3936 καὶ
297 3877 420 3958 σοφίαν
447 3873 500 3940 καὶ
525 3865 729 3956 ἀπαύγασμα
750 3868 807 3936 καὶ
828 3867 939 3938 είκόνα
959 3873 1018 3936 τοῦ
1040 3868 1183 3958 πατρός,
1217 3863 1286 3934 ἀλλ’
1310 3868 1358 3947 είς
1378 3865 1438 3954 τήν

213 3971 271 4055 τῆς
293 3969 455 4058 διαθήκης
477 3973 646 4039 διακονίαν
668 3970 707 4036 τὸ
727 3973 961 4056 γενέσθαικαὶ
985 3973 1042 4038 νῦν
1063 3971 1235 4056 λογίζεται,
1258 3961 1334 4038 καθ’
1359 3965 1398 4057 ήν
1420 3961 1440 4034 ὅ

282 4141 306 4206 1)
325 4143 392 4193 nom.
412 4142 436 4204 ε,
456 4143 495 4192 ιι.
548 4143 574 4204 η
592 4145 655 4194 τοι.
671 4143 702 4196 ιε
720 4139 773 4210 [ιε.
793 4139 881 4210 ι.κκ.],
900 4143 924 4194 ε.
942 4151 966 4192 ιι
983 4143 1051 4194 nom.
1072 4141 1111 4204 ιο,
1133 4141 1171 4192 ιε.
1224 4139 1251 4202 ε)
1270 4142 1323 4190 εει.
1341 4141 1385 4200 οι,
1400 4139 1439 4192 ιε.

212 4213 236 4259 ει
254 4209 361 4272 ποτε,
380 4209 421 4260 ιο.
473 4210 498 4270 ι)
517 4209 589 4262 τοι.
609 4209 634 4272 τ,
652 4209 693 4259 ει.
746 4209 772 4269 ε)
783 4209 855 4260 τοι.
872 4207 898 4270 ε,
917 4210 941 4259 ε.
993 4207 1188 4270 mennam.
1242 4207 1438 4268 ηοειεομε.

245 4357 267 4393 ε.
286 4343 384 4405 Seguer.
403 4343 491 4394 οοῦιιὶι
507 4336 613 4397 πάντες.
850 4335 880 4391 ολ
901 4355 932 4392 τε
955 4337 1081 4408 μαθηταί
1107 4335 1305 4409 ἐμαθήτευσαν.
1341 4339 1385 4389 nii
1415 4347 1441 4390 ει

246 4410 268 4458 b.
287 4411 327 4461 sie
350 4411 406 4472 fleg.
442 4415 469 4459 λλ
492 4411 630 4474 δεςαιτίοο.
656 4401 710 4456 ἀπὸ
727 4401 797 4478 Δάμ.
849 4413 905 4462 editi
925 4401 952 4458 ol
969 4405 999 4458 δὲ
1014 4405 1140 4475 μαθηταὶ
1157 4403 1390 4527 ήιιαθητεύσαντο.

210 4474 283 4527 διιίί.
301 4479 393 4540 λοςΙίο.
414 4485 437 4526 ει
455 4477 511 4526 editi
530 4469 584 4524 ἀκῦ
600 4469 692 4542 Ἀδάμ.
884 4477 907 4527 δ.
926 4477 1024 4539 ὃιςαετ.
1044 4485 1067 4526 ει
1085 4479 1139 4542 fleg.
1188 4476 1303 4542 ηγεῖται.
1335 4473 1397 4522 Εδὶιί
1416 4480 1439 4520 ει

244 4561 265 4594 ε.
283 4547 382 4608 θεροετ.
402 4545 499 4596 Gobler.
519 4553 541 4593 ει
560 4545 665 4595 ΡεΙελιο.
686 4544 707 4594 1.
726 4537 797 4605 ἐξῦλ-
850 4545 891 4595 alii
908 4537 1035 4608 ἐξηγεῖτο.

209 4609 261 4660 θεν
286 4605 418 4680 όνόμος,
446 4605 492 4660 καὶ
507 4611 590 4664 πᾶσα.
626 4611 679 4664 Mox
696 4613 798 4677 Βεροιτ.
884 4627 906 4662 ε.
925 4613 965 4663 Sic
982 4614 1082 4674 Seguer.
1101 4611 1199 4663 Gobler.
1218 4619 1242 4662 ει
1259 4609 1395 4661 λέΙελαιεα.
1415 4605 1439 4656 1.
