3162 5308
521 362 966 424 animumanimumum
1283 355 1343 418 697
1433 347 1438 357 “

101 527 186 590 tur,
218 515 313 578 fidehs
343 531 442 576 sermo
469 519 499 576 et
525 511 684 576 immobilis
711 514 759 576 lex
786 515 925 596 spiritam
957 516 1041 579 onias
1069 535 1135 580 oum
1156 519 1294 584 laoohmn
1316 531 1428 584 etnim

99 625 265 686 loannem
294 616 450 680 ministros
477 633 547 676 esse
575 615 662 678 tollet
688 615 848 692 Dominus,
878 618 946 680 illos
974 619 1143 698 Boanerges
1174 622 1344 695 nominavit,

101 724 201 806 quod
234 729 281 784 est
310 719 362 780 ldii
384 717 516 780 tonitrui
561 717 637 780 Iliae
657 717 783 780 loannes
806 737 875 781 vere
896 739 914 782 ε
934 720 1023 784 caelis
1046 721 1165 784 elamat:
1195 722 1233 784 ln
1251 725 1345 804 prin-

103 831 198 908 cipio
224 835 292 888 erat
317 820 451 892 Verium,
473 830 502 882 et
521 817 645 882 Verium
667 831 733 882 erat
754 821 837 900 apud
851 820 955 892 Deum,
979 832 1007 884 et
1021 822 1102 885 Deus
1122 833 1191 886 erat
1208 823 1343 887 Verium.

105 929 181 990 Lex
214 925 323 1006 quippe
350 923 435 1003 prius
463 919 596 981 umbram
625 921 791 982 futurorum
818 920 965 984 honorum
996 921 1108 986 habuit.
1152 923 1224 986 Cum
1247 933 1344 988 autem

106 1029 262 1094 Christus
283 1023 455 1088 hominihus
478 1021 671 1086 annunciatus
693 1029 757 1094 est,
789 1029 822 1084 et
848 1023 913 1103 ipse
942 1023 1035 1088 adluit
1055 1024 1173 1088 dicensi
1204 1024 1272 1106 lpse
1295 1030 1347 1106 qui
1435 1045 1444 1066 ·

108 1133 235 1214 loquor
256 1129 378 1200 adsum;
402 1135 483 1198 tuns,
506 1121 632 1185 utonis
652 1121 771 1196 Paulas,
794 1127 857 1187 eius
873 1141 935 1188 uoto
956 1134 1072 1188 terrain
1095 1130 1255 1198 concussit,
1279 1145 1344 1188 onon

108 1236 147 1296 id
168 1236 265 1314 prius
283 1228 437 1311 pollicitus
460 1237 552 1290 esset:
575 1225 677 1288 Adhuc
692 1224 781 1288 senui
796 1245 846 1306 epo
868 1229 990 1290 movebo
1012 1247 1075 1291 non
1096 1227 1342 1302 solenterrom,

112 1335 175 1397 sed
197 1345 228 1397 et
256 1331 378 1396 meister.
426 1329 516 1403 Quod
543 1337 644 1390 autem
670 1325 766 1390 adhue
793 1327 884 1390 semel
910 1315 994 1402 dicit,
1029 1328 1165 1392 declarat
1191 1330 1345 1394 maliliurn

114 1433 374 1502 translationem,
396 1441 431 1493 ut
451 1439 593 1491 maneant
612 1446 663 1500 ea,
686 1445 760 1509 puae
783 1441 855 1492 sunt
876 1429 1049 1494 immobilia.
1093 1430 1198 1511 ltaque
1219 1449 1345 1512 repnurn

112 1535 272 1600 immobile
291 1537 489 1613 ,surripientes
513 1530 651 1592 hahemus
673 1533 814 1609 prorum,
833 1549 892 1610 per
912 1551 1001 1613 quant
1021 1535 1169 1595 ιοοοίιιιιιι
1188 1532 1343 1613 placentes

113 1639 195 1702 Deo.
243 1635 330 1709 Quod
359 1643 455 1694 autem
483 1631 532 1692 hio
552 1629 702 1692 immobile
723 1631 954 1712 regnnm'dicit,
984 1632 1061 1696 idem
1091 1633 1238 1696 firmatum
1265 1633 1344 1698 canit

113 1739 231 1804 David:
253 1737 403 1800 Dominus
425 1736 577 1814 repnaoit,
602 1733 737 1795 decorem
758 1733 870 1806 induit,
893 1736 993 1798 induit
1013 1734 1161 1806 llornr'rtus
1181 1736 1344 1815 fortitudi-

114 1859 189 1904 nem
211 1849 241 1900 et
263 1856 297 1900 ea
314 1838 489 1917 praecinxit
503 1852 543 1895 se.
587 1833 705 1896 Etenim
718 1835 855 1915 firmauit
870 1837 1098 1924 arienrnterroe,
1121 1840 1173 1919 σοι·
1185 1855 1247 1900 non
1264 1855 1343 1900 emn-

115 1940 303 2006 ntooehitur.
347 1937 449 2016 ltaque
470 1934 548 2016 quod
571 1954 587 1996 a
608 1935 756 2015 Propheta
777 1935 885 1998 dietum
909 1927 971 2010 est}
1005 1936 1164 2000 Salvatoris
1186 1937 1428 2004 adventantem.

120 2042 280 2124 signifieat,
302 2039 333 2102 in
356 2057 415 2118 quo
439 2045 469 2100 et
487 2056 544 2100 nos
566 2037 697 2100 renovati
719 2057 824 2100 sumus
845 2045 876 2100 et
897 2039 944 2100 lex
958 2039 1082 2119 spiritus
1098 2037 1257 2102 immobilis
1270 2055 1343 2120 per-

120 2152 249 2210 severat
293 2141 351 2204 Sed
375 2140 414 2203 illi
439 2158 507 2202 rere
525 2140 643 2220 Tropiei
666 2159 720 2202 εειι
741 2139 895 2202 versatiles
917 2139 1038 2202 loedere
1059 2159 1124 2204 eum
1140 2139 1255 2202 Arianis
1270 2140 1343 2204 inito

120 2267 156 2310 ao
178 2247 258 2308 inter
285 2263 318 2306 se
345 2242 495 2324 impietate
524 2241 666 2306 adversus
688 2241 873 2304 Divinitatem
895 2241 998 2316 divisa,
1022 2251 1055 2304 ut
1075 2243 1209 2306 videlieet
1229 2243 1271 2306 illi
1291 2242 1342 2306 ri-

120 2349 211 2424 liom,
234 2345 292 2428 ipsi
314 2345 455 2426 Spiritum
477 2361 541 2406 rem
563 2351 691 2408 creatam
713 2361 782 2405 esse
803 2352 951 2424 pugnent,
980 2353 1102 2424 tropos,
1131 2351 1164 2404 ut
1184 2342 1273 2406 iidem
1294 2331 1359 2404 lo-'

120 2459 262 2531 quantur,
286 2449 441 2528 effingere,
464 2454 552 2525 atque
574 2444 643 2507 illud
667 2445 771 2519 etiam,
794 2445 872 2525 quod
894 2454 975 2508 recte
997 2446 1033 2508 ad
1056 2429 1244 2506 Timotheum
1266 2443 1342 2506 sori·

121 2551 184 2630 psit
204 2550 378 2629 Apostolus,
408 2549 484 2612 male
512 2548 700 2628 interpretari
726 2548 792 2610 ausi
819 2556 899 2612 sunt.
950 2548 1071 2619 Testor,
1102 2547 1198 2626 inquit
1223 2545 1341 2620 Paulus,

125 2667 227 2714 eoram
249 2649 309 2713 Dea
331 2659 361 2714 et
385 2651 504 2714 Christo
528 2650 597 2712 lesu
620 2660 649 2712 et
671 2650 769 2722 electis
790 2651 920 2733 anpelis,
949 2662 984 2714 ut
1012 2651 1082 2712 haro
1105 2650 1255 2711 anatolius
1277 2652 1342 2710 sine

121 2751 324 2832 praeiudicio,
352 2751 430 2814 nihil
453 2751 568 2830 foriens
597 2771 636 2816 eto
657 2756 845 2816 inuitatione.
889 2753 932 2814 Ex
954 2750 1061 2831 quibua
1088 2749 1129 2812 illi
1152 2749 1341 2822 oonolndant,

125 2852 204 2933 quod
227 2869 292 2914 eam
314 2850 406 2914 Deum
430 2861 460 2914 et
479 2852 630 2916 Christum
652 2854 848 2916 nominaverit
869 2853 1033 2934 deindeque
1055 2850 1194 2930 angelos,
1216 2867 1341 2912 neeesse

125 2963 172 3016 est
193 2952 336 3032 Spiritum
358 2953 436 3014 inter
457 2953 577 3032 angelos
600 2955 797 3026 annumerari,
821 2943 946 3032 eumque
967 2971 1003 3014 ex
1017 2952 1135 3014 illorum
1154 2969 1223 3013 esso
1238 2951 1341 3014 ordine

123 3065 210 3136 aurae
230 3053 364 3134 angelum
392 3053 457 3115 ahis
480 3055 620 3118 maiorem
643 3073 720 3116 esse.
764 3055 864 3116 Primo
886 3054 945 3116 hoe
966 3053 1047 3133 impii
1070 3053 1213 3116 Valentini
1235 3053 1340 3116 inven-

125 3167 185 3221 tam
204 3164 264 3230 est,
286 3174 381 3235 nequo
401 3155 472 3217 latet
491 3155 576 3236 ipsos
600 3157 701 3218 eadem
726 3175 761 3218 ee
782 3155 863 3216 illum
883 3156 975 3235 loqui.
1018 3155 1069 3218 lile
1090 3156 1235 3236 siquidem
1258 3153 1339 3230 dixit,

124 3259 322 3340 quodnam
344 3257 489 3320 Paraolito
518 3275 574 3318 una
602 3275 668 3318 eom
690 3257 740 3320 illo
762 3257 861 3320 eoeevi
890 3257 1076 3340 oiumangnli
1107 3258 1193 3320 missi
1219 3257 1339 3320 luerint.

125 3359 233 3424 Deinde
255 3359 323 3422 dom
346 3359 490 3440 Spiritum
513 3359 743 3438 ad‘aageloram
765 3367 900 3424 naturam
922 3360 1079 3434 deducunt,
1105 3378 1165 3422 aon
1186 3359 1342 3424 advertunt

126 3529 206 3570 σιων,
234 3505 388 3573 ἐκλήθησαν
415 3503 444 3559 οἱ
466 3505 701 3578 πνεομστομάχοι,
790 3528 812 3577 g.
831 3503 870 3563 sn
887 3527 972 3564 omnes
990 3527 1049 3564 mss.
1068 3521 1091 3564 et
1109 3513 1338 3564 editcommohoti

127 3577 251 3652 Tpananoi
267 3571 392 3649 ir'dpffi·
411 3571 567 3647 ὕστερονδὲ
579 3571 633 3630 ἀπὸ
644 3581 704 3628 Mn·
754 3583 826 3632 etism
845 3581 973 3632 hamore
993 3597 1051 3632 mss.
1070 3583 1166 3634 eodiess
1184 3582 1236 3632 nori
1254 3582 1339 3632 Τειιι·

126 3645 251 3706 rediviae,
270 3627 478 3699 Muzslortnuai.
502 3650 528 3698 ld
547 3659 583 3700 est
602 3649 665 3714 Nota,
679 3651 703 3700 S.
753 3651 826 3700 menti
845 3651 901 3701 edit.
919 3651 994 3700 Oion.
1008 3650 1079 3700 1675.
1114 3652 1143 3700 ‚n
1160 3649 1200 3699 alii
1217 3640 1339 3714 opitule-

129 3722 220 3784 Spiritus
236 3721 328 3780 nostes,
348 3719 403 3783 quia
419 3719 496 3767 uarios
514 3718 631 3784 tropario
646 3733 703 3782 pro-
754 3729 799 3765 σιν
815 3717 1018 3782 (ἰιιειοοᾱιιιοιὶειο
1037 3733 1134 3782 qooqno
1153 3718 1209 3779 legit
1219 3717 1339 3781 interpres

127 3791 158 3840 uir
174 3789 220 3838 suis
238 3787 464 3850 interpretationibus
481 3801 506 3836 ιι
524 3788 703 3848 incantandi-
753 3786 851 3836 Latinas
886 3788 911 3836 in
945 3787 1042 3836 ιιιεοοοι
1074 3793 1161 3849 partem
1192 3785 1338 3836 declinando.
1397 3789 1403 3806 ¹

129 3863 210 3915 cuent,
229 3855 296 3902 initio
314 3859 406 3902 ooeator
425 3853 499 3916 [uisse
518 3853 642 3916 Τιοριοοι.Ι
658 3868 702 3916 po-
753 3853 844 3902 lhidsm
864 3853 937 3913 Regii,
956 3853 1036 3901 Ottoh.
1056 3851 1236 3915 siguenmnt.
1248 3852 1338 3915 laelio.

130 3931 174 3974 stro
189 3937 239 3970 reto
259 3937 272 3970 σ
289 3919 618 3970 ΜσεεοοιισΜοοιάοιιοιιοε.
645 3919 702 3967 Vide
754 3915 916 3984 φάσκουσιν.
951 3921 995 3968 tiit
1014 3925 1038 3968 et
1055 3919 1111 3969 editi
1129 3911 1281 3984 φάσκωσιν.

131 4005 178 4056 Μ·
194 3987 242 4065 6,45
263 3983 328 4050 [9³⁸¹
347 3985 404 4068 ffil·
425 3985 473 4033 hui·
493 3981 551 4049 ‘dl'
789 4011 812 4060 h.
831 4011 954 4072 Sielispii,
967 4013 1065 4072 sepner.
1078 4011 1337 4076 Ottoh.Baail.Aaplie.

161 4057 233 4106 ⁰¹3¹⁰
252 4055 307 4116 ¹³⁰⁸·
326 4054 348 4102 ι·
372 4057 471 4130 belim·
495 4045 704 4128 lnssm‘.i3⁰ll⁰¹·
755 4079 852 4129 Gahler.
871 4086 894 4128 et
912 4079 1015 4128 Felehm.
1037 4080 1058 4129 i.
1092 4079 1153 4130 Editi
1178 4096 1233 4132 οειο
1257 4089 1280 4131 et
1297 4081 1338 4132 elii

130 4133 152 4174 et
166 4123 267 4172 leloltm.
287 4122 308 4171 l.
344 4121 422 4170 Ceteri
440 4133 495 4168 tero
514 4129 537 4168 et
555 4117 610 4167 editt
624 4113 704 4172 αυτός
753 4140 801 4194 καί
817 4155 871 4195 'me
890 4137 957 4193 αὐτό
974 4149 1093 4197 ommuni·

131 4192 232 4242 omittant
256 4199 279 4241 et
296 4190 385 4240 hahent
401 4179 514 4253 ἔγραψε.
550 4186 605 4248 lien.
625 4185 648 4236 2.
667 4195 703 4238 ta·
791 4241 796 4250 ¹
819 4235 824 4248 ,

133 4276 179 4314 m„
195 4252 300 4326 grew
317 4271 412 4322 quoqu,
431 4257 509 4306 hahet.
777 4255 805 4318 ιι.
824 4237 920 4318 Gohler.
939 4239 1044 4290 Felchm.
1064 4240 1086 4290 t.
1104 4239 1204 4304 Segaer.
1223 4249 1246 4291 et
1256 4241 1336 4292 Ottoh.

160 4329 174 4378 l.
190 4329 229 4380 sio
247 4327 301 4388 ling.
315 4325 336 4374 1.
355 4334 378 4374 et
395 4325 494 4386 Segaer.
530 4321 705 4374 tunonensi
754 4299 928 4390 ῖῦῦῦξῑνων·
977 4307 1050 4357 Ρθΰῖθ
1076 4307 1337 4372 imiimi-1³²²·

132 4396 303 4446 inlumina
323 4395 421 4456 legitor:
440 4389 489 4440 τοῦ
504 4389 570 4440 θεοῦ
579 4387 703 4456 Χριστοῦ
754 4373 825 4426 Bm!-
839 4377 938 4456 sewi·
956 4377 1052 4454 Gfiffl‘f·
1072 4385 1095 4454 ⁰}
1114 4378 1216 4429 ΝΜ·
1231 4377 1253 4427 ¹·
1270 4369 1338 4444 lpa-

129 4453 212 4522 Ἰησοῦ.
247 4463 274 4514 ln
288 4462 377 4522 nuptis.
397 4458 446 4509 τοῦ
462 4459 529 4510 θεοῦ
545 4453 592 4508 rai
608 4453 702 4526 κυρίου
754 4455 807 4492 ⁰⁸⁹·
844 4443 889 4494 ΜΗ
906 4453 930 4494 ⁰²
947 4445 1114 4510 θὼῑῑφησθ·
1217 4516 1221 4522 ¹

133 4521 199 4594 ipsiu
215 4521 303 4590 Ἰησοῦ
321 4526 452 4594 Χριστοῦ.
488 4529 565 4579 Editio
584 4527 701 4578 Commel.
786 4529 808 4580 i.
826 4529 866 4580 Sia
884 4529 949 4591 Regii
967 4536 991 4578 et
1003 4529 1142 4591 Segaeritn.
1177 4529 1238 4580 Editi
1256 4529 1337 4580 etalii

134 4599 209 4660 otim
218 4597 242 4650 2.
260 4597 308 4648 rosi
325 4596 391 4648 leni
407 4591 453 4646 arni
466 4594 589 4663 Χριστοῦ
603 4587 701 4656 Ἰησοῦ.
750 4589 957 4661 καταγαγόντες.
