3234 5282
233 377 295 441 335
631 393 657 436 ε.
673 391 826 434 ιτιυιωειι
841 391 1064 436 κκσωεειεοονι

144 540 354 628 ε.οκ.λήματι
386 535 487 606 αὐτοῦ
520 535 628 616 οὐδεὶς
661 531 851 624 ἀνθέστηκε.
889 545 979 618 τίνος
1006 528 1065 606 ούν
1092 541 1185 608 ἕνεκα
1213 535 1251 608 ού
1278 547 1390 628 γέγονε
1415 542 1461 612 τὰ

232 641 345 709 πάντα
367 640 459 725 παρὰ
480 639 584 723 μόνου
605 641 664 704 τοῦ
687 641 771 706 θεοῦ
793 642 841 723 τῷ
856 639 1093 726 σροςτάγματι,
1117 631 1145 728 ᾦ
1155 648 1266 728 γέγονε
1277 638 1455 724 καὶὁυίύς,

230 738 253 829 ή
275 744 365 810 διατί
392 741 449 808 διὰ
469 739 588 806 τούτου
611 739 722 806 πάντα
742 746 854 824 γέγονε
875 747 930 807 καί
951 765 1005 808 τοι
1026 745 1079 810 καί
1103 739 1204 810 αὐτοῦ
1225 747 1359 832 γενητοῦ
1381 769 1458 830 τυγ-

227 845 415 929 χάνοντος,
435 844 627 927 λεγέτωσαν.
666 836 783 925 ἀλογία
810 843 870 925 μέν
892 831 968 908 ’σύν
990 846 1086 910 πᾶσα
1108 839 1186 930 παρ’
1212 839 1340 923 αὐτοῖς·
1370 844 1457 933 φασὶ
1556 926 1562 939 x

232 947 269 1014 δὲ
299 941 389 1028 ὅμως
411 941 490 1027 περὶ
512 941 630 1007 τούτου
637 992 646 1021 ,
681 937 726 1020 ῶς
748 939 812 1024 ἀρα
833 944 945 1009 θέλων
968 939 986 1008 5
1007 943 1091 1022 θεὸς
1112 943 1170 1031 τήν
1191 944 1327 1035 γενητήν
1347 953 1459 1012 κτίσαι

232 1046 348 1136 φύσιν,
373 1043 488 1128 ἐπειδή
512 1042 600 1127 ἐώρα
620 1039 665 1127 μή
688 1041 868 1127 δυναμένην
891 1038 991 1130 αῦτήν
1012 1056 1187 1128 μετασχεῖν
1208 1049 1267 1132 τῆς
1289 1050 1368 1113 Ι’τοῦ
1391 1071 1457 1113 τεα-

230 1147 309 1235 τρὸς
336 1133 572 1240 ἀκράτου’”καλ
600 1143 659 1229 τῆς
680 1137 758 1227 παρ’
782 1136 884 1210 αύτοῦ
907 1145 1135 1232 δημιουργίας,
1165 1157 1261 1215 ποιεῖ
1281 1144 1338 1214 καὶ
1357 1147 1458 1226 κτίζει

231 1247 374 1336 πρώτως
399 1245 500 1330 μύνος
527 1241 630 1328 μόνον
652 1243 723 1324 ἕνα,
758 1247 812 1311 καί
834 1245 927 1312 καλεῖ
945 1249 1062 1314 τοῦτον
1083 1246 1155 1314 υἱὸν
1176 1253 1231 1314 καί
1253 1246 1367 1333 λόγον,
1401 1248 1458 1316 ἵνα

231 1349 351 1418 τούτου
379 1351 482 1431 μέσον
505 1347 700 1430 ἐγενομένου
727 1341 833 1425 οῦτως
861 1346 982 1414 λοιπὸν
1009 1346 1065 1415 καὶ
1091 1348 1135 1415 τὰ
1156 1349 1267 1416 πάντα
1289 1343 1330 1416 δι’
1354 1342 1457 1414 αύτοῦ

145 1455 390 1538 κατεγνῶσθαι
412 1448 549 1535 δυνηθῇ.
587 1448 691 1514 ταῦτα
712 1441 751 1512 ού
772 1445 875 1532 μόνον
895 1447 1070 1536 είρήκασιν,
1094 1443 1179 1516 ἀλλὰ
1192 1453 1245 1516 καί
1260 1447 1390 1536 γράψαι
1403 1474 1458 1516 τε-

231 1550 431 1639 τολμήκασιν
453 1542 614 1634 Εύσίβιύς
634 1573 671 1615 τε
691 1551 746 1615 καλ
762 1544 895 1636 Ἄρειος
916 1549 972 1617 καὶ
994 1545 1012 1616 5
1034 1549 1144 1629 θύσας
1161 1547 1340 1636 Ἀστέριος.

316 1659 367 1722 25.
411 1653 494 1730 Πῶς
516 1639 575 1717 οῦν
597 1643 655 1716 ούκ
677 1647 718 1716 ἀν
738 1675 790 1728 τις
813 1645 921 1717 αὐτῶν
944 1651 978 1718 ἐκ
999 1652 1126 1718 τούτων
1146 1653 1257 1720 τέλεον
1278 1658 1453 1737 καταγνοίη

230 1757 289 1844 τῆς
311 1747 480 1840 ἀσεβείας,
503 1750 543 1838 ἣν
564 1751 657 1838 μετά
670 1752 797 1839 πολλῆς
817 1755 876 1839 τῆς
898 1747 1088 1841 ἀφροσύνης
1104 1739 1240 1832 ἐαυτοίς
1261 1752 1456 1840 κεράσαντες

126 1907 131 1914 -
176 1907 179 1912 -
232 1851 290 1924 οῦκ
312 1855 514 1943 ἐρυθριῶσιν
536 1849 624 1920 ούτω
646 1852 911 1937 καταμεθύοντες
924 1857 983 1940 τῆς
998 1845 1179 1944 ἀληθείαςς
1206 1855 1235 1922 εἰ
1248 1856 1309 1939 μὲν
1323 1852 1384 1940 γὰρ
1400 1850 1457 1920 διὰ

230 1958 270 2024 τὸ
299 1957 433 2042 κάμνειν
458 1954 517 2021 τὸν
538 1954 621 2021 θεὸν
643 1953 729 2040 πρὸς
750 1953 809 2042 τήν
830 1957 897 2021 τῶν
920 1952 1028 2024 ἄλλων
1051 1957 1207 2042 ἐργασίαν
1229 1955 1375 2044 φήσουσι
1394 1953 1457 2038 μό·

231 2082 288 2126 νον
310 2053 410 2125 αὐτὸν
432 2061 651 2143 πεποιηκέναι
671 2053 730 2122 τὸν
753 2054 841 2134 υλδν,
870 2055 1070 2142 καταβοήσει
1089 2059 1151 2141 μὲν
1173 2057 1299 2124 τούτων
1320 2059 1415 2124 πᾶσα
1436 2049 1456 2140 ή

231 2163 336 2236 κτίσις
358 2151 416 2224 οῦκ
438 2154 516 2236 ἀξια
537 2161 774 2243 φθεγγομένων
789 2157 866 2242 περὶ
880 2159 939 2220 τοῦ
950 2160 1044 2236 θεοῦ,
1062 2156 1233 2244 ἐγγράφως
1244 2158 1280 2225 δὲ
1292 2153 1457 2234 ὁἩσαΐος

232 2260 350 2344 λέγων·
372 2258 455 2336 θεὸς
478 2257 622 2338 αἰώνιος,
647 2253 665 2322 5
686 2258 932 2334 κατασκευάσας
952 2255 995 2322 τὰ
1017 2255 1101 2342 ἀκρα
1121 2261 1180 2344 τῆς
1194 2261 1261 2344 γής,
1285 2252 1324 2324 οῦ
1339 2255 1457 2326 πεινά-

233 2383 284 2427 σει
311 2353 389 2426 οῦδὲ
418 2358 590 2438 κοπιάσει,
621 2354 698 2425 ούδέ
726 2358 816 2426 ἐστιν
839 2357 1000 2444 ἐξαίρεσις
1020 2360 1078 2444 τής
1100 2357 1292 2445 φρονήσεως
1314 2353 1455 2436 αὐτοῦ’).

232 2460 263 2528 εἰ
284 2460 321 2527 δὲ
343 2456 389 2538 ῶς
410 2454 562 2538 ἀπαξιῶν
585 2455 603 2524 5
625 2458 707 2537 θεὸς
728 2459 770 2525 τὰ
792 2457 878 2526 ἀλλα
899 2457 1108 2544 ἐργάσασθαι
1121 2457 1178 2525 τὸν
1192 2459 1252 2543 μὲν
1267 2457 1339 2524 υἱὸν
1353 2457 1457 2542 μόνον

180 2631 187 2642 ,
232 2560 418 2647 εἰργάσατο,
441 2559 541 2626 τὰδὲ
564 2559 648 2626 ἀλλα
670 2562 734 2646 οτῶ
755 2561 817 2646 υίῷ
841 2560 1033 2646 ἐνεχείρισεν
1056 2555 1101 2638 ῶς
1121 2561 1255 2646 βοηθῷ,
1278 2559 1459 2624 καὶτοῦτο

131 2685 135 2696 “
230 2663 291 2748 μὲν
314 2655 448 2742 ἀνάξιον
470 2665 564 2742 θεοῦ,
588 2656 652 2741 οάκι
669 2659 740 2728 ἐστι
760 2659 822 2746 γάρ
845 2661 879 2728 ἐν
893 2665 966 2748 θεῷ
981 2665 1095 2749 τῦφος,
1119 2660 1272 2749 ἐντρίψει
1286 2659 1322 2725 δὲ
1337 2651 1458 2735 αύτούς

232 2759 323 2848 ὅμως
345 2758 363 2829 5
385 2762 496 2849 κύριος
518 2763 635 2848 λέγων·
660 2759 731 2845 ούχὶ
753 2760 813 2827 δύο
835 2767 1000 2846 στρουθία
1015 2757 1177 2848 ἀσσαρίου
1191 2760 1376 2840 πωλείταις
1403 2760 1459 2824 καλ

232 2867 268 2932 ἐν
295 2863 332 2944 ἐξ
358 2858 467 2931 αὐτῶν
495 2858 536 2930 οῦ
565 2873 719 2932 πεσεῖται
746 2862 803 2930 ἐπὶ
830 2860 889 2950 τήν
903 2865 970 2948 -γήν
992 2860 1070 2931 ἀνἐυ
1091 2863 1165 2929 ’τοῦ
1188 2859 1316 2946 πατρὸς
1336 2855 1457 2942 ὑμῶν’)
1498 2931 1502 2938 ,
1614 2931 1615 2942 ¹

231 2969 290 3033 τοῦ
313 2965 347 3034 ἐν
369 2977 441 3046 τοῖς
463 2961 630 3052 ούρανοίς,
660 2967 715 3032 καὶ
737 2963 856 3032 πάλιν·
878 2961 923 3049 μή
945 2967 1124 3050 μεριμνᾶτε
1145 2967 1185 3050 τῇ
1207 2956 1409 3048 ψυχῇ”ύμῶν
1423 2964 1459 3026 τί

232 3067 367 3156 φάγητε,
391 3069 476 3156 μηδὲ
496 3071 544 3156 τῷ
568 3067 698 3154 στῦματι
719 3063 810 3152 ὑμῶν
830 3071 865 3133 τί
886 3063 1087 3152 ἐνδύσησθε·
1110 3060 1180 3148 ούχλ
1202 3059 1326 3150 ήψυχή
1341 3059 1458 3129 πλεῖόν

187 3210 190 3218 ,
232 3165 304 3234 ἐστι
324 3171 383 3255 τῆς
403 3172 545 3256 τροφῆς,
568 3175 623 3237 καί
645 3168 684 3237 τὸ
707 3171 804 3254 σῶμα
824 3169 883 3236 τοῦ
906 3164 1102 3251 ἐνδύματοςς
1140 3164 1328 3249 ἐμβλέψατε
1349 3163 1397 3242 είς
1416 3159 1459 3230 τὰ
1526 3209 1529 3214 -

232 3265 370 3350 πετεινὰ
390 3269 449 3334 τοῦ
472 3264 623 3354 ούρανοῦ,
646 3266 701 3336 ὅτι
721 3265 759 3336 ού
776 3275 970 3354 σπείρουσιν
992 3260 1068 3332 ούδὲ
1082 3264 1274 3349 θερίζουσιν
1289 3258 1366 3332 ούδὲ
1381 3287 1459 3332 συν·
1517 3273 1519 3278 ’

233 3364 369 3451 άγουσιν
392 3367 439 3445 είς
460 3367 540 3447 Ιτάς
562 3364 748 3454 ἀποθήκας,
772 3371 826 3434 καλ
849 3362 867 3432 5
888 3364 999 3450 πατὴρ
1020 3360 1112 3448 ὑμῶν
1135 3358 1153 3428 5
1176 3361 1330 3451 οὐράνιος
1343 3369 1460 3462 τρέφει

234 3460 334 3532 αῦτά·
368 3459 426 3547 οῦχ
446 3461 542 3550 ύμεΐς
561 3469 688 3551 μᾶλλον
710 3469 885 3554 διαφέρετε
907 3458 1032 3546 αύτῶνς
1065 3471 1117 3543 τίς
1138 3464 1175 3532 δὲ
1197 3464 1232 3545 ἐξ
1251 3461 1344 3556 ὑμῶν
1364 3489 1459 3551 μερι-

231 3568 322 3649 μνῶν
344 3563 483 3632 δύναται
502 3567 726 3651 ΙΙτεροςθεϊναι
748 3566 805 3633 ἐπί
827 3564 885 3652 τήν
906 3559 1035 3651 ήλικίαν
1057 3562 1157 3632 αὑτοῦ
1172 3569 1279 3650 ττῗχυν
1297 3568 1372 3649 ἕνας
1403 3566 1459 3634 καί

233 3669 310 3754 περὶ
340 3665 519 3751 ἐνδύματος
547 3672 581 3733 τί
606 3669 785 3752 μεριμνᾶτε
792 3696 803 3748 ,·
834 3664 1045 3752 καταμάθετε
1069 3667 1113 3734 τά
1139 3674 1234 3754 κρίνα
1260 3671 1320 3735 τοῦ
1343 3662 1453 3755 ἀγροῦ,

304 3855 519 3921 mmmm
591 3854 835 3920 Μωωω

197 4039 203 4047 ,
266 4004 287 4039 κ
306 3989 348 4040 Sic
365 3991 504 4054 Seguerian.
523 3991 620 4074 Gobleg.
639 4001 663 4043 ει
680 3991 785 4042 Ρείελω.
797 3992 819 4042 1.
870 3992 898 4042 λι
915 3991 957 4044 aiii
975 3999 998 4042 et
1016 3993 1072 4044 odini
1090 3989 1139 4041 τοῦ
1156 3989 1231 4044 θεοῦ.
1257 3990 1461 4072 Ιίιίδεοιδεμιετ.

232 4056 259 4107 ln
279 4056 335 4107 είῦε
359 4065 382 4106 εί
408 4059 479 4108 editis
497 4060 565 4111 δεειι
581 4074 636 4110 ουν.
672 4061 747 4110 Paulo
765 4068 821 4125 ροτι
871 4059 942 4112 cour.
960 4067 984 4109 et
1001 4061 1107 4112 ῦεΙεΙιτο.
1117 4061 1137 4110 1.
1154 4054 1200 4109 καὶ
1217 4057 1266 4119 τῆς
1282 4049 1346 4126 παρ’
1366 4056 1492 4122 αυτοῦ,

232 4123 264 4172 So
298 4125 374 4174 εείτσ.
393 4125 449 4188 [λος.
469 4127 566 4178 Gobler.
586 4127 692 4180 Felckm.
713 4128 736 4178 1.
755 4137 779 4178 εί
796 4129 820 4178 5.
872 4127 951 4180 Ceteri
968 4136 993 4178 ει
1010 4129 1066 4180 cdiii
1084 4122 1130 4182 καλ
1146 4117 1209 4193 παρ’
1229 4119 1321 4178 αύτοῦ.
1341 4128 1460 4189 Μοτίλος.

231 4191 251 4238 θ
304 4206 322 4239 ν
338 4183 442 4266 speie.
478 4187 822 4250 λλῦειεδὶίίθίλυνὸτῶν
871 4204 895 4245 ει
907 4196 1010 4246 ΡεΙεΙιιο.
1022 4196 1045 4244 5.
1063 4191 1145 4250 κτίζει
1157 4187 1279 4258 πρῶτος.
1297 4196 1343 4245 Alii
1360 4204 1384 4245 ει
1402 4195 1460 4245 editi

232 4249 304 4306 ὅλοιν
319 4257 393 4313 θεας.
436 4259 527 4309 Ibidem
551 4261 652 4323 Seguer.
675 4261 772 4312 Gobler.
797 4269 821 4311 ει
871 4259 987 4327 πρῶτος.

232 4327 338 4378 Felekm·
349 4327 372 4378 Ι·
389 4319 440 4386 ¹5⁹
456 4320 579 4390 YW’JV·
617 4327 720 4378 ΝΜ·
731 4327 754 4378 5·
773 4321 824 4406 ’λ’
908 4377 930 4413 0,
947 4359 1040 4425 supple
1053 4353 1162 4426 χειρός,
1182 4367 1208 4410 τι
1225 4373 1298 4423 supra
1315 4357 1419 4410 habetur
1436 4375 1462 4428 ρ.

231 4407 373 4580 μω
386 4397 454 4514 ,υ
470 4395 823 4514 ωυωωυκ
873 4427 931 4500 τε
951 4423 987 4494 ε
1155 4423 1223 4490 ω
1241 4441 1264 4476 η.
1283 4425 1305 4476 0.

175 4645 178 4650 .
247 4543 350 4662 ούύάλίι
367 4597 467 4664 Βεραεν.
485 4597 582 4650 Gobler.
601 4597 705 4652 Felckm.
725 4597 747 4652 1,
764 4599 820 4649 ειί.
871 4530 1048 4663 γεάύμςένὸύιύ.Γ
1067 4525 1462 4664 λέἐέἀηύλιεέδλιῦῑγέἐέλέἐάλῦύ
