3236 5286
155 389 159 398 '
222 388 285 452 222
555 405 558 412 ·
621 403 649 448 s.
664 401 819 447 ιτιιιειεα
830 401 1055 447 uomentem
1162 376 1166 382 ’

134 553 269 636 amq?
291 552 366 628 πῶς
388 549 527 616 δύναται
548 541 635 616 ελναι
656 544 799 637 ἀληθές,-
836 544 855 614 ό
877 548 914 615 δέ
934 571 971 634 γε
991 547 1103 635 κύριος
1124 548 1225 634 λέγει·
1249 547 1311 634 ίγεό
1334 545 1445 636 είμιῆ

221 646 405 740 ἀλήθεια).
443 651 473 718 εί
493 646 605 726 τοίνυν
628 645 646 716 ό
668 651 780 737 κύριος
801 643 904 730 αὐτὸς
922 647 1003 736 περί
1023 644 1140 716 ἑαυτοῦ
1163 651 1261 730 τοῦτο
1284 649 1447 735 λέγεικαὶ

219 751 259 820 τὸ
279 749 463 838 ιίίτρεπτον
485 751 603 819 ἑαυτοῦ
625 751 803 832 δείκνυσιν,
827 751 863 817 οἵ
882 775 919 817 τε
941 747 1032 836 ίίγωι
1051 748 1220 835 μαθόντες
1240 753 1338 817 τοῦτο
1359 775 1447 838 μαρ-

219 856 384 938 τυροῦσιν,
408 847 493 921 άλλὰ
512 851 576 939 γάρ
597 856 651 920 καί
674 853 710 920 αἱ
731 855 809 939 περὶ
824 854 909 919 θεοῦ
925 851 1050 919 ἔννοιαι
1063 855 1161 918 τοῦτο
1176 851 1290 918 ίσασιν
1305 846 1444 936 εόσεβές,
1479 873 1485 894 ·

221 953 332 1024 πόθεν
359 949 448 1020 ταῦτ’
473 951 658 1042 ἐπενόησαν
677 955 719 1022 ὀί
748 955 934 1038 δυςσεβείςς
956 948 1035 1020 άπὸ
1060 954 1121 1037 μὲν
1151 941 1210 1020 οὖν
1230 955 1290 1038 τῆς
1310 954 1447 1040 καρδίας

220 1052 267 1136 ὥς
288 1049 359 1122 άπὸ
382 1058 518 1144 φθορᾶς
539 1049 624 1124 αάτὰ
645 1055 813 1142 ἐξήμεσεν.
844 1115 848 1119 .
1304 1125 1310 1136 ,
1542 1117 1549 1128 .

306 1161 358 1224 37.
403 1151 553 1244 1’Ἐπειδὴ
576 1158 613 1243 δὲ
634 1156 902 1246 προφασίζονται
922 1156 965 1222 τὰ
984 1161 1068 1224 θεία
1089 1153 1186 1241 λόγια
1206 1158 1261 1222 καί
1275 1154 1461 1241 βιάζονται’

221 1247 466 1344 παρεξηγεϊθαι
485 1253 590 1326 ταῦτα
611 1258 695 1353 κατά
708 1257 766 1325 τὸν
781 1259 869 1326 ίδιον
883 1260 970 1340 νοῦν,
994 1252 1170 1344 ἀναγκαῖον
1184 1260 1346 1324 τοσοῦτον
1360 1253 1448 1324 διπο-

221 1364 403 1446 κρίνασθαι
425 1360 564 1442 τούτοις,
589 1356 669 1429 ὅσον
690 1360 859 1447 ἐκδικῆσαι
880 1359 940 1427 ‘vde
960 1358 1043 1447 ῥητά
1063 1361 1118 1426 καί
1141 1360 1248 1439 δεῖξαι
1268 1361 1372 1426 ταῦτα
1385 1350 1446 1440 μὲν

119 1523 124 1542 ,
222 1456 329 1550 όρθίμ
352 1461 467 1544 έχοντα
487 1461 546 1551 τὴν
568 1461 728 1542 διάνοιαν,
752 1457 895 1542 ἐκείνους
916 1463 953 1529 δὲ
974 1463 1080 1540 κακῶς
1102 1463 1314 1548 φρονοῦντας.
1360 1463 1445 1547 φασί

157 1551 159 1556 ’
221 1568 347 1643 τοίνυν,
380 1558 434 1630 ότι
454 1569 638 1650 γέγραπται
651 1547 773 1650 ’ίπαρά
792 1565 853 1647 μέν
874 1566 922 1651 τῷ
945 1557 1142 1650 άποστόλιμ·
1171 1561 1300 1628 διὸκαὶ
1323 1555 1341 1626 ό
1363 1560 1447 1640 θεός

222 1660 323 1732 οιότόν
344 1660 548 1754 όπερόψωσε
568 1667 622 1731 καί
645 1663 819 1750 ἐχαρίσατο
841 1660 931 1752 αὐτῷ
954 1661 1060 1748 ὄνομα
1080 1663 1119 1729 τό
1139 1659 1223 1748 ὑπὲρ
1244 1664 1314 1728 πᾶν
1329 1657 1443 1746 ὄνομα,

147 1831 151 1846 ,
222 1765 280 1832 ἵνα
306 1765 341 1832 έν
357 1768 415 1851 «τῷ
439 1758 578 1848 όνόματι
598 1759 714 1853 ’Ἰησοῦ
737 1759 807 1834 πάν
828 1765 906 1852 γόνυ
928 1765 1045 1854 κάμψῃ
1068 1764 1272 1852 ἐπουρανίων
1293 1767 1348 1831 καλ
1371 1763 1447 1831 έπι-

221 1872 319 1953 γείων
341 1863 395 1932 καί
417 1869 646 1948 καταχθονίων
654 1869 687 1948 ’),
703 1865 804 1952 ’παρὰ
826 1868 863 1935 δὲ
884 1870 932 1955 τῷ
947 1866 1074 1953 Δαβίδ·-
1097 1865 1262 1934 όιάτοότο
1278 1865 1385 1954 ίχρισέ
1398 1887 1445 1946 σε,

202 2021 204 2024 .
223 1962 242 2034 ό
264 1966 355 2046 θεός,
380 1961 398 2032 ὁ
419 1964 503 2045 θεός
524 1989 585 2034 σου
608 1967 720 2035 ἔλαιον
734 1964 962 2053 ἀγαλλιάσεως
976 1966 1070 2054 παρὰ
1083 1968 1161 2047 τοὺς
1174 1966 1333 2053 μετόχους
1347 1969 1447 2048 σοι’).

224 2063 295 2136 είτα
317 2066 535 2152 ἐπιφέρουσιν
558 2064 603 2148 ὥς
625 2069 733 2156 σοφόν
754 2093 788 2135 τι
809 2071 971 2155 λέγοντες·
994 2069 1024 2135 εί
1046 2068 1104 2135 διά
1118 2072 1223 2136 τοῦτο
1245 2065 1373 2156 ὑψώθη
1394 2070 1449 2136 καί

220 2169 317 2253 χάριν
345 2166 442 2253 ἔλαβε
473 2169 529 2234 καλ
557 2167 614 2236 διὰ
641 2173 740 2236 τοῦτο
765 2176 947 2255 κέχρισται,
981 2167 1110 2252 μισθὸν
1138 2172 1197 2255 τῆς
1223 2175 1450 2256 προαιρέσεως

223 2268 330 2354 λ’λυβε,
346 2275 542 2358 προαιρέσει
557 2270 594 2337 δὲ
608 2271 738 2357 πράξας
751 2272 894 2357 τρεπτῆς
907 2268 996 2336 ’ἐστι
1009 2268 1145 2348 πάντως
1167 2267 1309 2356 φύσεως.
1346 2273 1450 2338 ταῦτα

223 2363 263 2436 οὗ
290 2364 394 2454 μόνον
423 2369 530 2439 είπεῖν
558 2366 643 2439 άλλά
670 2376 724 2439 καί
745 2371 876 2460 γράψαι
895 2369 1132 2456 τετολμήκασιν
1153 2365 1317 2456 Εόσέβιός
1337 2396 1375 2439 τε
1395 2373 1450 2439 καλ

216 2469 359 2558 Ἄρειος,
381 2474 436 2540 καὶ
459 2473 493 2539 ol
515 2467 572 2541 ἀπ’
596 2467 705 2542 αὐτῶν
727 2474 764 2541 δὲ
786 2475 899 2542 λαλεῖν
920 2466 978 2539 οίικ
1000 2466 1132 2538 ὀκνοῦσι
1153 2469 1237 2538 κατὰ
1250 2485 1265 2522 ¹
1272 2462 1376 2557 μέσην
1391 2470 1449 2557 τὴν

161 2581 165 2589 ’
224 2566 356 2660 άγοράν,
380 2569 438 2657 οὐχ
460 2569 601 2661 δρῶντες
623 2570 704 2662 όσην
724 2579 848 2659 μανίαν
871 2569 889 2641 ό
913 2572 1009 2660 λόγος
1031 2565 1137 2640 αότῶυ
1161 2571 1234 2654 ἔχει
1265 2571 1295 2639 εί
1316 2570 1377 2658 γὰρ
1392 2596 1450 2656 μι-

225 2673 312 2743 σθὸν
340 2681 568 2762 προαιρέσεως
597 2675 712 2762 ἔλαβεν
739 2673 762 2742 ά
790 2675 897 2758 ἔσχεν,
922 2669 980 2740 οόκ
1001 2667 1041 2741 άν
1064 2672 1205 2761 έσχηκὼς
1226 2667 1331 2740 ΙΙδιότίι
1353 2673 1383 2740 εί
1403 2671 1449 2759 μὴ

224 2778 283 2844 τοῦ
307 2777 462 2861 δεομένου
484 2775 523 2842 τὸ
546 2775 640 2863 ἔργον
662 2775 860 2855 ἐνεδείξατο·
889 2775 925 2855 έξ
945 2770 1064 2863 ἀρετῆς
1084 2771 1150 2861 άρο
1170 2776 1224 2840 καί
1245 2773 1452 2860 βελτιώσεως

138 2899 216 2945 οων.
225 2881 330 2946 ταῦτα
349 2876 507 2964 ῑίοχηκὼς
528 2877 662 2957 είκότως
684 2877 803 2964 ἐλέχθη
827 2875 884 2943 διά
903 2879 1009 2943 ταῦτα
1030 2879 1084 2944 καί
1106 2875 1179 2955 υίὸς
1199 2877 1253 2942 καί
1276 2873 1373 2956 θεός,
1396 2881 1451 2944 καί

225 2975 284 3046 οόκ
312 2979 401 3048 έοτιν
430 2973 592 3067 ἀληθινὸς
619 2979 699 3058 υίός.
744 2976 784 3045 τὸ
809 2976 953 3064 μὲνγὰρ
976 2977 1011 3045 ίκ
1032 3000 1122 3056 τινος
1143 2975 1227 3049 κατὰ
1249 2977 1350 3064 φάσιν
1372 2971 1451 3066 άλη-

224 3079 324 3149 θιιόν
346 3081 418 3148 ἐστι
439 3086 590 3169 γέννημα,
614 3075 686 3160 οἶος
706 3069 746 3166 ἦν
764 3074 872 3146 ’ίσαὰκ
891 3082 939 3166 τῷ
958 3073 1110 3164 Ἀβραὰμ
1131 3079 1185 3144 καί
1197 3070 1318 3166 Ἰωσὴφ
1331 3081 1379 3165 τῷ
1391 3073 1451 3146 ’ία-

224 3180 294 3264 κὼβ
321 3182 376 3247 καί
402 3179 441 3246 τό
470 3176 674 3268 όπαόγαομά
702 3183 749 3267 τῷ
776 3175 876 3270 ἡλίῳ,
909 3180 942 3246 οί
971 3180 1007 3246 δὲ
1035 3179 1071 3260 έξ
1097 3173 1215 3266 άρετῆς
1241 3181 1296 3245 καί
1316 3178 1450 3264 χάριτος

226 3277 396 3362 λεγόμενοι
416 3279 519 3361 μόνον
541 3283 625 3350 εἰσίν
648 3283 775 3366 ἔχοντες
796 3279 869 3349 άντί
891 3284 950 3368 τῆς
972 3281 1104 3366 φύσεως
1124 3279 1184 3368 τὴν
1205 3279 1240 3347 ίκ
1260 3283 1320 3346 τοῦ
1337 3282 1449 3365 λαβεῖν

224 3373 319 3463 χάριν
347 3382 403 3445 καί
426 3377 523 3447 ἄλλοι
544 3381 720 3468 1ιιταράτό
743 3382 846 3448 δοθέν
868 3377 983 3459 αὐτοῖς
1005 3377 1111 3462 ὄντες,
1142 3375 1211 3448 οίοί
1232 3380 1316 3450 είσιν
1338 3381 1371 3448 οί
1392 3379 1449 3448 δίν-

224 3484 365 3564 θρωποι
393 3479 426 3545 οἱ
452 3480 536 3546 κατά
562 3481 701 3566 μετοχὴν
724 3483 855 3564 πνεῦμα
877 3479 1046 3566 λαβόντες,
1080 3480 1162 3569 περί
1182 3472 1229 3549 ὧν
1249 3485 1303 3550 καλ
1326 3481 1449 3568 ἔλεγεν·

226 3578 317 3658 υἱοὺς
339 3578 494 3666 έγέννηοα
514 3582 570 3646 καί
591 3579 725 3662 όψωσα,
749 3575 843 3648 αὐτοὶ
866 3581 904 3648 δέ
924 3607 967 3666 με
986 3579 1194 3671 ἠθέτησαν).
1240 3579 1356 3668 άμέλει
1376 3583 1450 3666 ἐπεὶ

159 3747 164 3756 ,
225 3679 270 3766 μὴ
297 3680 380 3747 κατά
408 3677 510 3768 φύσιν
537 3669 622 3768 ἦσαν
643 3682 719 3762 υίοί,
744 3680 801 3748 διά
821 3685 920 3750 τοῦτο
942 3683 997 3749 καί
1018 3689 1211 3770 τραπέντων
1233 3679 1341 3752 αὐτῶν
1363 3679 1450 3772 ἀφη-

226 3787 310 3869 ρέθη
333 3781 371 3848 τό
393 3785 533 3868 πνεῦμα,
556 3781 613 3849 καί
633 3779 927 3871 άπεκηρόχθησαν·
949 3786 1003 3849 καί
1026 3782 1129 3851 πάλιν
1151 3786 1188 3851 δὲ
1208 3787 1449 3874 μετανοοῦάτας

227 3879 346 3962 αὐτοὺς
379 3885 507 3964 δέξεται
538 3883 595 3952 καί
623 3883 739 3965 διδοὺς
772 3884 812 3951 τό
840 3886 914 3972 φῶς
943 3883 1047 3952 πάλιν
1073 3885 1179 3966 1υίσίις
1200 3887 1333 3955 καλέσει
1355 3881 1373 3952 ό
1396 3883 1452 3953 καί

226 3983 309 4052 κατὰ
330 3983 389 4070 τὴν
412 3979 511 4072 άρχὴν
531 3984 615 4066 ’θεὸς
638 3983 724 4054 οάτω
746 3987 805 4076 τὴν
825 3985 921 4072 χάριν
944 3981 1058 4067 αότοίς
1080 3985 1238 4066 δεδωκώς.

288 4156 498 4218 1)1oan.14,6.
548 4158 573 4218 2)
591 4160 652 4209 Phil.
672 4159 697 4219 2,
715 4159 799 4212 9.,10.
844 4155 1221 4225 ³)Psa1.45[44.Lxx.],s.
1267 4160 1367 4220 4)Εεο.
1388 4159 1453 4221 m.

260 4288 281 4323 ι.
300 4275 340 4324 Sic
358 4274 497 4354 θνησειὶοο.
517 4275 614 4325 nomer.
633 4283 656 4324 ει
674 4275 778 4326 Γείελιο.
792 4277 814 4326 1.
866 4277 1073 4338 ίίυίδ.8εςοειίεο.
1091 4256 1313 4344 προφασίζονται
1329 4269 1365 4323 τὰ
1381 4276 1453 4325 θεία.
1556 4289 1560 4296 ·

225 4341 315 4401 λοςίίε.
326 4355 380 4389 vero
391 4353 529 4406 ατρειιτον
541 4335 596 4406 γὰρ
614 4341 695 4388 τοῦτο
713 4335 816 4390 δείκνυ·
866 4343 926 4393 Εδίιί
946 4359 1000 4394 cum
1020 4345 1073 4394 aliis
1091 4340 1313 4412 προφασίζονται
1323 4337 1369 4390 καί
1378 4342 1453 4402 θεῖα.

226 4418 277 4455 σιν.
320 4408 399 4458 Celeri
428 4415 452 4458 εί
479 4409 535 4458 edili
566 4401 703 4474 ἄτρεπτον
730 4399 814 4458 αότοό
900 4427 920 4460 ο
948 4415 1048 4490 θεροεε.
1077 4407 1173 4463 cumn.
1199 4420 1223 4461 ει
1247 4409 1350 4459 έεΙεΙωο.
1372 4410 1393 4460 Ι.
1418 4405 1454 4458 τὰ

225 4471 307 4522 τοῦτο
326 4469 469 4524 δείκνυσιν.
507 4477 580 4526 Paulo
600 4485 655 4539 μοει
673 4478 812 4534 stanam.
865 4471 935 4545 ῥητὰ
952 4491 997 4526 και
1015 4473 1101 4535 δεῖξαι
1117 4479 1204 4528 ταῦτα
1219 4473 1272 4545 μίν
1288 4489 1334 4527 etc.
1369 4479 1414 4525 Alii
1430 4486 1456 4538 ει

225 4533 292 4590 ἀλλὰ
302 4535 460 4607 γάρκαίαὶ.
490 4533 813 4595 Εδίιίειοίίὶάλλδκαίαί.
865 4547 922 4596 editi
955 4539 990 4594 τά
1022 4541 1132 4612 δόματα
1163 4539 1208 4597 καί
1234 4539 1319 4602 δεῖξαι
1346 4537 1455 4599 τοότοις

259 4610 282 4660 h.
306 4610 397 4672 λοςίίο.
423 4613 519 4661 ὓοίιΙεε.
539 4613 684 4664 ethlom.
706 4613 727 4662 1.
746 4605 812 4664 ίνιεί.
865 4611 960 4663 ταῦτα.
1280 4624 1284 4630 ’
