3226 5280
257 392 297 456 82
657 408 684 450 S.
700 377 855 451 Ammon
868 405 1092 450 mcnffllscom

167 573 245 616 ατε.
256 551 428 636 στομάχων
449 547 627 637 Ἀρειανῶν
648 555 702 618 καί
725 555 791 619 τῶν
812 558 963 636 ματαίων
985 553 1189 640 προφάσεων
1212 548 1330 634 αὐτῶν,
1354 554 1412 635 ’ἀς
1426 558 1484 643 τῆς

254 650 395 740 ἀσεβοῦς
424 653 549 720 ἑαυτῶν
569 652 665 738 χάριν
687 654 845 739 αἱρέσεως
867 647 1090 722 ἀναπλάττειν
1113 654 1147 722 ἐν
1170 649 1284 733 αύτοίς
1304 657 1483 744 μεμελετή-

251 776 365 823 κασιν·
389 750 442 820 ὅτι
463 757 509 841 τῷ
531 757 604 840 θεῷ
626 759 681 821 καὶ
703 757 806 840 πατρί
829 760 954 839 πρέπει
976 754 1066 836 δόξα,
1089 755 1168 844 τιμὴ
1182 759 1236 822 καί
1252 756 1480 844 προςκύνησις,

253 855 312 922 σῦν
344 857 391 942 τῷ
420 855 610 943 συνανάρχῳ
638 847 739 920 αῦτοῦ
767 855 829 941 υἱῷ
858 858 913 923 καλ
947 843 1049 942 λόγι’μ,
1085 853 1154 942 ἅμα
1182 859 1230 943 τῷ
1252 864 1404 944 παναχίῳ
1426 861 1480 926 καλ
1570 939 1573 944 Ι

253 957 408 1042 ζωοποιῷ
441 955 620 1040 πνεύματι,
655 958 712 1022 νῦν
739 957 793 1022 καί
812 955 870 1035 Ιείς
903 955 981 1036 τοῦς
1012 952 1245 1044 ἀτελευτήτους
1268 958 1392 1038 αἰῶνας
1412 963 1480 1026 τῶν

252 1055 391 1124 αἰώνων.
416 1050 510 1143 άμῆν.

615 1242 840 1306 ΕΥΣΕΒΙΟΥ
851 1241 1119 1306 ΚΑΙΣΛΡΕΩΣ

542 1356 686 1422 Ι’ίνιιστολῆ
705 1357 775 1429 πρὸς
791 1357 856 1418 τοὺς
872 1362 921 1423 τῆς
936 1360 1082 1430 παροικίας
1098 1357 1190 1416 αῦτού.

271 1573 274 1580 ¹
338 1505 364 1562 1.
413 1494 465 1562 Τά
485 1497 563 1580 περὶ
578 1497 637 1583 τῆς
648 1493 914 1582 έκκλησιαστικῆς
925 1503 1071 1575 πίστεως
1081 1499 1381 1581 πραγματευθέντα
1396 1496 1479 1562 κατὰ

250 1596 308 1684 τὴν
336 1595 479 1683 μεγάλην
508 1595 647 1662 σύνοδον
675 1594 734 1682 τῆν
763 1595 797 1663 έν
819 1603 945 1684 Νικαίηι
974 1602 1270 1684 συγκροτηθεῖσαν,
1301 1595 1387 1676 είκός
1416 1599 1477 1681 μὲν

191 1753 194 1759 ,
250 1694 360 1782 θῦμᾶς,
385 1693 560 1784 ἀγαπητοί,
584 1699 637 1762 καὶ
660 1695 805 1764 ἄλλοθεν
826 1704 1065 1786 μεμαθηκέναι,
1088 1701 1146 1785 τῆς
1161 1697 1272 1785 φήμης
1287 1704 1477 1784 προτρέχειν

251 1799 411 1877 εἰωθυίας
431 1796 489 1864 τὸν
512 1801 588 1884 περὶ
611 1801 677 1864 τῶν
699 1799 957 1886 ἆπραττομένων
980 1794 1095 1886 ἀκριβῆ
1119 1797 1224 1884 λόγον.
1270 1791 1338 1890 ἀλλ’
1363 1799 1478 1884 ἵναμὴ

249 1899 302 1967 ’ἐκ
324 1897 478 1986 τοιαύτης
501 1894 599 1984 ἀκοῆς
621 1898 663 1965 τὰ
684 1901 741 1983 τῆς
764 1892 926 1987 ἀληθείας
948 1900 1101 1986 ἑτεροίως
1122 1895 1200 1983 ὑμῖν
1223 1893 1477 1986 ἀπαγγέλληται,

250 1995 434 2086 ἀναγκαίως
462 1999 728 2084 διεπεμψάμεθα
757 1996 835 2084 ῦμῖν
865 2003 1080 2086 πρῶτονμὲν
1102 1999 1161 2086 τῆν
1183 1995 1238 2087 ὑφ’
1263 1996 1356 2089 ἡμῶν
1376 2001 1485 2094 ῑπροῇ

248 2107 413 2168 ταθεῒσαν
436 2104 511 2186 περὶ
535 2103 593 2186 τῆς
615 2107 762 2180 πίστεως
782 2101 920 2188 χραηῆν,
945 2101 1063 2167 ἔπειτα
1082 2101 1141 2186 τῆν
1164 2101 1326 2188 δευτέραν,
1350 2100 1389 2191 ῆν
1403 2113 1480 2188 ταῖς

248 2196 423 2287 ῆμετέραις
445 2211 574 2289 φωναῖς
596 2200 791 2289 προςθῆκας
814 2200 1029 2285 ἐπιβαλόντες
1052 2201 1260 2268 έκδεδιύκασι.
1291 2201 1330 2268 τὸ
1344 2204 1405 2286 μὲν
1420 2192 1478 2268 οῦν

248 2297 327 2389 παρ’
337 2299 429 2388 ἡμῶν
440 2301 574 2388 γράμμα
589 2301 645 2368 ἐπί
658 2307 829 2389 παρουσίᾳ
840 2299 1106 2389 θεοφιλεστάτου
1117 2298 1211 2387 ἡμῶν
1221 2305 1386 2388 βασιλέως
1398 2298 1478 2370 ἀνα-

246 2409 408 2489 χνωσθέν,
418 2394 452 2470 τῦ
464 2428 500 2470 τε
512 2403 595 2486 ἔχειν
604 2406 658 2469 καὶ
672 2403 815 2487 δοκίμως
827 2398 1164 2490 ἀποφανθέν,”τοῦτον
1178 2403 1244 2486 ἕχει
1258 2402 1315 2469 τὸν
1326 2403 1476 2490 τρόπονβ

333 2511 362 2571 2.
408 2503 537 2582 Καθῶς
558 2503 789 2588 παρελάβομεν
812 2503 906 2589 παρὰ
927 2507 993 2570 τῶν
1009 2502 1076 2591 πρὸ
1092 2500 1184 2590 ἡμῶν
1201 2499 1406 2586 ἐπισκόπων,
1423 2509 1475 2572 καὶ

248 2605 282 2672 ἒν
304 2608 344 2692 τῇ
367 2604 502 2692 ιιπριύτη
525 2605 708 2691 κατηχῆσει,
732 2607 786 2671 καλ
810 2600 866 2671 ὅτε
881 2603 919 2670 τὸ
936 2603 1073 2690 λουτρὸν
1089 2603 1325 2691 ἐλαμβάνομεν,
1349 2609 1402 2672 καὶ
1419 2633 1477 2673 κα-

246 2706 321 2787 θὼς
349 2701 419 2774 ἀπὸ
451 2708 518 2772 τῶν
545 2711 651 2773 θείων
680 2709 818 2793 γραφῶν
839 2705 1094 2794 μεμαθήκαμεν,
1124 2711 1177 2774 καὶ
1202 2702 1247 2785 ῶς
1269 2707 1303 2773 έν
1325 2711 1372 2794 τῷ
1395 2733 1477 2795 πρε-

248 2787 475 2895 σβυτερίῳκῦὶ
499 2807 532 2874 έν
555 2801 636 2894 αύτῇ
661 2810 701 2894 τῆ
724 2802 892 2895 ἐπισκοπῇ
914 2806 1147 2892 ἰἐπιστεύομέν
1169 2833 1205 2874 τε
1226 2811 1279 2874 κοιλ
1304 2807 1476 2876 ἐδιδάσκο-

245 2936 315 2994 μεν,
340 2907 445 2989 οῦτως
465 2912 520 2977 καί
544 2913 599 2976 νῦν
621 2908 834 2988 πιστεύοντες
855 2907 913 2997 τὴν
935 2906 1094 2998 ἡμετέραν
1116 2916 1232 2977 πίστιν
1253 2905 1351 2993 1(ύμῖν
1372 2933 1476 2995 προς-

147 3069 152 3077 .
247 3018 471 3100 αναφέρομεν·
495 3013 566 3079 έστι
589 3011 624 3078 δὲ
647 3007 738 3097 αῦτη.

333 3117 361 3178 3.
407 3114 629 3199 1Πιστεύομεν
653 3111 700 3191 εἷς
722 3112 779 3180 ένα
800 3111 883 3180 θεὸν
905 3117 1035 3196 πατέρα
1050 3109 1311 3196 παντοκράτορα,
1335 3108 1393 3176 τὸν
1408 3113 1474 3176 τῶν

247 3205 405 3277 ἀπάντων
429 3208 557 3298 ὁρατῶν
578 3240 615 3281 τε
637 3217 690 3280 καί
714 3209 866 3299 ἀοράτων
890 3210 1041 3298 ποιητήν,
1065 3212 1118 3276 καὶ
1142 3209 1189 3288 εἰς
1212 3211 1270 3276 ἕνα
1291 3206 1474 3297 κύριονλη-

216 3312 220 3326 ’
247 3311 327 3374 σοῦν
339 3310 497 3395 Χριστόν,
520 3313 578 3378 τόν
599 3316 657 3379 τοῦ
679 3318 764 3380 θεοῦ
786 3313 893 3397 λόγον,
917 3311 1000 3378 θεὸν
1009 3310 1057 3376 ··έκ
1079 3313 1173 3390 θεοῦ,
1198 3313 1271 3397 φῶς
1294 3310 1328 3377 ἐκ
1350 3311 1472 3400 φωτός,

246 3408 331 3496 ζωὴν
361 3409 396 3476 ίκ
424 3410 522 3498 ζωῆς,
556 3411 628 3478 υίὸν
649 3414 809 3498 μονογενῆ
816 3461 825 3490 ,
860 3410 1074 3499 πρωτότοκον
1096 3409 1208 3498 πάσης
1230 3418 1381 3492 κτίσεως,
1406 3412 1474 3498 πρὸ

244 3509 381 3579 πάντων
403 3513 469 3577 τῶν
492 3510 622 3578 αἰώνων
645 3512 679 3579 έκ
701 3515 759 3577 τοῦ
782 3511 911 3599 πατρὸς
931 3517 1170 3600 γεγεννημένον,
1195 3507 1241 3577 δι’
1268 3501 1307 3577 οὗ
1329 3515 1383 3579 καὶ
1406 3505 1475 3598 ἐχί-

164 3639 170 3652 ·
244 3636 319 3679 νετο
347 3611 389 3679 τά
417 3611 544 3692 πάντα,
574 3610 632 3677 τὸν
655 3612 711 3678 διὰ
732 3611 790 3698 τῆν
811 3609 972 3700 ἡμετέραν
994 3620 1159 3700 σωτηρίαν
1182 3619 1398 3696 σαρκωθέντα
1419 3615 1476 3680 καὶ

159 3712 280 3783 mbr
304 3708 501 3800 ἀνθρώποις
516 3711 796 3796 πολιτευοάμενον
811 3715 865 3779 καλ
880 3711 1040 3780 παθόντα
1053 3717 1107 3780 καὶ
1124 3707 1311 3780 ἀναστάντα
1325 3718 1364 3801 τῇ
1379 3721 1472 3801 τρίτη

245 3809 349 3901 ἡμέρᾳ
372 3817 426 3882 καί
449 3809 636 3884 ἀνελθόντα
659 3813 745 3901 πρὸς
765 3812 823 3880 τὸν
846 3819 975 3898 πατέρα
997 3815 1052 3880 καί
1074 3810 1195 3900 ἥξοντα
1216 3813 1320 3881 πάλιν
1344 3814 1377 3882 ἐν
1394 3814 1472 3901 δόξῃ

244 3924 352 4002 κρίναι
386 3915 509 3996 ζῶντας
541 3919 593 3984 καλ
618 3916 757 4004 νεκρούς.
802 3915 1002 4000 πιστεύομεν
1025 3917 1089 3984 ι·’δὲ
1117 3918 1171 3983 καὶ
1203 3916 1249 3997 είς
1278 3919 1312 3984 ἓν
1342 3917 1473 3999 πνεῦμα

278 4151 299 4186 τ.
318 4137 359 4186 Sic
377 4139 432 4200 Βες.
446 4138 562 4198 etBasil„
581 4155 642 4203 ηυεε
661 4149 683 4189 ει
702 4142 759 4202 legit
775 4125 853 4190 Am?
919 4141 941 4189 d.
961 4141 1039 4190 Editio
1053 4139 1169 4188 Commol.
1188 4133 1387 4204 πραττομένων
1403 4149 1473 4254 τηα-

242 4204 309 4253 bros.
329 4205 436 4254 camald.
474 4207 537 4254 Ηυεε
561 4221 617 4254 vero
643 4208 768 4270 usquead
787 4199 831 4254 ότι
881 4200 1005 4271 γμάτων.
1043 4205 1418 4255 ΤΙιεοδοτειιιεΗλτιοτ.ΕετΙει.
1440 4207 1472 4256 ib.

242 4269 330 4320 dosunt
350 4273 372 4321 in
391 4273 445 4321 aliis
465 4280 488 4321 ει
507 4272 562 4321 ειλίι,
582 4273 700 4324 Commel.
882 4273 900 4320 Ι.
920 4289 940 4320 ε.
953 4272 992 4322 12.
1011 4287 1038 4320 ετ
1049 4273 1153 4320 editione
1164 4271 1249 4320 ίτίεείί
1259 4267 1469 4336 τετραμμένων.

277 4338 301 4387 b.
327 4337 353 4387 ίιι
385 4341 490 4389 editione
515 4339 705 4388 Commelininnn
734 4355 761 4388 υτ
785 4354 834 4388 ωτι
882 4338 993 4390 θελιείσε
1011 4337 1141 4400 Cyzicenus
1160 4337 1471 4400 historiaesynodiwicae-

241 4403 369 4456 ΒεείΙίεαεί
389 4407 485 4456 additur
502 4403 552 4452 τοῦ
572 4397 800 4474 άρειανόφρονος.
882 4419 927 4453 ατε
946 4404 988 4453 lib.
1007 4405 1037 4453 ΙΙ.
1056 4419 1077 4454 c.
1096 4403 1136 4453 ³4.
1156 4411 1267 4453 extumo
1287 4403 1311 4453 2.
1337 4404 1470 4456 concilior.

276 4488 296 4522 ε.
315 4473 428 4524 Socrates
447 4474 538 4523 Ηίτιοτ.
559 4474 651 4523 Εεείεε.
671 4473 711 4521 nb.
732 4473 749 4520 Ι.
769 4487 789 4521 c.
804 4471 826 4522 8.
880 4467 968 4536 [Mansi
987 4485 1055 4521 τοτε.
1075 4485 1133 4520 nova
1153 4471 1209 4520 εοΙΙ.
1228 4471 1296 4520 Τοω.
1316 4471 1344 4520 Ιλ.
1364 4469 1471 4538 ρ.914.]

242 4551 270 4588 ω
288 4541 393 4590 editione
403 4540 503 4590 Valesii:
520 4533 566 4588 καί
583 4532 661 4606 ὑμᾶς.
697 4539 749 4588 Mox
767 4539 830 4589 idem
880 4533 1080 4604 πραττομένων
1096 4528 1471 4606 πραγμάτωνάίηθῆλόχσν.

222 4605 228 4612 ’
242 4609 331 4658 omittit
347 4601 393 4656 καὶ
411 4602 533 4659 ἄλλοθεν.
915 4620 937 4655 ε.
956 4607 1069 4658 Socrates
1087 4595 1116 4654 ἐκ
1131 4599 1219 4672 μόνης
1236 4599 1372 4667 τοιαύτης.
