3226 5308
547 445 655 488 onorio
671 445 714 488 111.
731 445 846 490 conone
858 447 992 492 munos.
1307 436 1369 499 565

149 595 189 656 ita
216 593 273 656 illis
305 595 513 674 respondisse:
547 595 617 658 Non
644 608 689 659 est
714 610 848 660 oestrum
875 617 963 662 nosse
992 611 1128 680 temporo
1155 609 1183 662 et
1209 613 1455 677 motnentamcss.

148 715 224 777 quoe
244 695 338 759 Potor
357 703 461 777 posuit
482 702 513 759 in
535 717 592 760 suo
610 710 770 780 potestate.
803 699 870 760 Non
891 709 962 762 tunc
977 709 1010 761 ut
1023 710 1107 762 antea
1122 709 1257 781 tanquam
1280 704 1369 766 bomo

148 796 222 859 dixit
242 816 337 880 neque
359 799 464 870 Fr'lr'us,
487 799 540 861 sed
563 809 700 892 oestrum
721 818 784 862 aon
806 811 852 862 est
867 804 954 862 scire.
973 800 1049 862 'lom
1066 801 1211 881 siquidem
1226 806 1372 869 revixerat

148 919 217 961 cavo
240 899 477 980 deposueratque
500 901 705 963 mortalitatem
729 911 759 964 et
779 901 876 963 divina
899 903 1090 976 eidecuerat,
1113 921 1147 964 ac
1160 905 1284 982 proinde
1304 926 1373 980 eum

150 1001 181 1062 in
204 1000 301 1064 caelos
324 1003 529 1065 ascendentem
552 1004 610 1065 iam
633 1022 693 1064 uon
715 1003 838 1066 decebat
860 1003 1023 1065 secundum
1045 1023 1162 1067 carnem
1179 1008 1370 1087 respondere,

148 1104 203 1165 sed
225 1112 259 1165 ut
279 1103 373 1166 Deum
396 1105 503 1168 docere
527 1115 556 1167 et
577 1105 690 1168 dicere:
727 1105 795 1168 Non
823 1121 870 1170 est
899 1117 1033 1168 oestrum
1055 1125 1145 1169 nosse
1168 1119 1304 1188 ternpore
1325 1110 1374 1172 cel

147 1219 307 1278 momento,
330 1227 405 1288 quoe
426 1206 519 1270 Potor
537 1213 643 1288 posuit
663 1212 697 1270 r'n
717 1227 775 1270 ouo
792 1218 961 1288 potestotc;
984 1209 1037 1270 sed
1051 1213 1200 1290 accipietis
1216 1213 1370 1274 virtutem.
1486 1229 1492 1238 ·

150 1307 235 1380 Quae
256 1315 354 1370 autem
375 1309 470 1372 virtus
498 1309 594 1372 Patris
624 1320 741 1391 praeter
768 1307 898 1372 Filium?
930 1309 1069 1373 Christus
1092 1309 1171 1372 enirn
1193 1310 1252 1373 Det·
1271 1316 1370 1375 uirtus

150 1421 180 1472 ct
202 1409 260 1472 Det
279 1409 443 1491 Sapientia.

234 1616 286 1678 49.
330 1613 456 1676 Noverat
478 1615 577 1693 itaque
597 1613 689 1676 Filius
713 1621 745 1676 ut
765 1621 836 1694 pote
857 1613 908 1692 qui
931 1613 1058 1677 Verbum
1086 1623 1164 1690 erat,
1193 1616 1271 1680 unde
1299 1617 1372 1680 mibi

150 1715 266 1796 videtur
297 1715 416 1777 illorum
444 1715 602 1778 verborum
631 1717 658 1776 is
687 1733 756 1776 esse
784 1734 906 1778 sensus:
945 1715 1034 1796 „Ego
1064 1716 1181 1796 quidem
1203 1719 1288 1794 novi,
1318 1719 1373 1780 sed

149 1825 311 1890 „vestrum
333 1835 395 1878 non
417 1825 464 1878 est
485 1835 586 1880 nosse.
629 1817 742 1878 idcireo
765 1817 842 1879 enim
866 1837 931 1879 oum
953 1819 984 1880 in
1007 1789 1108 1880 mbvte
1137 1819 1290 1892 sederem,
1320 1839 1371 1882 se-

150 1918 308 1992 „cundum
330 1937 447 1978 carnem
469 1917 529 1980 dixi
544 1937 638 2000 neque
651 1917 746 1980 Filv'us
760 1924 854 1991 novit,
878 1919 945 1998 quia
967 1920 996 1981 id
1018 1919 1103 1981 vobis
1126 1929 1212 2000 atque
1234 1921 1372 1984 omnibus

151 2019 249 2093 „utile
281 2029 353 2081 erat.
397 2019 476 2082 Haec
504 2019 649 2099 siquidem
679 2029 708 2082 et
735 2021 771 2082 de
798 2021 918 2100 Angelis
947 2029 977 2083 et
1005 2021 1041 2082 de
1067 2021 1143 2084 Filio
1165 2023 1267 2085 audire
1287 2022 1372 2086 vobis

150 2122 318 2194 „conducit
345 2131 468 2202 propter
495 2123 611 2184 tuturos
640 2121 841 2201 impostores,
875 2131 923 2196 ut,
951 2123 977 2185 si
1004 2121 1062 2204 ipsi
1087 2124 1248 2188 daemones
1269 2125 1372 2205 Angeli

150 2223 281 2303 „specie
302 2223 438 2286 simulata
460 2225 497 2286 de
519 2224 579 2284 fine
601 2223 702 2286 mundi
725 2223 931 2298 disseruerint,
955 2224 999 2286 eis
1023 2243 1083 2286 non
1105 2227 1239 2302 credatis,
1263 2227 1372 2308 quippe

149 2325 229 2406 „qui
262 2325 344 2388 illum
377 2326 524 2405 ignorent.
569 2325 601 2386 si
629 2326 700 2387 item
722 2325 920 2388 Antichristus
948 2344 981 2388 se
1007 2327 1072 2406 ipso
1099 2329 1256 2390 ementitus
1279 2328 1371 2390 dicat:

149 2427 243 2508 „Ego
265 2447 331 2492 sum
360 2427 511 2502 Christus,
544 2435 632 2508 atque
661 2428 698 2488 de
721 2427 840 2489 dioillo
863 2437 893 2490 et
919 2429 978 2490 line
1005 2428 1085 2509 loqui
1112 2431 1311 2510 aggrediatur,
1339 2435 1373 2490 ut

151 2531 332 2614 „audientes
360 2531 503 2610 decipiat,
537 2549 591 2592 vos
620 2547 703 2592 vneae
731 2530 856 2592 huiusce
882 2529 963 2592 vocis
990 2550 1083 2614 oeque
1105 2531 1200 2592 Filius
1223 2547 1371 2592 memores

153 2629 270 2700 „tidem
298 2630 339 2690 illi
368 2631 551 2711 denegetis.“
596 2631 752 2694 Praeterea
774 2633 857 2694 valde
878 2631 1049 2695 hominibus
1073 2631 1143 2694 utile
1166 2639 1212 2693 cst
1233 2631 1321 2692 linem
1343 2639 1400 2692 et·

152 2728 233 2790 diem
254 2729 322 2791 linis
345 2730 492 2807 ignorare,
514 2751 551 2794 ne
574 2733 600 2794 si
622 2733 689 2796 eum
713 2719 948 2814 cognoscerent,¹
962 2731 1169 2796 intermedium
1190 2731 1373 2810 negligerent

153 2839 271 2910 tempus
293 2829 414 2909 diesque
435 2831 486 2910 lqri
508 2835 660 2912 proximos
684 2845 881 2914 expectarent,
904 2844 937 2897 ut
959 2843 1029 2896 tunc
1051 2833 1148 2895 solnm
1166 2831 1223 2894 sibi
1237 2840 1374 2896 vacarent

150 2941 183 2994 et
204 2931 365 3012 vigilarent.
410 2933 556 3005 Quocirca
577 2943 693 3015 tempus
715 2937 820 2998 mortis
844 2935 1028 3015 singulorum
1050 2933 1182 3008 reticuit,
1204 2953 1242 2995 ne
1264 2934 1372 2997 buius-

151 3033 233 3096 modi
256 3033 426 3113 cognitione
447 3033 539 3096 intlati
560 3037 697 3098 homines
719 3037 876 3098 maximam
896 3035 1039 3115 temporis
1061 3045 1175 3115 portem
1191 3035 1373 3115 negligenter

150 3145 284 3214 agerent.
328 3135 491 3215 Utrumque
520 3155 589 3216 ergo
617 3147 647 3199 et
673 3138 805 3200 omnium
827 3155 927 3198 rerum
949 3148 979 3199 et
1001 3137 1184 3216 singulorum
1206 3137 1295 3201 linem
1315 3156 1373 3201 nos

152 3237 258 3300 celavit
278 3237 406 3300 Verbum
428 3241 507 3314 (narn
530 3239 714 3319 singulorum
735 3239 803 3300 finis
825 3239 957 3302 omnium
980 3257 1097 3320 quoquc
1119 3239 1186 3301 linis
1215 3247 1275 3312 est,
1305 3257 1373 3302 cum

149 3337 284 3401 omnium
305 3339 374 3401 finis
397 3339 426 3400 in
443 3340 628 3419 singulorum
643 3341 702 3402 fine
717 3341 922 3418 contineatur),
945 3351 978 3402 ut
991 3341 1227 3422 quandoquidem
1240 3341 1371 3404 incertus

151 3441 200 3504 ille
222 3450 269 3503 est
290 3449 321 3502 et
341 3459 493 3522 sempera
509 3441 594 3504 nobis
618 3450 798 3523 expectatur,
822 3443 953 3523 quotidie
969 3442 1047 3506 velut
1061 3443 1155 3506 vocati
1171 3441 1372 3523 proficiamus,

150 3543 188 3604 ad
210 3562 243 3606 ea
266 3563 340 3623 quae
363 3551 435 3605 eunt
455 3543 555 3623 priora
577 3553 697 3607 nosmet
724 3545 806 3626 ipsos
838 3545 1029 3608 extendentes
1052 3555 1082 3607 et
1102 3563 1177 3625 quae
1199 3553 1280 3608 retro
1302 3553 1374 3608 snut

150 3643 369 3708 obliviscentes.
415 3645 489 3718 Quis
517 3645 596 3709 enim
623 3646 671 3710 die
699 3647 823 3710 extremi
850 3647 919 3710 buis
942 3645 1060 3728 cognito
1082 3664 1143 3708 non
1163 3645 1372 3710 intermedium

151 3867 244 3916 Coum.
261 3868 374 3917 omittunt
390 3855 456 3913 ἀλλὰ
472 3860 594 3926 ttoeaee
611 3861 737 3933 δύναμιν.
787 3867 886 3928 Segoer.
904 3862 1031 3934 περὶτῆς
1049 3859 1149 3932 ἡμέρας
1165 3860 1267 3925 καὶτῆς
1281 3876 1372 3915 συντε-

152 3933 205 3984 blot
224 3935 280 3996 ileg.
296 3935 321 3983 1.
346 3943 369 3982 et
388 3934 418 3982 Se
436 3949 487 3983 nor.
504 3927 553 3993 bd
571 3925 637 3988 υἱός.
672 3935 737 3986 Editi
786 3929 866 3988 λείας.
893 3935 971 3985 Ceteri
984 3943 1006 3984 et
1017 3935 1072 3992 editi
1082 3927 1145 4000 περὶ
1156 3930 1369 3994 circumietur.

152 4011 177 4052 et
195 4001 235 4052 olii
253 4017 268 4078 p
288 3994 303 4049 ὁ
321 3947 451 4068 Xptcrtlr.
822 4004 838 4052 i.
857 4001 957 4063 Ssgoor.
973 3996 1203 4080 προφασίζονται.
1240 4001 1291 4052 iiox
1308 4002 1373 4052 idem

188 4084 208 4119 e.
227 4083 281 4135 γαρ
306 4071 410 4120 ebestao
431 4071 486 4131 neg.
504 4067 527 4118 2.
547 4075 572 4117 et
589 4066 693 4117 i’elclxm.
713 4067 736 4117 5.
788 4077 812 4119 et
830 4076 930 4132 uterque
943 4069 998 4132 [leg.
1017 4083 1049 4117 ro
1067 4061 1180 4119 ἑκάστου
1197 4065 1280 4128 τέλος.
1310 4069 1374 4120 toiri

151 4137 244 4188 ibidem
263 4137 319 4199 Reg.
340 4138 362 4187 l.
381 4146 403 4186 ot
421 4137 519 4198 Segcer.
536 4126 678 4200 ἐσήμανεν.
787 4132 820 4186 τὸ
838 4127 952 4186 ἑκάστου
969 4133 1068 4194 rttoor,
1089 4133 1213 4189 mendose.

187 4207 204 4254 l.
223 4205 278 4284 Reg.
291 4206 313 4255 l.
326 4205 457 4268 etSeguet.
474 4198 537 4272 περὶ
553 4193 677 4269 ἀγγέλων
692 4197 738 4252 καὶ
822 4205 844 4254 b
862 4206 903 4256 Sic
919 4205 975 4269 Reg.
997 4206 1018 4256 l.
1036 4207 1175 4269 sapuerim.
1193 4205 1330 4259 Goblsrim.
1349 4211 1374 4256 et

150 4267 302 4342 respicere.
546 4267 554 4294 ⁸
788 4273 931 4324 deiciunt.
964 4275 1008 4324 trit
1027 4283 1105 4324 rotem
1124 4284 1148 4325 ot
1164 4275 1237 4326 editio
1255 4272 1373 4325 Commel.

188 4357 210 4404 g.
229 4343 269 4392 Sic
286 4350 387 4406 uterque
406 4341 461 4404 Reg.
480 4339 579 4402 segnes.
598 4339 695 4391 Goblsr.
714 4347 738 4391 et
787 4335 820 4390 τὸ
838 4334 952 4390 ἑκάστου
969 4333 1132 4409 ἀπέκρυψεν.
1170 4344 1221 4393 blot
1241 4343 1295 4404 Reg.
1309 4342 1330 4392 i.
1349 4348 1374 4392 et

152 4410 258 4460 setoso.
279 4411 300 4460 l.
335 4412 364 4461 tt
385 4409 426 4460 elii
444 4418 468 4460 et
485 4409 542 4460 editi
563 4419 737 4476 μετασχημα-
787 4403 942 4490 sequensei
957 4404 995 4476 γὰ
1029 4405 1075 4459 soi
1092 4403 1122 4462 lv
1138 4409 1185 4477 aqi.
1211 4409 1257 4461 etit
1274 4418 1299 4461 et
1309 4409 1374 4481 ‘editi

152 4472 289 4534 τὶζωνται.
787 4490 833 4526 και
849 4471 904 4544 γὰρ
922 4470 952 4527 ἐν
968 4425 1016 4544 rql.

189 4548 212 4595 b.
230 4545 334 4612 Uterque
343 4545 398 4608 lieg.
418 4547 516 4608 Seguer.
527 4543 737 4607 beriletbnglic·
822 4546 838 4596 l.
857 4548 913 4610 Reg.
931 4547 952 4595 1.
978 4549 1056 4612 prime
1074 4561 1146 4598 mena
1164 4553 1188 4596 et
1205 4533 1306 4606 Sequor.
1324 4539 1374 4619 topi

151 4603 259 4662 ἑαυτὸν.
294 4613 371 4665 Ceteri
382 4623 405 4663 et
417 4613 473 4664 editi
491 4604 584 4662 adrev.
619 4613 736 4676 bloxlleg.
788 4603 874 4666 teror.
909 4615 957 4665 Sed
975 4615 1031 4679 Reg.
1049 4614 1072 4665 1.
1096 4613 1201 4666 secunda
1223 4625 1295 4662 meuc
1313 4623 1377 4662 m-

144 4680 180 4731 ·1.
205 4673 267 4746 aspi
297 4679 345 4740 τῆς
378 4673 480 4746 ἡμέρας
506 4679 553 4742 τῆς
578 4675 737 4736 συντελείας.
787 4695 836 4733 τον
854 4673 940 4737 ints.
