3226 5280
217 421 278 486 136
615 433 642 478 ε.
656 433 812 478 numan
825 347 1051 478 ιισαιτεύσοοει

127 581 233 672 μεστή
267 581 435 669 ἀμπελος,
474 584 529 648 καί
561 579 662 660 ἀλλος
695 575 713 646 6
744 579 895 667 γεωργός.
946 576 1011 648 όσα
1041 581 1104 668 γάρ
1138 577 1184 660 τός
1215 575 1444 663 ἀποξενούντα

212 685 271 754 τὸν
293 683 367 752 υίόν
389 679 539 750 ἀπὸτοῦ
562 681 690 769 πατρὸς
712 683 841 768 λέγεται
861 681 954 770 ῥητά,
977 685 1082 749 ταῦτα
1104 682 1161 750 διά
1182 683 1241 770 τὴν
1263 683 1378 770 σάρκα,
1402 683 1442 774 ἣν

215 782 261 854 δι’
285 781 372 873 ἡμᾶς
394 782 543 873 ίφόρεσε,
567 784 696 869 λέγεται
717 781 797 869 περί
818 776 930 849 αὐτοῦ.
974 784 1050 864 ξένα
1071 782 1132 870 γὰρ
1154 783 1197 852 τὰ
1217 785 1336 873 γενητὰ
1358 786 1441 855 κατὰ

215 887 316 978 φύσιν
338 886 407 954 έοτί
430 888 489 952 τοῦ
510 887 605 952 θεοῦ.
651 883 709 952 διὰ
729 886 828 950 τοῦτο
849 886 927 970 γοῦν
950 884 1066 971 ἐπειδὴ
1087 889 1147 974 τῆς
1169 885 1289 972 σαρκὸς
1310 891 1445 976 γενητῆς

127 987 315 1078 ε.υιτ.οόσης
336 993 475 1074 γέγονεν,
499 982 545 1065 ὥς
568 981 586 1052 6
604 979 753 1074 Ἰωάννης
775 983 894 1074 φησίν,
919 981 938 1052 6
960 986 1056 1073 λόγος
1078 987 1206 1074 σάρξί),
1230 985 1340 1057 καίτοι
1361 989 1445 1057 κατὰ

214 1090 316 1180 φύσιν
338 1089 426 1168 ἰ’διος
447 1089 501 1156 καί
524 1082 713 1173 ἀδιαίρετος
735 1081 781 1154 ἀύν
803 1090 862 1153 τοῦ
885 1086 1021 1173 πατρός,
1046 1083 1137 1172 ὅμως
1159 1083 1207 1156 δι’
1232 1085 1332 1180 αύτὴν
1355 1093 1444 1177 λέγε-

212 1217 270 1260 ται
291 1193 345 1258 καί
368 1185 387 1256 6
409 1187 519 1277 πατὴρ
540 1187 668 1275 μακρὰν
691 1182 749 1256 ἀπ’
773 1182 884 1256 αύτοῦ.
923 1188 966 1256 τόι
985 1189 1047 1276 γὰρ
1068 1194 1127 1276 τῆς
1149 1190 1270 1276 σαρκὸς
1292 1193 1365 1260 ἰ’δια
1385 1189 1446 1260 αύ-

166 1295 169 1305 “
212 1292 271 1374 τὸς
293 1289 442 1376 ἀνέχεται
463 1293 560 1378 Ιπερί
582 1285 684 1358 αάτοῦ
706 1291 875 1376 λέγεσθαι,
898 1290 955 1357 ἵνα
977 1292 1095 1379 δειχθῇ
1112 1287 1166 1358 ότι
1181 1287 1240 1360 οάκ
1255 1291 1357 1362 ἀλλον
1373 1290 1441 1362 ἀλλ’

214 1391 315 1462 αύτού
337 1383 377 1482 ἦν
399 1393 486 1460 ίδιον
508 1391 548 1458 τό
570 1393 676 1477 σῶμα.
720 1390 880 1478 τοιαύτης
900 1392 937 1458 δέ
958 1395 1017 1479 τῆς
1039 1393 1189 1472 διανοίας
1211 1391 1322 1482 οὔσης,
1346 1395 1445 1480 ταχύ-

212 1519 309 1582 τερον
331 1492 566 1581 ἐλεγχθήσεται
585 1493 774 1579 Σαβέλλιος,
799 1489 853 1559 ότι
874 1492 919 1579 μη
943 1493 1032 1560 ἐστιν
1054 1490 1073 1559 6
1095 1492 1205 1582 πατὴρ
1229 1491 1247 1561 6
1268 1495 1444 1580 γενόμενος

214 1595 306 1682 οάρξ,
330 1590 399 1663 ἀλλ’
424 1590 443 1661 6
466 1595 609 1662 1’τούτου
631 1591 736 1680 λόγος,
760 1588 779 1659 6
801 1592 857 1661 καί
877 1593 998 1682 ταύτην
1020 1595 1238 1682 λυτρούμενος
1260 1594 1316 1662 καί
1337 1619 1442 1682 προς-

214 1697 303 1784 ἀγων
334 1697 382 1784 τῷ
404 1701 517 1781 πατρί.
562 1691 649 1762 οάτω
672 1696 709 1764 δὲ
731 1695 901 1782 διελέγξας
922 1699 975 1762 καί
998 1702 1119 1775 πείσας
1140 1695 1261 1763 λοιπὸν
1284 1695 1340 1763 καί
1361 1696 1441 1783 περὶ

211 1801 271 1887 τῆς
291 1799 351 1864 τοῦ
374 1797 472 1883 λόγου
494 1795 657 1884 θεότητος
674 1794 887 1882 ἑτοιμότερον
904 1795 1039 1877 διδάξει,
1057 1793 1112 1862 ότι
1125 1797 1240 1882 ’λόγος
1253 1796 1310 1864 καί
1323 1803 1439 1885 σοφία,

211 1899 284 1979 υίὸς
304 1902 359 1967 καί
381 1897 528 1984 δύναμις,
553 1891 758 1984 ἀπαύγασμα
778 1901 833 1965 καί
854 1897 1029 1984 χαρακτήρ.
1074 1892 1193 1986 ἀνάγκη
1215 1898 1277 1986 γὰρ
1300 1903 1353 1965 καί
1368 1897 1443 1965 *έν-

211 2003 324 2070 ταῦθα
346 1998 450 2066 πάλιν
471 2009 569 2078 νοεῖν,
593 1994 647 2065 ότι
667 2001 726 2065 τοῦ
750 1997 848 2084 λόγου
871 1997 968 2078 ὄντος
990 1995 1075 2067 εἶναι
1098 2001 1150 2068 δεῖ
1171 2003 1225 2068 καί
1240 1999 1298 2074 τόν
1313 2005 1444 2086 πατέρα

210 2105 271 2169 τοῦ
304 2100 418 2188 λόγου,
450 2097 508 2166 καί
539 2105 662 2186 σοφίας
691 2096 791 2187 οάσης
819 2095 905 2166 εἶναι
933 2103 987 2166 καί
1015 2100 1073 2166 τόν
1095 2100 1216 2188 ταύτης
1242 2106 1355 2188 γονέα,
1389 2103 1443 2168 καί

212 2195 474 2288 ἀπαυγάσματος
501 2197 597 2279 όντος
624 2195 709 2268 είναι
736 2203 788 2268 καί
811 2199 850 2265 τό
873 2203 955 2287 φῶς,
978 2204 1032 2267 καί
1056 2199 1162 2282 οότως
1184 2197 1270 2270 είναι
1290 2201 1349 2268 τόν
1371 2202 1442 2269 υίόν

214 2305 268 2370 καί
289 2302 348 2370 τόν
369 2308 500 2388 πατέρα
522 2301 565 2370 έν.

298 2410 349 2472 27.
396 2407 511 2472 Ταῦτα
531 2403 711 2482 Διονύσιος
733 2402 829 2483 είδώς
849 2403 1000 2490 ’ἔγραψε
1024 2407 1076 2470 καί
1101 2403 1135 2470 ἐν
1151 2404 1288 2482 ἐκείνοις
1302 2405 1362 2489 μὲν
1377 2409 1444 2469 Σα-

211 2505 344 2592 βέλλιον
367 2504 543 2592 ἐφίμωσεν,
568 2504 602 2572 έν
623 2503 756 2583 τούτοις
778 2504 814 2570 δὲ
828 2504 886 2590 τὴν
898 2499 1071 2592 Ἀρειανὴν
1087 2504 1215 2590 αἵρεσιν
1229 2511 1442 2592 κατέστρεψε.

213 2609 268 2676 καί
295 2604 357 2694 γὰρ’
381 2592 490 2692 όίςῖτερ
514 2603 693 2692 ἀνατρέπει
713 2605 894 2690 Σαβέλλιον
915 2604 959 2672 τὰ
980 2601 1181 2691 ἀνθρώπινα
1202 2610 1262 2673 τοῦ
1285 2609 1442 2694 σωτῆρος,

92 2727 98 2740 ·
216 2705 304 2777 οότω
326 2712 380 2778 καί
402 2707 488 2795 πρὸς
508 2707 586 2788 τοὺς
601 2703 857 2794 ·Ἀρειομανίτας
879 2701 937 2772 οάκ
952 2701 1022 2773 ἀπὸ
1036 2710 1103 2774 τῶν
1119 2701 1353 2795 ἀνθρωπίνων,
1371 2703 1441 2775 ἀλλ’

216 2806 286 2878 ἀπὸ
306 2814 373 2878 τῶν
396 2809 624 2897 σημαινόντων
644 2807 704 2895 τὴν
726 2807 874 2893 θεότητα
894 2810 953 2873 τοῦ
976 2807 1074 2893 λόγου
1097 2813 1279 2875 ποιεῖσθαι
1291 2807 1351 2896 χρὴ
1365 2808 1444 2888 τοὺς

215 2907 282 2980 κατ’
308 2906 416 2980 αὐτῶν
439 2910 600 2996 ἐλέγχους,
624 2909 746 2996 ἵναμὴ
768 2911 823 2976 καί
846 2897 939 2974 οὗτοι
960 2907 1002 2975 τὰ
1025 2909 1083 2976 διὰ
1103 2909 1142 2976 τό
1166 2911 1263 2994 σῶμα
1285 2911 1445 2992 λεχθέντα
1515 2901 1520 2916 ’

215 3016 374 3099 περὶτοῦ
395 3018 508 3099 κυρίου
530 3011 812 3098 παρεξηγοόμενοι
833 3016 997 3093 νομίσωσι
1018 3013 1171 3078 τοιοῦτον
1194 3007 1280 3090 εἶναι
1300 3011 1358 3078 τὸν
1387 3010 1445 3078 λό-

212 3139 280 3202 γον,
304 3111 372 3182 οἷοί
393 3114 491 3198 ἔσμεν
512 3109 607 3201 ἡμεῖς
629 3113 663 3180 οί
685 3110 874 3198 ἀνθρωποι,
898 3114 950 3178 καί
974 3110 1445 3199 λοιπὸνέπιμείνωσιιῇέαυ-

213 3219 281 3280 τῶν
302 3220 413 3300 μανίᾳ.
445 3209 486 3282 ἀν
508 3215 544 3282 δέ
567 3215 775 3298 διδαχθῶσιν
795 3215 849 3280 καὶ
872 3201 966 3279 οὗτοι
988 3216 1066 3298 περὶ
1077 3216 1135 3299 τῆς
1146 3212 1317 3300 θεότητος,
1341 3235 1443 3279 κατα·
1528 3271 1533 3276 .

215 3311 399 3400 γνώσονται
430 3315 491 3399 μέν
512 3317 570 3404 τῆς
592 3316 717 3383 ἑαυτῶν
738 3321 927 3392 κακονοίας,
962 3307 1180 3399 εύκολώτερον
1204 3314 1241 3380 δέ
1262 3312 1440 3399 μαθόντες,

216 3411 269 3482 ὅτι
297 3411 316 3480 6
344 3413 440 3502 λόγος
467 3414 551 3501 σὰρξ
572 3415 712 3502 ίγένετο,
741 3415 964 3499 ’διακρινοῦσι
985 3413 1106 3481 λοιπόν
1128 3419 1183 3483 καί
1206 3404 1300 3482 οότοι
1320 3414 1363 3482 τά
1386 3409 1444 3481 ἀν-

214 3516 377 3605 θρώπινα
403 3520 458 3584 καί
485 3516 528 3584 τὰ
556 3519 596 3603 τῇ
619 3513 758 3603 θεότητι
779 3511 973 3601 ἁρμόζοντα.
1017 3511 1200 3583 τούτωνδ’
1226 3512 1332 3595 οὕτως
1352 3515 1445 3599 ἐχόν-

214 3625 290 3698 των,
313 3622 369 3686 καί
390 3623 571 3686 Διονυσίου
593 3620 652 3682 τοῦ
676 3614 862 3683 ἐπισκόπου
886 3616 1075 3700 δειχθέντος
1097 3605 1199 3697 ἐξιόν
1222 3617 1366 3704 ἔγραψεν
1389 3613 1444 3684 εύ*

215 3724 347 3802 σεβοός,
376 3727 411 3788 τί
437 3717 618 3806 ποιήσουσι
645 3716 767 3784 λοιπόν
789 3717 823 3784 οί
840 3712 1109 3803 noemam,-
1141 3724 1231 3797 τίνος
1253 3715 1319 3805 ἀρα
1339 3716 1443 3786 πάλιν

217 3817 423 3904 ἐλεγχθέντες
449 3817 519 3887 ἀπὸ
548 3817 675 3886 τούτων
702 3816 987 3904 καταιμεόσονται,Ι
1021 3812 1141 3905 ἀνάγκη
1163 3817 1226 3906 γὰρ
1248 3813 1369 3898 αύτούς
1391 3818 1444 3886 έκ-

208 3917 381 3998 πεσόντας
403 3915 472 3988 ἀπὸ
494 3924 553 3988 τοῦ
576 3922 736 4005 θεμελίου
745 3922 813 3987 τῶν
825 3913 1024 3988 ἀποστόλων
1034 3923 1088 3988 καί
1101 3916 1297 3988 εόσόλευτον
1309 3919 1443 4003 ἔχοντας

212 4017 272 4108 τὴν
300 4018 450 4086 διάνοιαν
479 4023 585 4108 ζητεῖν
614 4023 764 4109 ἔρεισμα,
793 4024 847 4090 καί
869 4022 914 4112 μὴ
938 4018 1146 4109 εὖρίσκοντας
1167 4017 1443 4106 καταψεύδεσθαι

213 4118 335 4188 λοιπόν
355 4122 423 4186 τῶν
445 4128 608 4207 πατέρων.
647 4119 715 4190 ἀλλ’
741 4121 849 4204 οὐδεὶς
871 4121 985 4202 αύτοῖς
1007 4123 1057 4190 ἔτι
1077 4123 1261 4204 πιστεύσει,
1284 4116 1345 4210 κάν
1366 4123 1443 4210 βιά-

284 4307 307 4368 1)
326 4309 391 4358 ῐοειι.
413 4307 437 4368 1,
458 4307 497 4357 14.

217 4441 286 4494 colb.
305 4444 351 4492 Ιετ.
371 4441 409 4493 Fr.
426 4441 444 4492 1.
468 4435 514 4488 καί
531 4433 622 4510 ἕτερος
639 4437 654 4493 δ
671 4439 801 4563 γεωργός.
888 4443 911 4493 b.
922 4444 993 4494 Τεαε.
1002 4443 1047 4493 [et.
1056 4436 1154 4490 τούτου
1162 4440 1212 4490 τοό
1221 4435 1304 4506 λόγου
1315 4446 1441 4496 mendose.

202 4509 260 4570 ,Alii
287 4517 313 4560 nt
337 4510 401 4560 editi.
438 4509 463 4559 ία
490 4509 575 4559 iisdem
600 4525 654 4563 mox
672 4505 708 4565 τίς
743 4519 800 4562 cest
888 4527 909 4561 τ.
927 4511 968 4560 Sic
991 4511 1088 4562 Τεισία.
1114 4509 1183 4562 colb.
1209 4509 1254 4560 λοι.
1289 4511 1317 4560 λι
1337 4511 1393 4561 Re.
1418 4519 1443 4562 ει

215 4576 292 4628 Iidem
308 4573 414 4642 λέγεται
432 4569 551 4643 ῥήματα.
587 4635 596 4656 ³
704 4589 707 4596 ’
854 4577 912 4629 editi
930 4569 945 4626 6
964 4569 1044 4654 λόγος
1061 4579 1140 4628 minus
1157 4587 1231 4628 εεειε.
1268 4527 1441 4656 Μοτκαίεολε

248 4659 271 4697 ι.
288 4645 387 4699 Tutin.
406 4645 474 4698 Colb.
493 4645 532 4697 Fr.
544 4645 561 4694 ί.
580 4641 749 4712 ἀναδέχεται.
850 4657 995 4714 χαρακτηρ
1014 4645 1084 4698 deest
1101 4647 1125 4698 in
1136 4645 1191 4711 Βες.
1202 4646 1381 4700 Taurin.Colb.
1394 4647 1440 4698 Ιεε.
