3162 5308
522 329 666 408 neronom
681 365 699 406 r.
716 365 753 408 an
771 365 965 410 senariorum.
1281 357 1341 422 695

10 571 12 586 ,
90 518 264 596 auferam
286 533 339 579 eor
361 516 509 597 lapideum
532 519 566 580 de
589 501 680 580 rome
700 527 820 591 oestro,
851 529 880 582 et
908 519 983 582 dabo
1006 519 1089 582 uobis
1115 539 1167 582 eor
1189 539 1420 600 corneumnosr

10 657 11 668 ,
95 631 141 681 et
172 609 323 698 Spiritum
344 637 439 680 meum
463 619 538 682 dubo
561 623 593 680 in
615 619 708 682 uobis.
753 619 878 692 Quando
894 638 965 698 ergo
981 619 1010 680 id
1032 621 1183 702 impletum
1206 632 1262 698 est,
1285 625 1343 688 nisi

10 785 11 788 ,
93 737 186 782 cum
212 719 329 781 advenit
342 719 486 782 Dominus
509 728 539 781 et
560 739 613 782 sua
636 721 727 799 gratia
743 721 843 782 omnia
857 720 1032 782 renovarit?
1075 723 1169 786 Porro
1185 705 1342 789 boeotiam

93 821 140 882 in
169 821 241 882 loeo
264 821 421 900 spirituum
444 822 608 885 differentia
632 823 809 886 ostenditur.
853 821 925 884 Nam
954 823 1077 903 spiritus
1105 833 1209 887 noster
1237 827 1264 888 is
1287 835 1341 902 est,

10 971 11 978 ,
96 923 169 1002 qui
194 934 374 998 renovatur,
406 925 459 986 sed
487 925 628 1005 Spiritum
657 933 877 988 sanetum'non
905 925 1078 1005 simpliciter
1105 926 1256 1007 spiritum,
1290 929 1343 992 sed

10 1097 11 1100 Ἴ
97 1043 209 1086 suum
233 1045 301 1088 esso
323 1027 458 1107 spiritum
481 1026 560 1088 Deus
582 1025 719 1099 declarat,
743 1027 773 1088 in
795 1045 854 1106 quo
873 1026 985 1088 scilieet
999 1027 1105 1108 spiritu
1126 1036 1230 1090 noster
1251 1047 1341 1092 reuo-

10 1177 11 1180 ,
96 1134 218 1202 vatur,
241 1129 282 1190 uti
303 1129 459 1192 Psalmista
475 1129 592 1191 Psalmo
615 1128 777 1192 centesimo
800 1129 887 1191 tertio
910 1129 1073 1192 luculenter
1090 1129 1192 1191 docet:
1215 1131 1342 1211 Auferes

101 1234 268 1309 spiritum
290 1249 391 1294 eorum
414 1243 443 1296 et
465 1232 602 1312 definient
623 1243 653 1293 et
673 1234 706 1292 in
724 1231 883 1311 puluerem
908 1250 997 1294 auum
1012 1241 1215 1295 reuertentur.
1249 1231 1344 1296 limit-

10 1385 12 1414 ÷
104 1343 165 1393 tes
190 1331 341 1414 Spiritum
361 1345 447 1400 tuum
469 1343 499 1395 et
520 1333 715 1405 creabuntur,
740 1341 768 1394 et
789 1332 948 1395 renovabis
969 1333 1077 1412 seer'em
1099 1343 1211 1395 terroe.
1256 1333 1343 1407 Quod

10 1491 11 1500 ,
101 1433 136 1493 si
167 1432 200 1493 in
224 1433 337 1512 Spiritu
358 1434 410 1496 Dei
433 1452 623 1508 renovamur,
655 1453 716 1496 non
739 1441 815 1512 'argo
838 1434 968 1514 Spiritus
998 1443 1118 1498 sanetus
1148 1435 1174 1496 is
1203 1443 1263 1510 ost,
1292 1436 1343 1516 qui

10 1589 12 1594 .
102 1535 215 1596 creari
238 1536 360 1608 dieitur,
389 1535 441 1597 sed
465 1544 569 1598 noster
594 1535 726 1615 spiritus.
771 1536 802 1596 Si
831 1536 901 1597 item
930 1537 997 1616 quia
1020 1537 1118 1598 omnia
1139 1555 1193 1617 per
1212 1539 1424 1604 Verbumrnm.

99 1639 194 1699 saeta
218 1645 297 1710 sunt,
320 1645 401 1698 reete
423 1637 539 1698 sentitis
562 1636 666 1698 Filium
689 1655 748 1730 non
771 1655 845 1707 esse¹
862 1655 925 1698 rem
948 1645 1084 1713 meatem,
1107 1657 1144 1699 sn
1164 1659 1225 1701 non
1240 1640 1341 1703 itidem

101 1739 245 1817 impium
269 1748 315 1800 est
347 1757 400 1798 rus
423 1739 566 1818 Spiritum
588 1748 737 1812 sanctum,
769 1739 798 1800 iu
821 1759 879 1819 quo
901 1739 989 1801 Pater
1016 1759 1071 1821 per
1093 1739 1220 1803 Verbum
1244 1743 1342 1806 omnia

10 1827 11 1832 ἵ
103 1840 237 1920 perlicit
265 1849 295 1900 et
321 1851 460 1913 renovat,
492 1841 669 1904 contendere
697 1859 759 1904 rem
782 1855 849 1904 esse
871 1841 1021 1904 creatam?
1065 1842 1096 1904 si
1126 1842 1229 1921 igitur,
1261 1845 1340 1923 quod

106 1941 296 2021 simpliciter
319 1942 462 2022 scriptum
484 1944 524 2006 sit
545 1944 680 2024 spiritum
703 1939 806 2018 creari,
830 1943 911 2006 illum
927 1943 1035 2004 idcireo
1052 1943 1192 2023 Spiritum
1208 1954 1340 2008 sanetum

107 2063 189 2108 esse
212 2044 269 2106 sibi
290 2046 364 2125 ipsis
386 2047 513 2120 finxere,
542 2046 599 2108 iam
621 2065 797 2127 persuasum
819 2045 877 2107 illis
900 2063 969 2106 esse
990 2044 1095 2118 debet,
1116 2063 1176 2107 non
1200 2043 1340 2126 Spiritum

109 2153 255 2210 sanetum
279 2147 359 2210 illum
382 2167 466 2221 esse,
491 2148 540 2229 qui
563 2156 695 2222 creatur,
718 2149 771 2210 sed
793 2154 929 2210 nostrum
953 2167 1036 2221 esse,
1066 2147 1115 2228 qui
1139 2147 1168 2210 in
1191 2167 1226 2210 eo
1248 2141 1339 2210 reno-⁸

107 2249 232 2323 vatur,
249 2268 305 2329 que
335 2252 371 2312 de
393 2271 426 2312 re
449 2258 478 2312 et
499 2251 564 2332 ipso
585 2251 675 2313 David
698 2251 755 2312 hoo
769 2251 865 2312 ¹modo
887 2250 1075 2330 precabatur:
1110 2250 1171 2312 Cor
1197 2252 1340 2312 mundum

110 2373 190 2417 ereo
211 2359 245 2416 in
265 2374 319 2427 me,
343 2355 434 2428 Dens,
459 2367 488 2417 et
510 2357 650 2434 spiritum
673 2364 788 2414 rectum
803 2352 1142 2415 innooot'nor'seeribna
1157 2355 1238 2412 mein
1267 2350 1339 2412 Ete-

110 2457 181 2518 nim
203 2459 261 2519 hoe
288 2459 318 2518 in
340 2458 406 2518 loeo
430 2455 566 2536 spiritum
589 2473 689 2517 creare
711 2453 832 2525 dieitur,
861 2473 947 2534 quem
970 2457 1055 2514 antea
1077 2451 1216 2524 tinxerat,
1247 2459 1278 2512 ut
1300 2450 1340 2516 ait

113 2557 291 2619 Zacharias:
320 2559 491 2622 Extendens
520 2557 634 2621 eoelum
665 2569 692 2619 et
713 2557 848 2636 [undans
872 2566 987 2620 terrum
1010 2566 1037 2617 et
1058 2554 1176 2634 finpens
1198 2539 1339 2633 spiritum

115 2655 248 2720 bominis
270 2639 399 2740 inipso.
445 2659 540 2732 Quern
563 2659 642 2720 enim
664 2667 748 2720 autea
769 2657 909 2731 tinxerat,
940 2655 1066 2718 eundem
1094 2661 1197 2733 postea
1225 2652 1339 2732 lapsum

114 2759 218 2820 denuo
240 2759 362 2833 creavit,
390 2761 483 2822 laetus
505 2762 570 2841 ipse
592 2761 621 2822 in
644 2779 677 2822 re
698 2753 811 2835 ereata,
834 2777 941 2837 nempe
963 2773 1029 2818 eum
1051 2754 1180 2816 Verbum
1202 2771 1269 2815 raro
1292 2753 1338 2813 la-

113 2867 199 2922 otum
222 2870 275 2936 est,
297 2874 339 2934 ut,
354 2863 608 2942 'quemadmodum
630 2863 790 2943 Apostolus
813 2862 863 2932 ait,
887 2862 962 2944 duos
987 2858 1094 2920 condat
1116 2861 1150 2918 in
1169 2872 1265 2918 unum
1280 2871 1338 2916 no-

115 2981 191 3026 num
213 2963 375 3040 bominem,
404 2969 457 3045 poi
477 2965 638 3028 secundum
659 2964 754 3026 Deum
778 2971 896 3023 creatus
919 2971 961 3022 est
984 2963 1016 3021 in
1037 2961 1154 3021 iustitio
1176 2967 1205 3019 et
1225 2959 1339 3020 saneti-

115 3075 182 3128 tate
204 3071 351 3128 ueritatis.
395 3066 428 3127 ld
451 3066 529 3127 enirn
551 3083 612 3126 non
634 3063 722 3135 dixit,
751 3071 889 3141 tanquam
918 3067 1033 3122 creatus
1063 3059 1103 3120 sit
1132 3057 1207 3121 alius
1229 3056 1265 3123 ab
1287 3055 1337 3118 illo

115 3167 257 3240 homine,
290 3168 340 3247 qui
362 3165 447 3228 initio
470 3167 505 3228 ad
528 3166 683 3245 imaginem
706 3166 797 3226 laetus
819 3163 889 3236 luit,
912 3161 965 3223 sed
987 3161 1022 3223 ad
1046 3168 1172 3222 oreatam
1194 3167 1223 3222 et
1244 3175 1336 3222 reno·

11 3343 12 3348 1
115 3277 212 3332 ratam
235 3269 266 3330 in
288 3268 406 3332 Christo
428 3277 557 3330 mentem
581 3265 798 3346 suscipiendam
820 3263 921 3326 fideles
943 3262 1135 3334 hortabatur,
1158 3259 1236 3340 quod
1258 3259 1335 3322 idem

45 3351 61 3370 ⁰
114 3371 164 3432 his
186 3370 284 3432 verbis
306 3381 438 3450 praestat
459 3369 609 3432 Ezechiel:
632 3369 731 3431 Furite
752 3368 836 3430 vobis
861 3384 913 3428 eor
934 3384 1045 3429 novum
1067 3376 1096 3426 et
1117 3367 1258 3444 spiritum
1277 3381 1335 3426 no-

114 3493 203 3547 oum;
227 3485 256 3535 et
278 3493 372 3556 quare
393 3475 548 3535 morimini
568 3473 673 3533 domus
695 3467 821 3533 laruili
867 3467 946 3542 Quin
967 3465 1038 3530 nolo
1061 3475 1186 3529 mortem
1202 3466 1335 3528 morien-

118 3581 168 3650 tia,
192 3575 263 3638 dicit
284 3577 403 3639 Adonai
426 3577 572 3638 dominus.

204 3781 251 3842 10.
297 3778 368 3839 Cum
390 3778 479 3856 igitur
506 3778 545 3837 ita
579 3749 764 3838 sentiendum
786 3775 827 3836 sit
848 3773 884 3834 de
906 3772 955 3833 illo
979 3770 1101 3849 spiritu,
1130 3767 1180 3848 qui
1208 3774 1332 3839 creatur,

119 3885 316 3958 mngruenter
336 3895 453 3956 quoque
477 3875 598 3954 intelligi
619 3883 721 3954 potest
743 3875 872 3945 tonitru,
895 3871 973 3951 quod
996 3869 1104 3930 firmari
1127 3867 1235 3928 ibidem
1256 3867 1331 3928 dici-

118 4067 141 4117 2.
159 4075 183 4117 et
199 4065 299 4128 Segosa.
311 4055 376 4112 obeb
393 4052 469 4112 εἶναι.
508 4061 585 4111 Ceteri
603 4068 627 4109 et
644 4059 700 4111 editi
752 4052 767 4107 ὃ
785 4059 903 4108 omittunt.
928 4054 1035 4104 'Goblen
1053 4061 1076 4104 et
1087 4052 1191 4104 l'elolrm.
1203 4053 1226 4103 1.
1244 4053 1331 4103 ibidem

120 4125 184 4183 oriro'
203 4133 322 4182 omittunt.
360 4177 362 4184 Α
751 4118 846 4192 ηὔχετο
864 4119 958 4188 λέγων.
1172 4189 1177 4199 ¹

152 4221 171 4256 c.
190 4203 246 4266 lleg.
267 4201 289 4249 l.
308 4210 331 4250 et
349 4200 447 4260 Seguer.
465 4193 639 4262 γεγενῆσθαι.
785 4197 800 4244 t.
828 4194 882 4255 lleg.
904 4193 925 4241 l.
943 4199 967 4240 ot
984 4190 1007 4239 2.
1034 4197 1057 4238 et
1080 4189 1217 4252 Segnerran.
1241 4188 1331 4240 addunt

152 4273 174 4322 d.
192 4270 233 4320 Sic
249 4269 303 4330 neg.
316 4269 337 4317 1.
357 4275 379 4316 et
397 4265 464 4327 angl.
498 4267 526 4314 ltt
544 4264 583 4314 olii
603 4271 625 4312 et
643 4263 698 4312 adit.
750 4254 855 4316 ὅθεός,
874 4261 914 4310 alii
932 4267 956 4310 et
974 4257 1030 4310 editi
1048 4259 1166 4308 omittunt.

122 4339 232 4392 Commal.
249 4329 401 4404 γνώτωσαν
418 4325 461 4381 ὅτι
479 4341 522 4382 ete.
558 4331 619 4380 lbid.
638 4347 698 4396 quae
782 4346 804 4394 g.
824 4331 880 4390 llas.
900 4328 964 4378 liet
982 4327 1080 4388 Sogoer.
1099 4316 1235 4402 brianus.
1306 4391 1330 4402 ..

123 4415 248 4522 'ill'mur
266 4403 447 4522 ¹¹ttt¹²⁰¹1¹⁰
466 4400 698 4518 li⁸⁵⁰1¹²⁵i⁸⁰ilt
749 4399 864 4515 ,dib
876 4396 970 4514 alili·
984 4395 1113 4513 “itti
1137 4391 1331 4522 ttut'ttt

126 4489 155 4584 τε
175 4483 261 4606 egeni:¹
273 4487 444 4608 πιξευξμῐῖοὗκ
457 4483 696 4602 ἔστῖθκξῗζόομεῑοιν.
748 4483 880 4584 tu¹tseenr
904 4477 935 4582 iri
953 4499 1009 4594 llas.
1029 4533 1051 4580 l.
1075 4477 1177 4604 segitem
1193 4527 1288 4578 Gobler.
1307 4534 1331 4574 et

157 4609 285 4659 utiobler.
304 4609 407 4660 lelrlm.
428 4607 449 4656 l.
474 4609 530 4668 tter.
551 4605 572 4654 l.
598 4605 697 4666 Sogoor.
748 4601 852 4652 lielclm.
872 4603 894 4651 l.
927 4599 1064 4650 lliiautem
1083 4595 1195 4647 etedruo
1214 4590 1329 4644 Commel.
