3094 5318
458 391 603 438 crisconi
617 393 655 438 ιι.
670 395 708 438 m
725 393 923 440 emansores.
1251 385 1307 450 781
1406 365 1415 378 ⁴
1444 383 1450 390 ’

36 557 146 614 ctum.
199 547 320 610 Verum
343 561 403 608 non
427 553 474 608 sat
495 545 554 608 illis
576 545 650 618 luit,
674 545 728 608 sed
750 563 871 608 rursum
894 545 1081 626 impudenter
1102 565 1172 610 sese
1186 559 1310 630 gerunt,
1319 571 1395 614 nuc

35 659 77 712 ut
102 650 190 712 binc
214 648 319 730 palam
341 647 464 720 faciam,
495 665 529 710 se
551 646 729 709 exercitatos
752 647 789 708 ad
810 646 1002 726 pugnandum
1032 665 1098 710 cum
1122 648 1218 711 Verbo
1242 658 1308 712 tan-

36 753 192 832 demque
220 749 369 829 Spiritum
392 755 527 816 sanctum
549 755 755 828 oppugnantes
777 747 860 809 brevi
883 749 949 809 iore
970 748 1141 828 insipientia
1157 769 1210 813 sua
1225 769 1309 814 mor·
1353 757 1355 764 ’

37 863 135 916 tuns.
191 852 341 913 Profecto
363 849 452 911 etiam
474 848 501 911 si
523 848 590 928 quis
613 848 650 910 ad
673 847 842 910 huiusmodi
867 867 971 910 eorum
992 849 1242 930 interrogationes
1257 871 1308 914 re-

38 955 237 1036 spondeat,
271 951 366 1014 nihilo
393 951 491 1012 minus
520 949 606 1010 malis
636 948 838 1026 excogitandis
868 949 1054 1023 incumbent,
1083 970 1120 1013 eo
1148 952 1245 1014 solnm
1276 961 1309 1015 ιιι

13 1063 14 1066 ’
38 1063 256 1136 quaerentes
284 1072 345 1116 non
373 1052 540 1124 inveniant,
573 1050 618 1112 rel
647 1049 800 1113 audientes
829 1067 890 1112 nort
918 1050 1091 1132 intelligant.
1136 1053 1308 1131 Cuiusmodi

13 1169 154 1240 ffporro
189 1163 270 1220 sunt
298 1154 418 1216 callidae
447 1153 581 1233 ipsorum
610 1150 884 1229 interrogationes?
935 1152 995 1226 „Si
1025 1153 1153 1233 Spiritus
1187 1164 1393 1226 sanctuspau.

13 1275 15 1306 ι
43 1276 151 1334 „non
179 1256 229 1319 sit
252 1262 396 1329 creatura,
419 1271 500 1332 ergo,
523 1253 614 1327 aiunt,
636 1251 715 1314 iilius
737 1261 801 1325 est,
824 1260 854 1316 et
875 1253 982 1317 iratres
1005 1254 1064 1317 duo
1087 1266 1158 1318 sunt
1180 1256 1307 1320 Verbum

13 1407 14 1410 ,
46 1369 183 1441 „atque
209 1357 314 1440 ipse.“
357 1356 464 1418 Postea
488 1355 684 1426 subsumunt,
712 1361 746 1415 ut
766 1353 891 1416 scribis:
921 1353 975 1428 „Si
998 1355 1127 1436 Spiritus
1149 1365 1270 1420 sanctus
1292 1377 1308 1420 a

13 1481 15 1514 t
44 1463 169 1538 „Filio
196 1459 338 1539 decipiet,
361 1465 391 1520 et
412 1457 449 1518 ab
472 1456 538 1535 ipso
561 1456 648 1519 datur
670 1456 722 1530 (ita
743 1454 823 1517 euim
839 1456 982 1535 scriptum
999 1464 1096 1534 est);“
1121 1467 1150 1519 et
1170 1459 1309 1538 protinus

44 1565 219 1627 inierunt:
247 1577 340 1639 „ergo
363 1577 433 1620 avus
459 1565 506 1619 est
527 1559 624 1631 Pater,
648 1563 795 1635 atnepos
818 1557 883 1618 eins
906 1565 953 1619 eat
975 1556 1138 1636 Spiritus.“

12 1667 13 1670 ’
146 1667 184 1729 2.
238 1661 312 1735 Quis
341 1660 415 1720 baec
441 1657 567 1720 audiens
590 1657 776 1720 Christianos
809 1665 840 1720 et
861 1675 921 1719 non
949 1658 1051 1738 potius
1078 1677 1212 1740 paganos
1241 1660 1307 1724 illos

12 1793 14 1814 ι
49 1760 283 1830 existimabit?
335 1761 408 1822 Nam
431 1758 500 1820 talia
521 1761 627 1839 pagani
650 1759 806 1822 adversum
836 1777 893 1821 nos
922 1759 1001 1822 inter
1034 1779 1067 1822 se
1089 1760 1306 1841 colloquuntur.

13 1899 14 1912 ι
49 1867 140 1942 Quis
166 1864 254 1926 volet
275 1863 312 1925 ad
328 1860 483 1924 eiusmodi
506 1859 623 1922 illorum
646 1861 791 1924 insaniam
807 1859 1017 1940 respondere?
1044 1861 1114 1924 hlibi
1130 1851 1311 1925 sanemulta'

12 1997 14 2032 =
49 1985 188 2032 mecum
213 1963 364 2042 reputanti
394 1980 428 2024 ac
455 1961 607 2041 quaerenti
637 1969 850 2041 congruentem
879 1961 936 2024 iilis
965 1963 1196 2042 responsionem
1228 1963 1308 2040 nulls

12 2087 14 2136 t
52 2067 204 2134 occurrit
226 2073 346 2146 praeter
366 2063 456 2137 iham,
482 2081 558 2143 quae
580 2071 650 2124 tunc
671 2062 840 2125 Pharisaeis
861 2063 928 2126 data
951 2071 1006 2125 est.
1051 2064 1307 2138 Quemadmodum

12 2207 13 2215 ι
54 2172 145 2234 enim
172 2185 232 2230 eos
255 2165 332 2228 malo
348 2164 447 2228 animo
465 2163 632 2227 sciscitatus
648 2163 777 2225 vicissim
794 2163 936 2226 Servatur
950 2163 1152 2245 interrogavit,
1174 2175 1207 2228 ut
1221 2183 1307 2228 men-

52 2274 97 2336 tis
125 2287 208 2334 suae
231 2267 456 2348 perversitatem
479 2265 538 2345 ipsi
559 2265 715 2338 sentirent,
739 2265 783 2328 sic
804 2265 943 2344 quonum
965 2273 997 2328 et
1016 2267 1066 2330 isti
1089 2267 1156 2330 talia
1176 2285 1306 2346 percun-

56 2381 199 2445 ctantur,
225 2370 325 2432 dicant
345 2367 433 2430 nobis
455 2367 525 2447 ipsi,
549 2366 595 2428 rel
616 2367 716 2445 potius
732 2367 935 2446 respondeant
952 2367 1305 2446 interrogatisquentad·

11 2522 13 2550 ,
56 2475 195 2537 modum
219 2471 276 2552 ipsi
298 2471 492 2549 interrogant.
538 2466 785 2548 Quandoquidem
801 2469 879 2530 enim
899 2467 972 2538 dum
994 2468 1167 2548 loquuntur,
1189 2467 1305 2529 inventa

11 2555 12 2568 ¹
59 2593 128 2634 non
153 2571 325 2650 intelligunt
346 2589 416 2644 sna,
444 2570 575 2632 tortasse
601 2569 645 2630 vel
674 2569 827 2632 audientes
857 2570 1005 2633 insaniam
1027 2587 1111 2632 suam
1133 2577 1305 2648 agnoscent.

61 2673 97 2735 si
122 2671 260 2750 Spiritus
283 2680 403 2734 sanctus
426 2689 486 2733 non
510 2677 558 2733 est
579 2677 724 2744 creatura,
746 2671 825 2733 utin
840 2671 1047 2751 superioribus
1071 2671 1306 2732 demonstratum

63 2782 124 2847 est,
150 2769 208 2833 sed
230 2771 262 2833 in
282 2771 344 2834 beo
368 2781 416 2834 est
438 2779 468 2834 et
490 2789 526 2834 ex
546 2772 610 2834 lieo
633 2772 728 2847 datur,
751 2791 822 2852 ergo
845 2772 923 2834 lilius
947 2780 995 2834 est
1016 2773 1093 2853 ipse,
1117 2781 1147 2834 et
1160 2771 1220 2832 duo
1236 2779 1307 2832 sunt

62 2876 182 2936 iratres
205 2870 272 2951 ipse
293 2880 324 2933 et
343 2871 453 2948 Filius,
476 2873 553 2936 etsi
576 2873 641 2936 Filii
664 2881 711 2936 est
735 2873 866 2952 Spiritus
888 2883 976 2952 atque
998 2891 1014 2935 a
1034 2873 1110 2936 Filio
1133 2873 1232 2935 oninia
1254 2891 1305 2934 ac-

64 2975 141 3056 cipit
163 2972 312 3052 Spiritus,
334 2981 369 3033 ut
388 2973 429 3034 ait
450 2973 533 3054 ipse,
560 2983 591 3037 et
613 2975 896 3054 mmu'rtsusfiusaet
918 2973 1107 3038 dedititium
1128 2973 1305 3056 discipulis,
1413 3002 1419 3012 ·

63 3095 138 3138 nam
162 3083 271 3138 etrus
292 3073 367 3136 haec
387 3075 530 3148 lammini,
553 3093 625 3155 ergo
648 3091 720 3136 arua
743 3083 789 3136 est
803 3073 892 3134 Pater
913 3082 944 3136 et
964 3093 1061 3154 nepos
1084 3076 1149 3138 eius
1172 3083 1220 3138 est
1234 3074 1304 3154 Spi-

64 3179 159 3241 ritus.
208 3177 291 3250 Quae
313 3176 392 3237 enim
415 3177 602 3238 sciscitantes
625 3196 642 3237 a
663 3175 752 3238 nobis
773 3174 927 3255 quaeritis,
953 3176 991 3238 de
1012 3175 1117 3239 iisdem
1140 3195 1194 3238 voa
1216 3186 1246 3238 et
1267 3193 1303 3238 er

64 3279 179 3342 iisdem
203 3269 531 3357 interrogari‘aequum
559 3284 614 3339 est
660 3277 748 3348 Quod
778 3276 804 3338 si
833 3295 909 3356 quae
935 3277 1046 3358 scripta
1075 3285 1146 3340 sunt
1176 3276 1303 3355 negatis,

65 3397 129 3444 non
153 3379 233 3441 ultra
255 3377 414 3441 Christiani
437 3377 555 3440 dicendi
578 3378 660 3454 estis,
684 3386 714 3440 et
733 3395 788 3458 par
809 3385 856 3440 est
876 3386 909 3440 ut
925 3397 983 3440 nos
998 3385 1102 3458 utpote
1118 3376 1303 3439 Christianos

64 3480 274 3561 interrogetis.
318 3480 372 3542 Sin
395 3479 500 3542 eadem
521 3497 597 3558 quae
618 3497 677 3542 nos
699 3479 808 3559 legitis,
835 3497 961 3542 necesse
983 3485 1030 3542 est
1049 3496 1104 3542 ros
1127 3496 1244 3557 quoque
1266 3478 1303 3540 de

65 3581 175 3645 iisdem
201 3581 283 3643 sica
304 3579 393 3644 nobis
415 3581 603 3660 interrogari.
648 3580 741 3643 Dicite
763 3580 853 3661 igitur
875 3588 906 3642 et
925 3599 964 3642 ne
987 3579 1174 3652 cunctemini,
1198 3596 1235 3641 an
1250 3578 1302 3640 Fi-

63 3683 124 3745 lius
147 3693 197 3745 est
219 3682 348 3762 Spiritus
370 3689 401 3744 et
422 3699 494 3745 arus
516 3679 629 3746 Pater?
673 3682 761 3756 Quod
790 3682 816 3744 si
847 3681 1058 3744 ratiocinantes
1088 3691 1121 3744 ut
1150 3677 1301 3742 Pharisaei

70 3935 120 3984 idox
150 3943 207 3984 ente
234 3921 315 3979 adrat
336 3933 360 3982 in
386 3933 457 3984 editis
485 3923 512 3979 oi
529 3931 661 3994 legebatur,
748 3933 772 3982 b.
790 3925 858 3981 abst
882 3935 951 3984 abest
974 3949 986 3983 a
1006 3932 1103 3984 Cohlrr.
1122 3941 1146 3982 et
1163 3932 1303 3983 tetelmt.

69 4003 113 4053 sad
141 4002 212 4052 deest
231 3999 253 4048 in
278 3999 334 4062 lleg.
354 4001 453 4062 Segner.
474 3999 620 4050 Goblerisno
640 4009 663 4049 et
714 4000 766 4048 idos
793 4001 849 4062 lieg.
874 4009 898 4050 ct
921 4001 1020 4063 Seguer.
1038 3993 1115 4066 spata
1132 4007 1204 4050 recte.
1241 4000 1303 4050 iiditi

69 4069 176 4119 Felcltm.
199 4066 221 4116 l.
714 4059 798 4132 ἡμεῖς.
835 4068 909 4118 i‘aulo
928 4077 985 4133 post
1001 4069 1101 4132 Segoer.
1119 4067 1302 4120 basilllcbier.

104 4137 119 4184 l.
140 4135 180 4185 Sic
199 4134 287 4195 hagios
305 4133 436 4196 etSegner.
473 4133 500 4183 ln
519 4133 590 4185 editis
605 4147 660 4184 vero
714 4142 737 4184 et
754 4135 895 4185 Fciclm.l.
912 4129 1037 4200 ἔγγονον.
1072 4135 1163 4186 ibidem
1181 4137 1303 4198 aSegcer.

71 4211 94 4253 et
112 4203 200 4253 ceteris
218 4201 278 4252 baec
289 4191 326 4253 eir
333 4194 474 4266 ἐρωτῶσιν
484 4200 660 4252 desiderentur.
714 4202 812 4253 Gebler.
832 4211 855 4252 st
872 4203 977 4254 tetum.
990 4205 1012 4253 l.
1030 4197 1090 4253 ἐστι
1107 4204 1183 4254 abest.

70 4269 122 4320 llos
140 4271 197 4350 lteg.
217 4269 289 4331 Sego.
308 4269 380 4319 besil.
405 4261 454 4322 τὰς
476 4261 540 4334 παρ’
560 4259 659 4320 αὐτῶν.
748 4304 754 4353 i
780 4297 832 4368 μέν
849 4303 864 4354 d
909 4305 941 4354 ι.
978 4304 1039 4356 GM
1083 4303 1181 4355 tm
1228 4304 1238 4353 l

73 4337 132 4388 Editi
155 4351 205 4391 τας
225 4329 338 4416 ipocrite.
374 4336 438 4416 lnlra
462 4337 561 4401 Seguar.
587 4351 657 4402 quem
757 4341 762 4354 ‘
801 4396 813 4416 .
866 4319 907 4354 ⁰⁶⁸
935 4319 959 4416 ’,ῃ
999 4319 1015 4416 οἱ
1043 4319 1081 4416 ’ὀ
1129 4321 1141 4418 ἲ
1184 4319 1215 4416 ⁰1·
1243 4339 1250 4353 '

74 4405 550 4537 :iiiamonizrsiviiiviiileriudsmsliq‘rigtigi.
563 4405 603 4456 'ln
622 4419 659 4456 m
710 4397 1302 4524 &21:33³sz{psoomoicmgciffledzile

108 4553 129 4600 g.
146 4541 210 4592 llaec
227 4541 311 4592 contar
329 4555 382 4590 cnm
400 4541 657 4607 superioribaslipist.
710 4539 762 4590 idox
787 4541 810 4590 in
836 4541 893 4602 llcg.
918 4531 962 4588 iias
979 4540 1055 4592 deest.
1090 4540 1182 4592 ibidem
1201 4541 1302 4602 Segusr.

74 4601 92 4653 l.
110 4620 132 4655 n.
146 4607 175 4659 lb
194 4604 231 4673 [p.
246 4607 296 4659 too
314 4615 372 4659 extr.
392 4609 462 4659 buius
480 4603 540 4674 ed.].
711 4599 725 4654 d
744 4597 802 4660 υἱός
819 4600 902 4662 ἔστιν.
