3226 5280
511 369 706 416 armonius
722 371 887 416 susurru
902 371 1041 417 morrsn.
1346 362 1394 428 Μ,

240 527 273 588 2.
317 521 349 583 Si
371 541 462 601 quarn
482 521 572 602 igitur
583 521 746 586 metendae
761 519 884 584 dictisve
902 524 965 585 suis
981 521 1116 585 fidutiam
1131 525 1252 600 habent,
1273 526 1472 590 nudarum.

151 625 245 692 nobis
268 623 416 686 haeresim
440 639 525 686 suam
545 624 711 702 temserunt,
741 621 868 702 dimonte
894 623 1007 703 liquido
1037 623 1197 692 ostendant
1222 626 1327 701 nobis,
1356 629 1386 688 si
1515 647 1520 656 ·

153 725 236 806 quod
260 743 295 784 se
314 731 421 804 putant
441 722 561 796 habere,
583 723 628 784 rel
650 742 685 784 ex
697 723 860 804 Satnioeis
876 731 1010 786 sumtum
1024 731 1076 784 aut
1089 723 1194 786 saltent
1214 725 1384 800 immin,

152 827 211 890 sod
230 825 314 905 pium
342 833 442 886 tamen
462 840 517 902 pro
540 841 593 885 sua
614 823 789 886 defensione
811 830 1037 902 argumentum
1066 823 1113 886 sin
1143 841 1215 886 vero
1242 825 1387 890 eiusmodi

152 927 232 991 uiuit
253 923 379 998 habent,
409 923 531 996 siieant3
558 941 704 1002 umquam
733 922 812 984 enim
840 922 956 1002 quidvis
977 921 1127 984 inventuri
1148 933 1233 996 suut,
1265 926 1326 986 nisi
1354 945 1389 988 aa

152 1047 216 1109 qno
238 1026 333 1106 iungis
354 1024 507 1103 magisque
534 1031 743 1103 coarguantur.
786 1023 861 1084 Nam
888 1023 918 1084 iu
946 1013 1111 1102 Scripturis
1138 1025 1233 1088 sacris
1260 1025 1388 1088 loannes

153 1130 213 1192 ait:
241 1127 280 1190 iu
303 1126 458 1208 pmdpio
486 1133 556 1186 erut
580 1123 722 1195 Verium,
750 1123 830 1202 quod
854 1122 947 1196 (aiunt
967 1123 1040 1204 ipsi)
1063 1143 1122 1186 uon
1145 1135 1210 1186 erat
1231 1133 1389 1204 autequam

155 1230 344 1309 gigneretun
371 1225 463 1288 David
490 1243 563 1286 uero
592 1243 629 1284 ex
649 1223 745 1286 Patris
773 1241 903 1302 persona
929 1225 969 1286 its
996 1223 1110 1304 psallit:
1142 1225 1306 1288 Eructavit
1337 1243 1390 1288 eor

153 1347 255 1391 narn
279 1325 405 1389 Verium
427 1327 547 1396 bouum,
571 1324 650 1403 qnod
673 1323 732 1404 ipsi
753 1333 891 1386 asserunt
905 1323 1069 1386 sennodum
1084 1325 1292 1404 cogitationem
1307 1326 1389 1388 dun-

155 1436 237 1491 taxat
260 1445 325 1488 esse
348 1435 436 1488 etex
458 1422 736 1487 non-exstantibus
758 1425 865 1486 riuum
887 1425 1333 1506 suisse310annesqueiterurn
1355 1425 1413 1490 in'

155 1527 315 1607 Evangelio
337 1525 425 1588 dicit:
457 1526 566 1588 Ouinio
590 1543 650 1606 per
677 1531 774 1606 tomis
802 1525 887 1605 [aeto
915 1537 1003 1596 suut,
1032 1536 1062 1589 et
1089 1531 1155 1594 siue
1181 1531 1245 1607 ipso
1267 1529 1386 1608 foetum

156 1628 316 1699 estnihil,
345 1627 512 1705 Paulusque
540 1627 581 1687 ita
608 1623 725 1688 scribit:
760 1625 843 1690 Unus
866 1625 1012 1688 Doouitm
1034 1627 1121 1689 Iesus
1146 1627 1301 1698 Οήήειιιε,
1325 1645 1386 1708 per

155 1747 243 1812 quem
264 1731 374 1799 onmis
397 1734 427 1788 et
447 1723 531 1787 aiibi:
554 1731 695 1808 quonium
716 1729 751 1788 in
771 1729 838 1806 ipso
862 1739 962 1789 orento
982 1739 1057 1789 suut
1079 1732 1190 1790 omnio.
1233 1727 1312 1799 Quid
1328 1727 1385 1806 igi-

155 1839 209 1892 tur
230 1827 289 1892 iilis
311 1827 434 1888 fiduciae
457 1827 615 1904 supererit,
637 1827 697 1888 imo
718 1825 829 1906 potius,
852 1845 908 1906 qua
929 1845 991 1888 non
1013 1827 1094 1906 digni
1109 1834 1199 1888 erunt
1213 1825 1386 1905 ignominia,

155 1927 399 2010 quandoquidem
422 1926 597 1987 Sanctorum
620 1927 774 1989 sententiis
796 1925 1005 2000 adversantur,
1029 1945 1094 1988 eum
1116 1927 1224 2000 dicant,
1252 1925 1386 1988 omniurn

156 2029 304 2109 Opitioem
335 2025 483 2107 opificium
512 2045 596 2100 esse,
629 2047 664 2088 so
688 2047 752 2089 reru
781 2035 909 2088 creatam
937 2045 1006 2088 esse
1035 2045 1117 2098 euru,
1151 2027 1262 2106 inquo
1287 2025 1386 2088 omnia

155 2141 253 2194 ereata
276 2135 349 2191 sunt
370 2135 400 2190 et
421 2125 612 2190 consistunt?
655 2128 698 2190 Ne
726 2129 856 2190 humana
878 2126 996 2206 quidem
1019 2127 1077 2190 idla
1098 2127 1191 2200 ratio,
1220 2143 1294 2205 quse
1316 2126 1383 2208 pie-

155 2241 245 2296 nuru
268 2230 380 2310 sapiat,
409 2229 467 2292 iilis
495 2229 530 2290 ad
554 2230 600 2291 sui
622 2229 829 2292 defensionem
851 2227 1038 2306 relinquitur.
1085 2228 1161 2301 Quis
1184 2227 1262 2290 emin
1284 2227 1384 2292 homi·

154 2351 237 2406 num,
261 2331 324 2392 sire
336 2331 465 2392 Graecus
486 2331 548 2392 siue
557 2329 716 2402 Barbarus,
739 2347 829 2408 quem
843 2328 939 2390 Deum
962 2327 1128 2403 confitetur,
1150 2328 1276 2392 eundem
1298 2347 1383 2390 orea-

156 2441 252 2494 turarn
282 2451 351 2494 essa
379 2431 486 2492 dixerit
514 2439 648 2492 autnon
670 2430 763 2490 tuisse
785 2439 943 2509 antequam
965 2429 1074 2492 fieret?
1117 2429 1175 2492 dut
1196 2429 1262 2509 quis
1283 2429 1385 2492 homi-

154 2551 248 2606 num,
276 2551 344 2593 oum
372 2531 454 2591 iilum
482 2529 626 2602 audierit,
655 2547 741 2608 quein
762 2549 855 2592 unum
876 2530 971 2592 crodit
991 2549 1061 2592 esse
1082 2529 1194 2603 Deum,
1223 2529 1387 2592 dicentem:
1407 2579 1419 2607 ,

159 2631 218 2692 Hie
240 2629 393 2692 eatFilius
415 2647 499 2688 meus
524 2627 657 2700 dilectus,
680 2637 723 2690 et:
745 2631 904 2693 Eructavit
927 2630 1390 2712 cormaricensium,

165 2727 245 2788 ausit
266 2727 381 2786 disere:
401 2725 532 2798 Verbum
553 2727 631 2804 quod
653 2747 688 2788 ex
709 2728 762 2790 Dei
784 2731 875 2791 eorde
895 2747 1091 2810 progressum
1115 2738 1173 2802 est,
1195 2747 1232 2790 ex
1252 2745 1390 2790 non-ex-

166 2823 316 2886 stantibus
337 2823 445 2884 sectum
467 2831 529 2897 est,
552 2833 614 2886 aut:
629 2827 720 2888 Fidius
742 2836 839 2890 ereata
860 2845 910 2888 res
932 2837 989 2900 est,
1011 2847 1072 2890 nou
1094 2827 1220 2907 propria
1240 2825 1392 2904 loquentis

160 2921 295 3006 proies?
336 2923 378 2984 Aa
398 2941 519 2984 rursum
541 2923 617 3002 quis,
641 2925 666 2986 si
689 2945 767 3000 eum,
788 2945 876 3003 quem
897 2925 1056 2990 dominum
1079 2935 1109 2987 et
1124 2925 1307 2988 salvatorem
1323 2941 1393 2986 esse

161 3025 276 3098 eredit,
305 3023 407 3086 audiat
435 3023 601 3086 dicentem:
628 3025 692 3104 dyo
720 3030 754 3087 in
775 3025 866 3086 Putre
894 3037 922 3087 et
945 3025 1037 3090 Potor
1059 3029 1092 3084 tn
1114 3041 1178 3094 me,
1206 3033 1248 3086 et:
1278 3025 1341 3106 Boo
1363 3037 1393 3088 et

160 3126 372 3189 Paterninum
395 3143 517 3196 murus,
541 3143 575 3186 ea
597 3125 732 3214 dividere
753 3133 892 3198 sonetur,
921 3142 996 3202 quae
1018 3123 1068 3184 ilie
1090 3121 1240 3184 wniuuxit
1260 3133 1289 3186 et
1309 3123 1389 3186 indi·

158 3227 225 3288 uisa
247 3224 458 3288 conservarit?

246 3329 275 3392 3.
320 3327 400 3388 Haeo
421 3325 512 3405 igitur
532 3345 598 3388 euin
621 3335 652 3390 et
674 3325 732 3407 ipsi
756 3325 999 3398 animadvertant,
1023 3323 1113 3386 rebus
1137 3323 1199 3386 suis
1220 3325 1385 3390 diffidentes

160 3428 220 3506 piis
253 3427 325 3488 viris
357 3427 497 3488 ooniietas
529 3427 702 3490 adscribunt
732 3427 906 3490 sententias.
958 3424 1044 3506 Atqui
1077 3426 1172 3508 magis
1199 3425 1297 3490 doouit
1329 3447 1383 3490 eos

162 3527 293 3589 omnium
322 3527 428 3606 inopes
459 3534 489 3588 et
509 3527 712 3601 advertentes,
748 3547 781 3590 se
802 3527 1001 3607 interrogatos
1032 3527 1146 3608 passini
1175 3527 1325 3588 haesitare
1353 3545 1388 3590 ae

159 3627 253 3690 iuauti
276 3645 329 3688 ore
350 3627 565 3701 obmutescere,
588 3627 765 3690 sententiam
788 3637 979 3702 commutare,
994 3629 1154 3709 potiusque
1170 3645 1239 3689 sese
1254 3635 1470 3693 averteremus.

160 3745 177 3788 a
205 3728 252 3789 ria
281 3728 408 3802 erroris,
436 3747 523 3806 quem
550 3729 707 3804 homines,
734 3747 809 3808 quos
835 3729 989 3807 ignorant,
1018 3729 1098 3792 inter
1119 3745 1192 3788 suos
1214 3745 1388 3802 recensere3

161 3847 199 3889 ne
232 3828 269 3889 ab
303 3827 408 3888 iisdem
436 3828 579 3889 contutati
605 3829 672 3908 plus
702 3829 857 3890 dedecoris
879 3829 1021 3888 referant.
1063 3826 1174 3886 Verum
1197 3826 1238 3886 ilii
1260 3829 1388 3889 tortasse

162 3925 200 3990 ab
221 3927 391 3990 huiusmodi
413 3925 492 3986 dolis
514 3945 662 4003 nunquam
684 3927 830 3988 absistere
849 3927 962 3997 uolent,
986 3923 1113 4003 Caiphae
1126 3925 1204 3986 enim
1220 3927 1388 3988 sociorum-

196 4095 216 4129 α
229 4073 751 4142 taur.totunymtrtmminussocii.
838 4091 859 4138 g.
880 4075 977 4124 Tauria.
986 4074 1090 4126 colbert.
1099 4077 1180 4128 lesuit.
1192 4068 1329 4146 ἀμέριστα
1345 4089 1389 4128 nt·

196 4147 222 4198 d.
238 4145 280 4195 Sic
295 4145 351 4208 Res.
363 4145 437 4194 Baeti.
447 4153 471 4194 et
480 4145 538 4194 edit.
551 4143 669 4194 ammei.
688 4144 752 4194 Edit.
802 4137 903 4202 resinata.

161 4202 748 4276 mssffimmfflmwfflmw
836 4199 1390 4268 uhmstwmfflwmmd

162 4281 262 4332 Tauria.
281 4281 350 4332 Coti.
369 4281 413 4330 ier.
432 4281 472 4330 i'r.
491 4280 510 4330 i.
529 4269 696 4345 ὄφεὶλουσιν.
801 4270 871 4331 τούς.
908 4277 978 4327 colb.
995 4269 1106 4326 ἐπειδὰν
1121 4269 1270 4328 diruitur
1282 4267 1391 4330 αὐτούς.

196 4363 218 4398 e.
245 4347 342 4398 Tauris.
373 4347 441 4398 Coib.
471 4347 519 4397 iss.
546 4341 748 4412 παραλείπεται.
802 4345 867 4396 inira
884 4343 947 4394 Edit.
964 4338 1389 4410 PuriuetCoion.1oopupiaous.

163 4415 236 4465 Penio
256 4424 314 4478 post
330 4415 369 4464 Fr.
388 4415 406 4464 1.
426 4407 601 4481 ἱπιχειρὴσοι.
800 4413 862 4462 Edit.
887 4427 944 4462 raro
960 4411 1108 4464 *Commotus
1126 4425 1181 4460 curu
1199 4411 1312 4462 omnibus
1330 4425 1389 4460 mss.

196 4483 213 4531 i.
232 4483 289 4545 iter.
314 4482 411 4532 Tauria.
435 4481 505 4533 Goth.
530 4485 576 4534 ies·
599 4482 637 4532 ir.
656 4483 675 4534 1.
697 4471 750 4544 κᾷν
796 4474 1007 4546 torpuerimus.
1042 4475 1390 4529 tuiteuteurtn.etcotuut

161 4541 256 4600 εἰπεῖν.
292 4549 353 4600 Edui
373 4539 415 4598 ἄν.
521 4565 527 4579 ·
799 4537 1015 4614 μεταγινώσκειν
1031 4535 1116 4612 ἐχρῆν
1131 4539 1243 4606 μᾶλλον.

198 4635 323 4679 drusion
337 4645 388 4679 ore.
401 4644 475 4677 noer.
489 4644 538 4676 ssu.
700 4643 708 4652 ·
1170 4625 1184 4672 ¹1
