3226 5280
538 299 682 344 sorerem
697 299 735 344 us
750 299 916 344 senrsnrn
931 301 1074 344 oronrsn.
1360 290 1420 354 10³

185 450 299 530 detque
320 447 366 510 rei
387 447 571 524 auctoribus,
594 457 628 510 ut
648 468 665 511 a
685 449 784 529 pravis
807 450 998 530 opinionibus
1022 449 1174 514 desistant.
1221 451 1338 524 Quibus
1359 455 1507 516 mi·e.nc

184 550 271 612 nime
292 547 509 612 desistentibus
531 549 592 612 imo
614 547 814 628 impudentius
836 551 866 611 in
889 550 1041 632 impietate
1062 553 1337 632 perseverantibus,
1362 573 1419 617 ne-
1475 619 1479 630 ,

183 648 330 714 cessitate
361 649 467 729 pulsus
501 657 563 724 est,
597 669 699 712 comm
727 650 939 730 impudentiam
967 651 1025 713 bac
1051 669 1104 712 soe
1133 651 1258 729 epistola
1279 673 1420 720 coercere

183 751 376 828 bumauaque
405 749 567 810 Salvatoris
597 768 633 811 ex
662 749 830 829 Evangeliis
859 768 1027 830 exponere,
1057 758 1092 811 ut
1118 769 1186 811 cum
1213 752 1349 814 audacius
1377 755 1418 818 illi

183 849 295 912 Filium
324 857 467 927 negarent
494 857 524 911 et
551 849 679 911 bumana
708 851 773 912 eius
795 850 876 912 Patri
904 849 1126 922 adscriberent,
1156 851 1317 914 ostendens
1345 855 1419 933 ipse,

184 969 250 1012 uon
278 949 397 1010 Patrem
428 950 481 1011 sed
510 949 616 1012 Filium
646 967 703 1030 pro
732 949 822 1010 nobis
851 949 1005 1012 bominem
1027 949 1133 1011 iacwm
1157 968 1241 1022 esse,
1275 951 1419 1031 imperitis

183 1049 247 1114 illis
275 1049 483 1128 persuaderet,
510 1051 631 1112 Patrem
659 1069 721 1110 ooo
748 1068 817 1111 esse
838 1049 963 1124 Filium,
992 1069 1088 1130 eoque
1114 1059 1202 1130 puoto
1225 1051 1363 1114 homines
1385 1054 1421 1114 ad

184 1169 288 1212 reram
310 1149 376 1212 Filii
403 1149 545 1213 deitatem
574 1149 750 1212 credendam
779 1159 809 1210 et
831 1150 867 1211 ad
888 1150 985 1212 Patris
1008 1151 1208 1230 cognitionem
1231 1153 1347 1214 sensim
1369 1169 1505 1214 renna

186 1251 321 1314 duceret
365 1250 504 1313 licceat
532 1251 677 1329 epistolae
705 1257 926 1330 argumentum,
959 1251 1032 1312 baec
1057 1251 1121 1312 viro
1150 1269 1241 1314 causa
1267 1253 1324 1314 suit
1353 1251 1420 1316 talis

187 1349 355 1422 scribendi,
383 1369 489 1412 eorum
512 1369 621 1430 nempe
642 1349 815 1424 occasione,
833 1349 893 1430 -qui
917 1359 975 1412 tam
998 1350 1185 1430 impudenter
1206 1353 1344 1415 volebant
1365 1373 1419 1416 re-

184 1469 252 1514 ram
273 1450 431 1514 immutare
452 1449 554 1510 tidem.

274 1752 306 1813 b.
349 1748 429 1820 Quid
450 1748 539 1830 igitur
561 1748 762 1810 similitudinis
785 1747 894 1811 babent
907 1748 969 1811 bril
990 1750 1124 1814 haeresis
1143 1758 1175 1812 et
1198 1749 1329 1830 Dionysii
1345 1769 1417 1814 een-

186 1845 308 1912 tenuat
341 1848 385 1908 rel
418 1867 509 1930 quare
538 1847 699 1928 Dionysius
729 1856 762 1909 ut
791 1847 878 1909 Arius
911 1849 1032 1924 citatur,
1063 1859 1142 1912 tanta
1175 1870 1244 1914 com
1271 1852 1312 1914 sit
1343 1853 1420 1914 iuter

184 1957 349 2028 utrumque
376 1947 598 2030 discrepantia?
650 1948 702 2010 lile
737 1966 865 2028 namque
899 1948 1066 2012 Catholicae
1097 1949 1246 2014 Ecclesiae
1278 1953 1421 2032 magister

185 2057 243 2124 cst,
264 2048 315 2111 bic
335 2067 430 2112 norae
451 2049 586 2114 haeresis
608 2049 747 2112 inventor
768 2049 873 2110 extitit.
919 2049 1004 2112 Certe
1025 2051 1115 2113 Arius
1136 2070 1242 2131 praree
1265 2071 1337 2116 suae
1360 2051 1417 2114 do-

182 2151 296 2214 etrinae
318 2151 509 2232 exponendae
531 2169 620 2214 causa
642 2149 776 2212 'l'baliam
806 2150 987 2230 conscripsit
1013 2150 1191 2214 effeminatis
1220 2171 1254 2214 ac
1281 2151 1416 2216 ridiculis

183 2251 299 2326 modis,
331 2251 502 2332 Aegyptium
529 2269 640 2332 nempe
661 2250 803 2314 Sotadem
825 2251 967 2313 imitatus.
1011 2252 1047 2314 tt
1068 2251 1228 2332 Dionysius
1251 2252 1322 2316 elias
1345 2253 1413 2333 qui·

184 2353 251 2414 dem
273 2352 394 2432 scripsit
414 2353 568 2434 epistolas,
591 2352 646 2414 sed
667 2351 776 2431 quibus
798 2350 922 2412 iniectas
946 2350 1134 2433 suspiciones
1152 2351 1273 2426 levaret,
1296 2373 1331 2416 ac
1345 2373 1414 2418 euru

183 2461 264 2516 recte
284 2454 397 2514 sentire
418 2461 604 2532 compertum
627 2459 682 2514 eet.
726 2451 786 2524 Qui
814 2451 840 2513 si
868 2470 970 2514 secum
992 2452 1022 2514 iu
1046 2451 1167 2532 scriptis
1190 2453 1253 2515 suis
1276 2453 1413 2528 dissidet,

187 2571 226 2614 ne
246 2553 365 2614 trabant
392 2571 459 2614 eum
487 2553 525 2612 ad
553 2550 603 2612 sui
624 2551 824 2642 consortium,
856 2571 953 2632 neque
987 2551 1067 2614 enim
1098 2553 1153 2614 bac
1184 2551 1215 2616 in
1244 2561 1330 2632 parte
1357 2552 1416 2614 ilde

188 2649 296 2726 dignus
318 2650 385 2712 erit.
429 2649 482 2710 Sin
511 2669 579 2712 cum
607 2649 777 2729 scripsisset
804 2651 840 2712 ed
861 2651 1049 2714 Ammonium
1082 2651 1238 2730 epistolam
1261 2652 1292 2711 in
1314 2648 1418 2727 euspi—
1483 2695 1490 2708 .

192 2745 368 2824 cionemque
395 2749 540 2820 venisset,
569 2749 673 2810 deiude
699 2750 779 2810 illius
807 2750 945 2812 levandae
967 2769 1058 2812 causa
1079 2769 1148 2812 sese
1169 2748 1357 2828 purgaverit,
1386 2765 1421 2808 ac

187 2854 261 2926 post
282 2845 485 2908 detonsionem
504 2848 681 2908 seutentiam
703 2865 767 2908 ooo
787 2850 921 2922 mutarit,
948 2850 1046 2930 palem
1067 2857 1116 2912 est
1136 2849 1235 2921 illum,
1267 2865 1344 2924 quae
1366 2863 1419 2908 eu·

186 2953 291 3028 specta
313 2947 406 3020 luera,
428 2963 484 3036 per
505 2946 651 3027 quandam
673 2947 927 3025 dispensationem
948 2947 1189 3026 conscripsisse,
1217 2945 1419 3024 scriptorem

185 3064 222 3110 ac
243 3052 345 3126 gesta,
367 3065 442 3126 quae
465 3046 501 3108 ad
529 3047 719 3127 negotiorum
741 3045 888 3108 rationem
911 3056 982 3108 suot
1003 3047 1193 3124 dispensata,
1220 3063 1281 3106 non
1303 3053 1420 3124 oportet

182 3147 312 3224 maligue
334 3147 535 3227 interpretari,
557 3155 607 3210 aut
628 3147 666 3209 ad
688 3165 775 3210 suam
798 3163 945 3224 memque
958 3145 1112 3206 libidinem
1127 3143 1310 3224 detorquere.
1342 3145 1415 3206 Nam

181 3246 316 3316 medicus
338 3246 515 3328 plerumque
537 3267 570 3308 ea
592 3247 745 3322 remedia,
769 3263 846 3324 quac
867 3243 1014 3324 aliquibus
1037 3261 1163 3324 congma
1184 3263 1245 3308 uon
1267 3245 1412 3320 adeatur,

183 3345 361 3426 quibusdam
384 3347 565 3424 rrdneribus,
588 3355 622 3410 ut
642 3354 876 3410 consentaneum
893 3364 962 3407 esse
983 3343 1076 3418 norit,
1098 3343 1225 3419 adhibet,
1247 3345 1414 3408 uenalium

184 3465 271 3526 quam
293 3447 415 3510 curandi
437 3467 562 3528 scopum
584 3447 708 3510 babens.
744 3445 904 3508 Prudentis
920 3445 1021 3508 itidem
1038 3446 1240 3524 praeceptoris
1263 3453 1321 3518 eet,
1344 3461 1412 3508 om·

182 3545 231 3607 oia
253 3546 290 3608 ad
312 3545 527 3628 discipulorum
547 3547 698 3626 ingenium
721 3556 885 3627 temperare
901 3545 1077 3625 docereque,
1101 3544 1198 3606 donec
1212 3562 1266 3608 eos
1289 3543 1326 3606 ad
1340 3561 1412 3622 per-

183 3646 322 3708 tecuoots
344 3647 419 3710 siem
441 3646 613 3711 traduxerit.

271 3748 301 3808 7.
345 3746 432 3818 Quod
455 3747 481 3808 si
503 3765 539 3808 ec
559 3747 657 3808 solum
679 3747 799 3808 nomine
820 3745 925 3808 beatae
945 3742 1111 3805 memoriae
1131 3741 1228 3802 virum
1251 3739 1413 3802 criminan-

119 3973 124 3990 ,
185 3927 292 3978 i'elcbm.
312 3943 369 3978 sero
389 3927 414 3978 3.
432 3941 505 3976 anon.
532 3915 637 4004 ἔγραψε
655 3919 716 3973 λίαν
732 3919 771 3974 ἔκ-
858 3923 983 4004 ῂ..ΐε1οὶ.
1004 3923 1028 3974 3.
1047 3937 1119 3973 ouon.
1134 3916 1288 3988 Ἆμμυνᾶν.

183 3989 377 4060 τεθηλυμένοις
392 3987 440 4044 xci
455 3987 572 4058 γελοίοις
590 3993 695 4041 werce.
725 3987 772 4054 [lle
861 4005 877 4040 ι.
903 3989 970 4040 coto.
1002 3998 1026 4040 et
1049 3989 1087 4038 Fr.
1106 3989 1139 4104 ιδ
1154 3985 1263 4067 τρέπειν
1286 3979 1414 4104 ἐκπίπτον.

183 4055 612 4192 ¹⁰.'.‘¹·t.“,t''.t·.i⁰t¹¹·cli...
629 4117 773 4182 zoae...
825 4055 1104 4184 illibiiffiiiii
1115 4065 1414 4174 ,ltt:?l.i..t..“⁶‘

183 4193 230 4244 etii
254 4209 309 4248 cunr
341 4195 396 4250 edit.
422 4195 499 4246 Paris.
524 4183 668 4250 zurtam.
704 4191 771 4268 ibid.
859 4191 941 4242 teste
958 4193 1015 4253 lies.
1032 4191 1132 4268 laurio.
1150 4189 1221 4240 colb.
1239 4189 1287 4268 ips.
1306 4189 1412 4266 ijelelrm.
1445 4219 1448 4228 -

183 4259 265 4310 Falci.
290 4261 314 4312 3.
341 4277 413 4314 ouon.
441 4253 456 4310 d
479 4255 532 4326 ptr
557 4272 602 4308 m
628 4257 790 4324 Ammoneo,
825 4255 850 4308 ³.
868 4273 939 4308 uoco.
975 4259 1037 4308 Editr
1056 4271 1136 4308 miuus
1154 4263 1221 4334 pecte
1239 4253 1412 4330 mottdpw.

183 4315 233 4401 irp
272 4341 291 4406 ‚a
307 4322 362 4384 sui,
398 4328 473 4406 Paule
491 4335 549 4392 post
560 4328 657 4406 Trosio.
668 4327 773 4402 etcotb3
860 4325 875 4374 l.
901 4325 980 4374 Fetet.
996 4323 1025 4402 ¹³.
1045 4337 1119 4372 suco.
1139 4333 1220 4398 poros
1237 4313 1252 4367 ὃ
1270 4332 1412 4396 bosporos.

183 4405 229 4508 app
265 4409 275 4444 s
300 4379 348 4458 uir,
367 4397 410 4448 utri
428 4395 468 4446 aln
486 4409 542 4446 cum
559 4395 631 4448 edrtrs
647 4386 694 4442 not
710 4405 774 4456 nepe
825 4391 1256 4510 {poppeppppcpplcgdppupmcurou
1272 4395 1414 4451 perorsos.
