3176 5304
213 340 255 406 24
352 375 356 384 ·
615 359 641 402 s.
659 359 813 403 ιτειιιιευ
828 359 1051 431 ιερειεειεεουι

125 503 283 572 Μιιίστί
309 503 488 591 γνώρισμα.
534 505 604 574 ἔστι
625 505 701 592 γάρ,
726 502 772 585 ῶς
794 505 826 572 ολ
848 512 989 593 πατέρες
1010 505 1303 592 παραδεδώκασιν,
1333 506 1445 590 ὄντως

212 607 416 686 διδασκαλία,
439 609 493 674 καί
516 606 722 674 διδασκάλων
745 601 882 692 άληθῶς
903 611 1000 674 τοῦτο
1023 605 1205 693 τεκμήρωυ,
1228 607 1267 674 τὸ
1289 609 1332 676 τά
1354 605 1444 678 αὐτὰ

211 703 365 796 ἀλλήλοις
393 703 565 792 ὁμολογεῖν
591 709 645 774 καὶ
673 707 718 793 μὴ
742 702 964 803 ἀμφισβητῶν
985 707 1067 796 μήτε
1089 707 1175 794 πρὸς
1197 708 1334 790 ἑαυτοὺς
1354 711 1441 802 μήτε

210 810 296 898 πρὸς
327 807 404 886 τοὺς
438 807 563 874 ἑαυτῶν
594 815 750 892 πατέρας.
796 809 828 874 οἱ
855 806 916 894 γὰρ
944 807 988 894 μὴ
1017 812 1135 876 τοῦτον
1158 809 1358 895 διακείμενοι
1379 812 1439 880 τὸν

208 911 336 1000 τρόπον
356 910 522 996 μοχθηροί
544 909 671 992 μᾶλλον
693 911 746 974 καί
770 903 828 976 οὐκ
843 903 982 995 ἀληθείς
997 903 1056 976 ’ἂν
1066 909 1221 978 καλοῖντο
1232 911 1436 982 διδάσκαλοι.

201 1008 351 1101 Ἓλληνες
372 1013 450 1097 γοῦν
473 1003 531 1092 οὐχ
552 1003 788 1096 όμολογοῦντες
809 1007 851 1076 τά
873 1005 966 1090 αὐτά,
990 1003 1075 1076 ἀλλὰ
1095 1013 1149 1078 καί
1172 1012 1258 1098 πρὸς
1275 1009 1439 1102 ἀλλήλους

210 1111 504 1202 ἀμφισβητοῦντες,
529 1105 586 1176 οὐκ
609 1104 718 1197 ἀληθῆ
741 1108 800 1194 τὴν
822 1109 1038 1178 διδασκαλίαν
1060 1111 1207 1196 ἔχουσιν·
1230 1116 1263 1181 οί
1285 1115 1321 1182 δέ
1343 1113 1438 1202 ἅγιοι

209 1217 263 1282 καί
286 1217 332 1302 τῷ
356 1209 427 1280 όντι
449 1215 507 1300 τῆς
530 1207 691 1298 ἀληθείας
712 1209 844 1296 κήρυκες
867 1205 1022 1299 ἀλλήλοις
1035 1238 1072 1280 τε
1094 1218 1311 1302 συμφωνοῦσι
1324 1220 1379 1284 καί
1396 1214 1435 1284 οὐ
1501 1299 1507 1304 ¹

210 1317 426 1406 διαφέρουσαι
448 1311 534 1399 πρὸς
556 1311 700 1390 ἑαυτούς.
747 1311 776 1378 εί
796 1310 858 1398 γάρ
880 1315 934 1378 καί
957 1313 1134 1401 διαφόροις
1153 1315 1284 1401 χρόνοις
1301 1317 1438 1403 γεγόνα-

210 1439 274 1498 σιν,
298 1411 366 1483 ἀλλ’
392 1414 439 1493 είς
460 1407 580 1480 ταύτὸν
602 1407 757 1500 ἀλλήλοις
780 1407 936 1499 ὁρμῶσιν,
961 1413 1033 1494 ἑνὸς
1055 1413 1148 1495 όντες
1168 1419 1227 1482 τοῦ
1249 1422 1333 1485 θεοῦ
1349 1441 1437 1505 προ-

211 1521 314 1604 φῆται
335 1519 389 1582 καί
411 1515 468 1581 τὸν
491 1511 590 1582 αὐτὸν
613 1514 799 1602 συμφώνως
822 1509 1101 1600 εὐαγγελιζόμενοι
1122 1515 1228 1603 λόγον.

296 1605 325 1686 5'.
361 1615 408 1682 uA
434 1619 512 1702 γοῦν
534 1619 665 1701 Μωσῆς
694 1615 859 1695 ἐδίδασκε,
891 1611 988 1682 ταῦθ’
1010 1613 1162 1704 Ἁβραάμ
1191 1616 1388 1704 ἐφύλαττεν
1413 1619 1436 1687 ἃ

93 1704 99 1715 ’
211 1719 246 1788 δὲ
265 1713 416 1806 Ἁβραάμ
446 1716 620 1805 ἐφύλαττε,
649 1719 754 1782 ταῦτα
776 1721 854 1783 Νῶε
881 1719 935 1784 καὶ
955 1711 1051 1800 Ἑνώχ
1073 1707 1263 1803 ίγίυωσκον,
1287 1721 1436 1807 1’διακρί-

211 1843 321 1898 νοντες
351 1817 486 1902 καθαρὰ
513 1819 567 1883 καὶ
595 1811 771 1903 ἀκάθαρτα
798 1821 853 1884 καί
882 1813 1053 1904 εὐάρεστοι
1080 1819 1247 1904 γινόμενοι
1275 1825 1322 1908 τῷ
1349 1826 1433 1909 θεῷ.

125 1935 203 1981 και.
212 1925 266 1990 καὶ
295 1919 356 2007 γὰρ
378 1921 432 1985 καί
447 1914 549 2002 ’Ἅβελ
572 1913 677 1995 οὐτως
699 1917 934 2005 ἐμαρτύρησεν,
966 1918 1184 2006 ἐπιστάμενος
1205 1924 1325 2002 ταῦτα,
1349 1920 1436 2010 άπερ

210 2012 249 2111 ἦν
271 2020 392 2106 μαθὼν
420 2016 534 2106 “παρὰ
562 2020 621 2083 τοῦ
639 2013 762 2102 Ἀδάμ,
793 2023 852 2086 τοῦ
874 2024 927 2088 καί
951 2016 1052 2087 αὐτοῦ
1073 2020 1245 2106 μαθόντος
1266 2023 1360 2109 παρὰ
1381 2050 1438 2092 κν-

210 2129 299 2210 ρίου,
329 2119 366 2201 ὃς
390 2123 444 2186 καί
475 2119 532 2186 ἐπὶ
561 2120 730 2206 συντελείᾳ
752 2123 818 2186 τῶν
841 2120 970 2188 αἰώνων
994 2121 1104 2188 ίλθών
1126 2123 1174 2202 είς
1197 2121 1357 2212 ἀθέτησιν
1377 2127 1437 2213 τῆς

210 2219 373 2310 άμαρτίας
404 2221 547 2306 ἔλεγεν*ι
577 2213 635 2286 οὐκ
657 2219 790 2306 έντολὴν
813 2222 924 2310 καινὴν
947 2223 1070 2307 δίδωμι
1091 2219 1183 2307 ύμῖν,
1208 2219 1276 2290 ἀλλ’
1302 2225 1436 2314 ἐντολὴν

136 2399 138 2413 ι
209 2323 377 2403 παλαιάν,
408 2321 447 2410 ἣν
469 2317 628 2409 ἠκούσατε
652 2316 708 2388 ἀπ’
733 2315 870 2409 άρχῆς“).
916 2321 973 2389 διὰ
994 2327 1091 2391 τοῦτο
1111 2327 1165 2390 καὶ
1189 2320 1207 2390 ό
1230 2319 1307 2412 παρ’
1333 2321 1434 2394 αὐτοῦ

208 2424 331 2511 μαθών
354 2420 372 2490 ό
393 2423 555 2511 μακάριος
576 2417 765 2502 ἀπόστολος
779 2425 923 2504 Παῦλος,
946 2423 988 2490 τά
1008 2426 1068 2508 μὲν
1090 2424 1340 2511 ἔκκλησιαστικά
1362 2429 1436 2494 δια·
1458 2449 1465 2456 “

210 2527 333 2608 τυπῶυ,
357 2520 435 2594 οὐδὲ
457 2524 629 2603 διακόνους
649 2521 813 2612 ἠθέλησεν
835 2520 919 2592 εἶναι
935 2525 1125 2610 διλόγουςἼ,
1148 2525 1281 2615 ’μήτιγε
1296 2528 1434 2596 ἐπισκό-

210 2650 311 2708 πους·
334 2638 406 2708 τοῖς
428 2629 464 2696 δὲ
480 2627 646 2705 Γαλάταις
668 2625 891 2714 έπιπλήττων,
915 2621 1110 2716 ἀπεφηνατο
1125 2622 1201 2694 καθ’
1219 2623 1297 2694 ὅλου
1313 2629 1433 2713 λέγων·

212 2731 245 2799 εί
263 2756 315 2809 τις
336 2726 421 2817 ύμάς
443 2725 680 2817 εὐαγγελίζεται
701 2722 779 2814 παρ’
804 2726 823 2793 ὃ
845 2727 1059 2815 παρελάβετε,
1082 2723 1236 2813 ἀνάθεμα
1258 2729 1352 2810 ἔστω,
1376 2756 1436 2798 κα-

210 2832 285 2912 θώς
305 2839 486 2920 προείρηκα
507 2835 561 2898 καί
582 2829 685 2896 πάλιν
708 2831 808 2914 λέγω·
831 2824 915 2896 ἀλλά
936 2832 990 2896 καί
1014 2829 1070 2896 ἐὰν
1092 2825 1187 2913 ἡμεῖς
1208 2824 1229 2918 ἢ
1251 2828 1386 2916 άγγελος
1401 2830 1437 2912 ἐξ

208 2927 351 3020 όύρανοῦ
375 2927 620 3020 εὐαγγελίσηται
641 2926 726 3015 ὑμᾶς
748 2925 826 3017 παρ’
852 2929 870 2996 ὃ
893 2929 1106 3017 παρελάβετε,
1131 2925 1286 3015 ἀνάθεμα
1308 2932 1432 3014 ἕστω’).

210 3037 268 3102 τοῦ
290 3042 401 3103 τοίνυν
423 3029 613 3102 ἀποστόλου
634 3035 740 3099 ταῦτα
761 3033 921 3118 λέγοντος,
945 3026 966 3119 ἢ
987 3035 1041 3099 καί
1064 3021 1157 3098 αὐτοι
1177 3030 1255 3110 τοὺς
1276 3036 1354 3118 περὶ
1369 3029 1434 3100 Εὐ-

211 3141 323 3220 σέβωυ
349 3137 655 3223 μεταβαλλομένους
680 3136 734 3201 καί
756 3129 910 3220 λέγοντας
932 3134 1026 3220 ἕτερα
1048 3131 1142 3219 παρὰ
1162 3131 1204 3198 τά
1225 3128 1432 3219 ὑπέγραψαν,

211 3229 366 3318 ἀνάθεμα
388 3245 606 3306 ποιείτωσαν·
629 3229 650 3323 ἢ
672 3236 701 3303 εί
722 3235 938 3322 γινώσκουσιν
961 3229 1079 3314 αὐτοὺς
1092 3234 1200 3310 καλῶς
1214 3227 1433 3319 ὑπογράψαν-

209 3357 283 3413 τας,
311 3333 356 3420 μὴ
384 3337 626 3420 γογγυζέτωσαν
648 3336 732 3402 κατὰ
753 3340 811 3420 τῆς
832 3336 1025 3424 τηλικαύτης
1046 3334 1196 3420 συνόδου.
1241 3333 1270 3400 εί
1293 3335 1329 3400 δὲ
1349 3333 1433 3420 μήτε

209 3435 307 3500 τοῦτο
328 3433 411 3518 μήτε
434 3435 537 3501 ἐκεῖνο
560 3437 707 3514 ποιοῦσι,
732 3435 827 3521 δῆλοί
849 3438 915 3504 είσι
936 3441 989 3505 καὶ
1013 3432 1106 3505 αὐτοί
1129 3439 1230 3504 παντὶ
1253 3432 1362 3522 ἀνέμῳ
1377 3439 1431 3502 καὶ

209 3531 350 3601 κλύδωνι
372 3534 638 3623 περιφερόμενοι,
661 3538 715 3601 καλ
737 3534 781 3620 μὴ
804 3547 879 3617 ταῖς
901 3537 1002 3618 ἰδίαις
1024 3533 1109 3608 ἀλλὰ
1130 3533 1320 3623 ἀλλοτρίαις
1341 3535 1434 3603 ἑλκό-

209 3655 304 3720 μενοι
330 3634 485 3720 γνώμαις.
531 3637 679 3701 τοιοῦτοι
702 3637 738 3703 δὲ
760 3634 866 3718 ὐυτες,
891 3635 968 3706 οὐδὲ
990 3642 1046 3706 νῦν
1067 3639 1223 3720 τοιαύτας
1245 3637 1434 3725 προβαλλό-

209 3758 304 3818 μενοι
326 3735 515 3824 προφάσεις
536 3732 731 3817 άξιόπιστοί
753 3736 853 3804 εἰσιν·
886 3734 970 3805 ἀλλὰ
992 3741 1046 3805 καί
1068 3747 1297 3808 παυέσθωσαν
1319 3739 1433 3807 αίτιώ-

207 3859 305 3918 μενοι
332 3833 419 3924 ῦμὴ
442 3837 657 3924 γινώσκουσι·
688 3837 771 3920 τάχα
793 3840 829 3906 δὲ
852 3835 928 3906 οὐδὲ
948 3840 1125 3926 διακρίνειν
1149 3841 1288 3923 εἰδότες,
1319 3838 1434 3920 ἁπλῶς

208 3933 248 4000 τό
268 3937 328 4021 μέν
350 3939 495 4027 πονηρὸν
518 3941 649 4026 λέγουσι
671 3939 780 4020 καλόν,
803 3939 841 4006 τό
858 3943 894 4009 δὲ
909 3939 1008 4008 καλὸν
1023 3941 1179 4027 πονηρόν,
1195 3945 1250 4008 καὶ
1265 3927 1436 4027 νομίζουσι

208 4034 329 4121 τὸμὲν
350 4039 470 4125 πικρὸν
493 4034 579 4108 είναι
599 4041 712 4127 γλυκύ,
735 4040 773 4108 τὸ
796 4043 832 4110 δέ
853 4041 950 4129 γλυκὺ
973 4041 1130 4128 πικρόν’).
1176 4037 1291 4125 ἀμέλει
1312 4043 1354 4108 τά
1375 4046 1436 4127 μέν

207 4143 367 4224 κραθέντα
387 4139 470 4206 κακά
483 4142 537 4206 καί
554 4135 873 4224 ἀποδοκιμασθέυτα
885 4153 1016 4230 κρατεῖν
1032 4143 1197 4218 ἐθέλουσι,
1220 4139 1263 4205 τὰ
1278 4141 1314 4205 δέ
1328 4141 1436 4219 καλῶς

279 4309 303 4370 1)
323 4310 344 4359 1.
363 4311 431 4360 ίοιυ.
449 4309 474 4372 2,
492 4309 516 4358 ’ί.
587 4310 612 4370 2)
632 4311 655 4360 1.
674 4310 735 4383 Tim.
754 4311 778 4372 3,
798 4311 821 4360 8.
892 4309 917 4370 θ)
936 4311 988 4361 Gai.
1010 4311 1031 4372 1,
1050 4309 1073 4360 9.
1093 4309 1117 4358 8.
1188 4309 1213 4366 λλ
1232 4307 1286 4357 Εεε.
1306 4309 1330 4368 5,
1349 4307 1389 4359 20.

143 4467 149 4476 .
243 4439 265 4475 ι.
283 4425 323 4476 Sic
341 4423 397 4489 neg.
433 4427 461 4477 λι
484 4425 542 4476 editi
565 4433 589 4478 ει
612 4427 653 4478 alii
671 4419 795 4478 άνοισίῑ-
882 4441 905 4505 .⁶·.
921 4425 1023 4538 'gam‘
1052 4434 1076 4476 ει
1100 4437 1154 4474 αισι
1182 4424 1254 4486 λαμ,
1282 4425 1323 4476 uhi
1346 4423 1386 4474 ιίίί
1410 4433 1435 4476 ει

208 4500 269 4610 wlff.
284 4559 342 4624 λος.
360 4553 554 4627 διακρίναντες.
848 4489 906 4610 caldi}
923 4505 989 4609 Ηιιοά
1005 4573 1019 4610 ι
1036 4561 1126 4612 Ioanne
1144 4559 1234 4624 scripu
1253 4559 1278 4610 S.
1290 4559 1435 4610 Athanasius
