3054 5236
471 357 864 430 errsromangearcrernu.
1042 322 1045 332 ¹
1218 347 1278 412 841

73 535 83 574 c
122 509 171 570 in
211 501 346 586 singulos
368 505 536 586 Prophetes
558 505 696 570 Verbum
715 491 848 581 edocuit,
876 506 917 568 ita
938 525 1058 587 quoque
1079 509 1111 572 in
1133 512 1365 590 quendamruu.

67 613 199 674 tinem
225 607 335 670 biariae
356 606 462 669 Fiiium
484 607 615 682 renisam
636 605 741 672 inutile
762 617 811 670 eet
829 597 959 688 agitare3
981 628 1047 671 cum
1070 628 1175 672 eorum
1196 611 1280 674 insa·
1331 633 1336 642 ·

27 733 29 738 ·
89 710 317 774 manifestam
345 708 395 770 sui
417 708 649 771 confutationem
671 727 743 788 prae
765 727 799 771 oe
817 709 905 771 ierat.
950 709 983 772 Si
1004 727 1131 790 namque
1153 712 1282 776 Verbum

71 812 250 886 advenit,
279 828 332 872 cur
354 809 403 871 bic
424 809 515 872 bomo
538 827 574 870 ex
595 809 715 889 Virgine
737 816 769 871 et
788 827 850 871 non
873 828 909 871 ex
932 811 995 872 viro
1019 821 1049 873 et
1070 812 1195 876 muliere
1216 816 1282 895 ipse

63 934 153 997 ‚que
193 909 338 994 prodiit?
366 910 411 972 sic
429 909 518 979 ‚enim
548 910 674 989 quisque
697 910 877 972 Sanctorum
898 910 1017 990 genitus
1041 920 1097 975 est.
1139 914 1198 976 Aut
1218 935 1281 990 cur,

19 1023 20 1026 ’
60 1017 234 1081 Verbum
256 1014 297 1076 ita
310 1011 447 1085 uenerit,
476 1011 724 1092 cuiusquemors
745 1029 808 1074 non
830 1010 939 1074 dicitur
960 1030 1015 1092 pro
1037 1013 1124 1100 nobis
1148 1014 1282 1091 tolerata,

60 1166 65 1182 .
102 1119 211 1181 iliius
244 1105 382 1178 tantum?
426 1112 527 1186 Quare
554 1113 625 1176 item
654 1131 720 1175 eum
748 1112 786 1176 ad
808 1113 943 1192 singulos
964 1114 1131 1194 Prophetas
1154 1115 1282 1180 Verbum

56 1219 215 1292 tenerit,
240 1216 348 1279 dicitur
369 1225 466 1278 tamen
488 1215 525 1277 ad
547 1215 645 1278 solum
666 1213 776 1276 diarias
789 1214 897 1277 Filium
920 1215 1015 1277 semei
1035 1216 1066 1277 in
1089 1235 1282 1280 consumma·

59 1341 110 1386 ne
138 1317 345 1382 saeculorum
367 1315 548 1380 advenisse?
591 1316 650 1378 Aut
671 1303 850 1378 enc'Verho
866 1316 907 1379 ita
929 1317 1085 1390 ueniente,
1108 1327 1142 1379 ut
1162 1328 1284 1381 venerat

19 1477 21 1484 ,
69 1424 234 1486 Sanetus
255 1419 335 1494 ilios,
358 1419 407 1500 qui
429 1418 513 1498 prius
534 1417 723 1490 exstiterant,
741 1416 791 1480 aiii
812 1417 930 1497 quidem
954 1437 1060 1480 omnes
1082 1420 1193 1482 mortui
1214 1438 1283 1484 cum

54 1534 83 1588 rt
111 1521 270 1586 nondum
293 1527 532 1590 resurrexerunt,
555 1517 640 1580 solus
661 1534 731 1580 vero
753 1517 863 1581 Mariae
876 1518 970 1582 Filius
992 1529 1064 1598 post
1084 1520 1215 1584 triduum
1229 1540 1280 1583 re-

21 1659 25 1675 r
54 1623 207 1690 rrexit?
254 1621 424 1700 torquere
446 1638 512 1682 cum
536 1619 627 1682 simili
648 1619 739 1682 modo
761 1621 798 1696 ad
820 1619 895 1684 aiios
911 1620 1038 1683 Verbum
1055 1621 1177 1696 venerit,
1200 1621 1284 1685 solus

19 1777 21 1782 ,
50 1730 146 1791 ariae
172 1723 276 1785 Filias
304 1721 413 1782 dicitur
433 1721 626 1791 Emmanuel,
656 1722 742 1800 quasi
771 1740 881 1802 corpus
910 1722 974 1784 eius
996 1722 1109 1785 Deitate
1136 1722 1284 1804 repletum

46 1880 48 1886 .
90 1846 136 1889 ex
175 1823 233 1886 illa
266 1822 397 1902 genitum
431 1819 495 1886 sict
538 1820 610 1884 Nam
640 1821 712 1884 iilud
742 1821 921 1885 Emmanuel
948 1823 1094 1902 significet
1121 1823 1284 1888 Nobiscum

20 1975 31 1988 ,.
47 1949 130 1993 m.
187 1923 246 1986 Vei
267 1921 407 2002 quare-si
430 1922 469 1982 ita
492 1922 617 1995 venerit,
640 1922 774 2002 quolibet
789 1922 965 1994 Sanctorum
988 1924 1162 1985 comedente
1184 1931 1214 1986 et
1235 1923 1283 1986 bi-

19 2081 30 2110 ,ς
43 2039 139 2105 ente,
165 2025 330 2090 laborante
353 2023 561 2098 emoriente,
583 2041 646 2085 non
670 2024 777 2086 dicitur
800 2024 897 2103 ipsum
922 2023 1051 2086 Verbum
1074 2023 1233 2086 comedere
1255 2033 1285 2085 ct

46 2135 158 2204 ibere,
185 2126 326 2190 laborare
349 2133 377 2186 et
400 2125 487 2200 niori,
512 2124 566 2185 sed
589 2124 625 2186 d‘e
648 2125 713 2188 solo
729 2125 836 2187 biariae
851 2125 926 2186 Filio
949 2125 988 2188 ita
1007 2124 1138 2212 dicitur?
1183 2125 1284 2199 Quae·

19 2309 23 2320 Ι
41 2250 161 2314 unque
188 2229 273 2290 enim
287 2245 405 2306 corpus
428 2225 652 2304 istudpassum
676 2233 732 2300 est,
756 2227 830 2288 baec
851 2226 937 2305 quasi
959 2227 1027 2307 ipso
1043 2226 1173 2308 patiente
1187 2225 1284 2288 Verbo

19 2331 116 2398 Jtictn
142 2339 234 2394 sunt.
279 2328 317 2390 iit
339 2333 408 2389 cum*
427 2327 464 2389 de
486 2326 550 2388 aliis
574 2326 712 2390 omnibus
735 2326 846 2390 dictum
869 2327 910 2389 sit
925 2328 1082 2402 duntaxat,
1099 2327 1177 2406 qnod
1193 2325 1286 2405 geniti

20 2415 61 2508 ,et
92 2433 163 2495 nati
197 2428 278 2501 siut,
310 2428 347 2489 de
379 2427 446 2488 solo
468 2426 578 2501 biariae
599 2427 675 2488 Filio
691 2427 809 2490 ,dictum
831 2439 893 2490 cst:
923 2429 963 2490 m
988 2427 1115 2490 Verbum
1138 2445 1210 2490 mro
1231 2428 1285 2507 se·

25 2546 123 2600 :tum
147 2542 210 2592 cst.
1151 2577 1158 2590 .

19 2613 26 2628 ⁸
132 2633 189 2694 1-2.
237 2627 280 2690 Ex
303 2629 411 2708 quibus
435 2623 621 2702 ostenditur,
650 2627 842 2708 adreliquos
866 2627 984 2708 quidem
1009 2627 1133 2690 Sanctos
1155 2627 1285 2690 Verbum

20 2721 165 2807 [iactum
185 2746 268 2803 esse,
291 2737 325 2790 ut
345 2729 577 2810 prophetarent,
602 2748 637 2791 ex
659 2730 750 2792 biacia
773 2738 871 2791 autem
896 2727 1022 2788 Verbum
1045 2703 1132 2789 mnne
1155 2735 1286 2790 assumta

19 2821 207 2913 [nominem
230 2829 391 2909 prodiisse,
415 2832 464 2909 qui
489 2833 595 2893 natura
617 2829 736 2910 quidem
760 2838 790 2891 et
810 2827 975 2898 substantia
988 2828 1115 2889 Verbum
1135 2828 1189 2890 oei
1212 2837 1285 2903 erat,

19 2926 222 3010 seecundum
250 2944 376 2991 carnem·
399 2940 497 2992 autem
528 2951 564 2994 ex
593 2932 708 2993 semine
731 2929 820 2990 David
843 2939 874 2989 et
896 2947 931 2989 ex
954 2947 1041 2991 carne
1063 2930 1172 2991 Mariae
1194 2929 1285 2990 homo

41 3040 146 3100 iactus
172 3038 232 3103 est,
257 3039 289 3092 ut
309 3032 350 3092 ait
371 3031 489 3094 ranas.
533 3033 620 3094 Hunc
640 3031 730 3092 Pater
751 3029 781 3095 in
803 3028 930 3091 iordane
952 3038 982 3090 et
1002 3031 1034 3091 in
1056 3037 1158 3091 monte
1189 3031 1286 3092 mani-

19 3134 170 3218 Jiestarit
193 3130 314 3203 dicens:
336 3131 394 3193 Hie
414 3142 461 3194 est
482 3133 578 3194 Filius
599 3151 683 3194 meus
707 3131 849 3204 dilectus,
872 3135 905 3192 iu
927 3149 983 3210 guo
1005 3125 1081 3194 miiu'
1101 3132 1281 3214 complacui.

19 3311 20 3318 ἵ
42 3240 137 3300 Hunc
158 3231 264 3295 Ariani
286 3231 405 3310 quidem
428 3231 620 3312 abnegarunt,
644 3251 700 3295 nos
722 3250 795 3294 vero
817 3241 1013 3312 agnoscentes
1035 3232 1207 3307 adoramus,
1232 3251 1288 3294 nec
1409 3229 1426 3262 ⁸

45 3339 161 3401 Filium
184 3353 202 3395 a
225 3332 330 3394 Verbo*
347 3331 516 3408 diuidimus,
539 3334 591 3394 sed
614 3315 805 3413 agnoicimue
827 3333 927 3412 ipsum
943 3333 1072 3394 Verbum
1087 3352 1153 3396 esse
1169 3333 1285 3408 Filium,
1295 3357 1371 3401 nuo.

45 3459 103 3522 per
133 3453 226 3518 quem
256 3433 356 3496 omnia
386 3435 462 3496 iacta
484 3443 555 3496 sunt
576 3443 605 3496 et
626 3453 681 3515 per
703 3453 791 3514 quem
814 3453 870 3494 nos
892 3435 1019 3496 redemti
1043 3451 1157 3496 sumus.
1203 3436 1285 3510 Qua·

49 3547 177 3622 propter
199 3535 300 3598 mirati
323 3553 439 3609 sumus,
462 3535 543 3615 quod
564 3534 596 3597 in
617 3534 709 3596 rebus
732 3535 771 3596 ita
793 3534 959 3596 manifestis
983 3535 1060 3614 apud
1083 3552 1136 3612 uos
1159 3543 1286 3597 conteu-

53 3642 96 3703 tio
120 3641 229 3702 oborta
252 3637 303 3700 sit.
348 3637 408 3698 Sed
430 3635 523 3717 gratia
546 3637 587 3698 sit
607 3635 752 3711 Domino,
783 3635 851 3716 quia
880 3645 1022 3716 quantum
1045 3655 1081 3698 ex
1102 3644 1287 3698 commenta-

52 3743 168 3804 riorum
190 3737 321 3800 lectione
343 3737 510 3800 contristati
533 3756 648 3811 sumus,
672 3745 785 3800 tantum
807 3755 913 3800 sumus
935 3755 1038 3798 rerum
1060 3737 1184 3798 istarum
1207 3736 1287 3798 exitu

56 3899 113 3958 post
130 3883 158 3967 {u
168 3887 282 3951 Μαρίας
297 3879 455 3968 ἒμμρνουῆζ
472 3887 537 3936 addit
547 3881 592 3936 uui
606 3880 648 3952 ip·
701 3879 745 3966 iu
762 3888 830 3937 deest
848 3887 872 3937 in
890 3887 1004 3950 piurimis
1014 3899 1072 3936 mss.
1083 3887 1125 3935 sed
1135 3888 1286 3938 retinendum

55 3967 203 4026 μηνευεται
218 3943 282 4019 μεθ’
302 3967 383 4019 apuu
397 3953 471 4005 deoc.
699 3955 800 4004 udctnr.
822 3953 888 4003 dior
912 3953 1012 4014 Segocr.
1038 3953 1106 4002 solos
1129 3946 1287 4004 tutatum

64 4071 116 4120 ,e
135 4057 175 4106 Sic
188 4053 280 4118 iipipb.
299 4053 395 4104 Gobier.
414 4053 520 4104 Fcicirm.
533 4054 556 4104 1.
574 4055 647 4115 Sego.
698 4013 856 4084 “mei“
871 4013 967 4085 μόνον·
1005 4020 1070 4069 ῙΒῘΝ
1089 4019 1287 4086 ΕΡῙΡΜθΒΰΘῐ·

62 4126 88 4175 ιη
107 4123 161 4190 edit·
179 4117 340 4192 προφητῶν,
379 4121 443 4171 mm
461 4120 647 4182 smmum·
700 4087 799 4138 Gobicr.
824 4095 848 4136 ot
871 4087 975 4138 Feicim.
997 4079 1149 4158 tacimus·
1183 4089 1246 4139 Editi
1265 4098 1288 4138 et

61 4177 645 4316 iiiiii?uiiuiioigimiio‘icciiiiciiionaedoiir'iii
699 4154 906 4284 'lli-{iiiia
924 4212 1006 4286 λόγος
1023 4214 1111 4287 ἑαυτῷ
1130 4215 1226 4338 criptae.

63 4323 352 4388 sustentaculum.
373 4324 395 4372 1.
414 4325 513 4386 sepner.
547 4322 646 4372 edictu
730 4282 1160 4421 R·giffupffl·jssffffiffimgsspss
1187 4284 1287 4358 mii·

63 4394 178 4458 Eiiihw'
196 4383 354 4440 ἀποθανών·
376 4485 380 4498 ⁸
730 4424 753 4474 k.
771 4424 871 4487 Segocr.
889 4417 919 4474 ἒν
936 4417 1009 4491 ἡμῖν.
1048 4425 1113 4476 inira
1132 4417 1175 4476 ὅτι
1186 4424 1287 4476 deestis

99 4495 115 4542 i.
132 4493 170 4544 Sic
186 4493 283 4556 Seguer.
298 4491 389 4554 dagiie.
400 4491 497 4542 Gobier.
508 4490 645 4542 et‘iicicim.
698 4491 755 4542 edit.
774 4491 828 4541 Coi.
996 4531 1000 4542 .

70 4558 91 4606 1.
123 4559 149 4610 ia
173 4561 224 4610 ciiia
247 4567 271 4610 et
294 4560 319 4610 in
344 4559 414 4612 editu
432 4553 462 4608 di
480 4559 556 4610 deest.
592 4557 646 4608 iiox
732 4559 748 4608 i.
767 4559 808 4609 Sic
830 4559 980 4626 Epiphanius
1004 4569 1027 4612 ct
1054 4561 1144 4610 Fronto
1168 4558 1287 4609 bacuane.
