3162 5308
224 341 286 404 716
619 347 645 390 s.
661 346 814 390 ετοειιεοιι
828 343 1049 390 nemmem

139 527 213 570 m.
222 505 351 586 πνεῦμα
372 496 585 580 ποτιζόμενοι
605 493 662 561 τὸν
684 493 831 580 Χριστὸν
853 501 1007 579 πίνομεν’
1031 495 1144 562 ἔπινον
1165 493 1225 580 γὰρ
1241 494 1275 562 ἐν
1290 517 1444 576 πνευμα-

222 605 312 688 τικῆς
333 594 581 685 ἀκολουθούσης
603 601 735 682 πάτρας,
757 593 777 685 ἡ
800 597 838 662 δὲ
858 602 965 682 πέτρα
984 587 1024 686 ἦν
1047 592 1264 682 mame).
1301 597 1354 661 καί
1371 592 1444 660 πά-

223 707 274 771 λιν
303 705 361 769 τοῦ
383 703 533 790 Χριστοῦ
563 695 658 777 ὄντος
686 693 847 784 άληθινοῦ
879 699 951 765 υίοῦ
978 695 1073 787 ἡμεῒς
1100 698 1140 765 τὸ
1161 701 1291 784 πνεῦμα
1312 697 1445 782 λαμβά-

224 829 335 883 νοντες
361 800 626 886 υίοποιοῦμεθα·
657 797 697 867 οδ
728 800 789 888 γάρ
818 800 965 886 ἐλάβετε,
1000 808 1097 890 φησί,
1131 805 1262 886 πνεῦμα
1290 800 1446 876 δουλείας

225 907 328 976 πάλιν
352 905 398 983 είς
421 902 536 992 φόβον,
560 897 628 970 ἀλλ’
653 902 785 988 ἐλάβετε
806 907 937 988 πνεῦμα
959 905 1168 984 υίοθεσίαςἽ,
1193 899 1448 985 υἱοποισῦμενοι

227 1010 262 1077 δὲ
294 1011 341 1093 τῷ
373 1005 537 1090 πνεύματι
557 1006 675 1091 ’δῆλον
709 1000 762 1071 ὄτι
790 1003 824 1072 ἐν
851 1008 898 1092 τῷ
919 1011 1056 1092 Χριστῷ
1083 1006 1319 1093 χρηματίζομεν
1345 1007 1449 1068 τέκνα

225 1113 326 1179 θεοῦ·
351 1105 426 1186 ὅσοι
447 1107 507 1193 γὰρ
530 1107 647 1193 ἔλαβον
669 1101 776 1186 αὐτόν,
801 1106 919 1174 ἔδωκεν
941 1103 1054 1187 αὐτοῖς
1076 1107 1226 1188 ἐξουσίαν
1248 1112 1343 1172 τέκνα
1356 1107 1447 1170 θεοῦ

227 1213 423 1300 γενέσθαθ).
461 1204 534 1277 εἶτα
555 1213 613 1276 τοῦ
636 1207 778 1296 πατρός,
803 1205 849 1288 (ῦς
871 1204 889 1274 5
910 1211 1046 1288 Παῦλος
1068 1205 1186 1290 τίπτ’),
1209 1207 1312 1293 μόνου
1335 1207 1449 1294 σοφοῦ

229 1313 324 1394 ὄντος
346 1309 385 1378 b5
413 1310 484 1389 υἱός
516 1310 605 1378 ἐστιν
634 1306 653 1396 ἡ
676 1317 782 1398 σοφία
804 1305 921 1376 αὐτοῦ·
949 1311 1097 1400 Χριστὸς
1117 1311 1178 1399 γάρ
1200 1314 1284 1378 θεοῦ
1308 1307 1450 1392 δύναμις

228 1419 283 1484 καὶ
315 1417 399 1482 θεοῦ
428 1417 572 1501 σοφίαλ).
609 1415 667 1478 τοῦ
695 1407 736 1480 δὲ’
760 1413 833 1480 ολοῦ
856 1411 950 1493 ὄντος
970 1419 1029 1500 τῆς
1049 1420 1172 1502 σοφίας
1198 1410 1293 1500 ἡμεῖς
1314 1413 1451 1495 πνεῦμα

138 1531 142 1542 ’
232 1521 354 1606 σοφίας
375 1513 597 1601 λαμβάνοντες
617 1512 675 1581 τὸν
696 1514 768 1582 υίὸν
786 1515 908 1600 ἔχομεν,
932 1520 985 1583 καὶ
1001 1516 1035 1584 ἓν
1050 1512 1138 1602 αὐτῷ
1154 1514 1257 1603 σοφοὶ
1270 1512 1447 1601 γινόμεθα,

231 1615 318 1688 οῦτω
340 1616 400 1704 γάρ
423 1614 494 1682 οκαὶ
513 1621 697 1704 γέγραπται
717 1615 751 1684 ἐν
773 1621 819 1704 τῷ
843 1617 1006 1706 ἑκατοστῷ
1029 1612 1279 1705 τεσσαρακοστῷ
1301 1622 1449 1701 πέμπτῳ

232 1723 372 1808 ψαλμῷ·
401 1717 512 1805 κύριος
538 1717 609 1785 λύει
636 1719 898 1805 πεπεδημόνους·
924 1721 1035 1807 κύριος
1057 1731 1161 1810 σοφοί
1181 1717 1369 1807 πωλοῦς’),
1393 1719 1448 1783 καί

231 1825 291 1889 τοῦ
313 1820 500 1906 πνεύματος
521 1820 579 1886 ιδὲ
603 1819 838 1905 διδομένουείς
851 1817 945 1910 ἡμᾶς,
963 1822 1079 1908 λάβετε
1091 1809 1152 1909 γάρ
1168 1825 1298 1905 πνεῦμα
1312 1815 1447 1904 άγιον’),

233 1925 339 2011 ὄλεγεν
362 1919 380 1988 5
403 1920 520 2008 σωτήρ,
545 1917 563 1986 5
584 1919 666 2000 θεὸς
688 1921 722 1989 δν
743 1918 820 2008 ἡμῖν
843 1923 947 1990 ἐστιν·
970 1921 1055 1992 οὕτω
1077 1920 1173 2012 γάρὸ
1193 1919 1340 2009 Ἰωάννης
1354 1920 1448 2006 ἔγρο-

234 2039 314 2112 ψεν·
348 2022 404 2091 ἐὰν
432 2017 611 2109 δγαπῶμεν
639 2018 812 2113 ἀλλήλους,
848 2021 866 2091 5
894 2025 975 2105 θεὸς
997 2026 1030 2093 ἒν
1052 2023 1130 2114 ἡμῖν
1150 2031 1250 2111 μένει.
1288 2021 1446 2107 ἐντούτῳ

150 2159 224 2204 ματ,
233 2126 434 2213 γινώσκομεν
467 2120 520 2190 ὄτι
548 2124 582 2191 ἐν
610 2120 698 2213 αὐτῷ
720 2132 858 2211 μένομεν
879 2128 935 2194 καὶ
956 2123 1055 2208 αὐτὸς
1077 2129 1110 2196 ἔν
1131 2124 1225 2217 ἡμῖν,
1260 2123 1313 2193 ὄτι
1335 2124 1368 2192 ἐκ
1390 2123 1446 2189 τοῦ

235 2225 421 2311 πνεύματος
443 2219 544 2292 αὐτοῦ
567 2226 684 2295 ἐ’δωκεν
705 2223 821 2314 ἡμῖν’).
858 2233 916 2296 τοῦ
939 2229 975 2298 δὲ
995 2234 1080 2300 θεοῦ
1103 2228 1197 2308 ὄντος
1219 2229 1253 2296 ἐν
1279 2225 1355 2316 ἡμῖν
1375 2225 1441 2291 ἔστι

234 2332 290 2398 ναί
313 2323 331 2395 5
353 2327 425 2406 υίὸς
446 2326 479 2394 ἐν
501 2324 589 2415 ἡμῖν,
612 2330 762 2414 λέγοντος
784 2325 884 2397 αὐτοῦ
905 2337 964 2398 τοῦ
987 2334 1076 2399 υίοῦ·
1099 2331 1305 2416 ἐλευσόμεθα
1317 2327 1372 2414 ε’γώ
1383 2325 1434 2390 κοί

238 2429 258 2514 5
287 2429 396 2517 πατὴρ
423 2429 480 2497 καὶ
506 2429 608 2519 μονὴν
634 2425 711 2518 παρ’
736 2427 825 2519 αὐτῷ
847 2434 1070 2521 ποιήσομεν).
1110 2435 1226 2502 ἔπειτα
1249 2434 1325 2518 ζωῆς
1343 2425 1437 2513 οὔσης

236 2536 296 2600 τοῦ
318 2533 406 2612 υἱοῦ,
430 2529 493 2617 ἐγὼ
514 2531 585 2618 γάρ,
610 2539 719 2620 φησίν,
745 2534 812 2618 είμί
833 2532 852 2622 ἡ
876 2535 996 2625 ζωήω),
1022 2538 1266 2618 ζωοποιείσθαι
1288 2529 1446 2628 λεγδμεθα

238 2635 341 2721 ἐντῷ
362 2633 540 2718 πνεύματι·
564 2629 583 2698 5
603 2632 664 2720 γάρ
688 2633 828 2720 ἐγείρας,
853 2645 944 2726 φησί,
968 2637 1115 2726 Χριστὸν
1133 2633 1255 2724 Ἰησοῦν
1278 2635 1312 2704 δν
1333 2633 1451 2718 νεκρῶν
1535 2686 1546 2727 3

239 2734 440 2821 ζωοποιήσει
466 2731 521 2800 καὶ
548 2733 590 2801 τὰ
611 2731 719 2822 θνητὰ
741 2737 879 2822 σώματα
899 2736 990 2824 ῦμιῦν
1014 2741 1070 2808 διά
1089 2743 1148 2807 τοῦ
1169 2740 1374 2813 ἐνοικοῦντος
1396 2728 1456 2800 αῦ-

237 2842 296 2906 τοῦ
324 2837 512 2921 πνεύματος
539 2835 572 2903 ἐν
600 2833 726 2922 ῦμίν“).
765 2841 1037 2928 ζωοποιουμίνων
1059 2843 1096 2910 δὲ
1117 2839 1209 2929 ἡμῶν
1231 2841 1264 2910 ἐν
1286 2843 1333 2927 τῷ
1354 2835 1457 2904 πνεῦ-

194 3013 197 3020 .
239 2965 320 3028 ματι
347 2940 402 3026 ζῆν
429 2931 529 3018 αῦτὸς
560 2935 578 3005 5
600 2941 748 3027 Χριστὸς
776 2941 810 3009 ἒν
830 2939 909 3029 ἡμῖν
930 2946 1073 3029 λέγεται·
1101 2949 1239 3033 Χριστῷ
1260 2943 1337 3030 γάρ,
1360 2945 1456 3028 φησί,

240 3039 549 3127 ’συνεσταύρωμαν
573 3042 617 3124 ζῶ
641 3045 676 3111 δὲ
698 3039 806 3114 οδκίτι
825 3043 898 3131 ἐγώ,
924 3046 959 3132 ζῆ
983 3047 1018 3114 δὲ
1034 3046 1067 3114 ἒν
1083 3046 1156 3131 ἐμοὶ
1169 3045 1363 3132 Χριστδς”).
1406 3047 1458 3111 καί

240 3143 343 3211 πάλιν
374 3139 483 3230 ὥςπερ
513 3139 531 3209 5
560 3143 632 3223 υίὸς
652 3141 739 3234 άπερ
762 3147 872 3214 ἐποίει
893 3147 969 3234 ἔργα
991 3148 1079 3235 ἔλεγε
1099 3149 1156 3215 τὸν
1178 3155 1307 3234 πατέρα
1328 3147 1460 3234 ἐργάζε-

241 3250 343 3312 σθαι·
368 3241 386 3311 5
407 3244 517 3331 πατὴρ
538 3245 608 3330 γάρ,
633 3253 743 3334 φησίν,
767 3243 786 3313 5
807 3254 913 3333 μένων
936 3250 969 3318 ίν
992 3250 1065 3336 ἐμοὶ
1087 3247 1185 3330 αὐτὸς
1200 3248 1349 3318 ποιείτά
1364 3249 1459 3337 ὄργα·

242 3346 415 3414 πιστεύετέ
444 3369 503 3428 μοι
531 3341 584 3410 ὄτι
611 3346 673 3430 ἐγὼ
702 3347 736 3414 ἐν
758 3352 805 3434 τῷ
826 3351 930 3436 πατρὶ
952 3355 1003 3418 καλ
1028 3349 1046 3417 5
1068 3353 1176 3440 πατὴρ
1192 3353 1234 3420 ’ἐν
1258 3352 1346 3437 ἐμοί·
1372 3351 1406 3419 εί
1429 3351 1462 3416 δὲ

242 3448 302 3535 μή,
333 3447 389 3514 διὰ
410 3444 452 3510 τὰ
474 3444 551 3528 ὄργα
571 3440 672 3510 ἀὐτὰ
692 3448 865 3516 πιστεύετέ
884 3455 1000 3534 poam),
1031 3450 1137 3533 οῦτως
1159 3451 1243 3541 άπερ
1267 3453 1300 3521 δν
1323 3453 1465 3538 δυνάμει

243 3548 431 3632 πνεύματος
452 3542 615 3627 εἰργάζετο
639 3541 656 3610 5
679 3548 814 3624 Παῦλος
835 3549 922 3636 ἔλεγε
943 3555 1001 3617 τοῦ
1024 3559 1173 3640 Χριστοῦ
1196 3551 1343 3623 εἶναιτὰ
1364 3555 1465 3640 ἔργα·

244 3645 283 3718 οῦ
310 3647 371 3734 γάρ
394 3643 548 3728 τολμήσω
570 3670 604 3711 τι
626 3646 736 3714 λαλεῖν
758 3637 804 3715 ὧν
826 3646 864 3716 οῦ
886 3655 1121 3741 κατειργάσατο
1144 3657 1292 3744 Χριστὸς
1313 3651 1353 3723 δι’
1381 3657 1467 3742 ἐμοῦ
1551 3715 1552 3720 ,

245 3751 292 3828 είς
320 3743 468 3833 ὖπακοὴν
490 3745 613 3829 ἐθνῶν,
636 3747 690 3816 ’ἐν
717 3748 877 3838 λόγῳναί
900 3755 997 3842 ὄργῳ,
1029 3757 1062 3825 δν
1085 3759 1220 3844 δυνάμει
1242 3764 1386 3848 σημείων
1410 3761 1466 3824 καὶ
1551 3759 1552 3840 ᾗ

244 3846 397 3936 τεράτων,
422 3847 456 3916 ἐν
480 3847 615 3933 δυνάμει
637 3853 823 3939 πνεύματος
844 3853 989 3943 άγίουᾞ.
1551 3849 1552 3858 ‘

330 3956 381 4020 20.
429 3951 592 4040 Τοιαύτης
619 3956 655 4024 δὲ
685 3963 873 4041 συστοιχίας
899 3958 955 4025 καὶ
984 3961 1135 4049 ἑνότητος
1161 3966 1219 4052 τῆς
1247 3963 1280 4030 ἒν
1302 3961 1361 4049 “τῇ
1386 3957 1471 4048 ἁγίᾳ

317 4125 339 4182 11
361 4125 381 4174 1.
402 4091 461 4175 cors
477 4127 515 4186 10,
533 4127 557 4176 4.
635 4131 846 4192 νεοπειε.
933 4133 957 4196 η
976 4135 1041 4186 ιοπ.
1063 4137 1085 4197 1,
1106 4136 1145 4188 ιν.
1230 4135 1473 4196 εστωσαν.

247 4191 492 4256 ωλῦπῙλλ
546 4195 990 4266 ωὴῷῙωῌϋλΠλλῦ
1042 4201 1475 4266 ῊωωλῦἨ.8ΗΛωα

247 4260 390 4322 1,12.13.
460 4263 689 4324 911οοο.11,23.
746 4268 868 4328 1011οοο.
891 4271 929 4330 11,
948 4269 972 4320 6.
1026 4271 1066 4332 11)
1085 4273 1151 4322 Rom.
1170 4272 1196 4334 8,
1216 4273 1254 4322 11.
1309 4271 1476 4332 12)(1ε1.·λ,

251 4330 289 4381 19.
309 4329 350 4380 20.
420 4329 544 4392 1³)1oan.
566 4333 605 4393 11,
627 4333 664 4382 10.
686 4333 725 4384 11.
795 4335 835 4398 11)
853 4339 920 4388 Rom.
943 4336 1040 4397 15,18.

281 4467 302 4499 ε.
321 4452 361 4502 Sic
379 4453 433 4513 fleg.
451 4452 471 4499 1.
496 4451 594 4512 8οςσετ.
621 4453 749 4516 ειλοςΙίε.
783 4454 828 4504 Alii
882 4455 919 4504 hic
938 4469 1017 4504 vocem
1038 4453 1106 4506 θεοῦ
1125 4459 1220 4508 addunt.
1257 4457 1480 4521 Μοτὸεςσετίοε.

248 4527 270 4570 τε
288 4521 343 4570 editi
362 4510 493 4577 δηλονότι·
881 4515 973 4574 ominis
985 4515 1099 4591 δύναμιν
1114 4521 1159 4574 καὶ
1179 4524 1255 4576 Θεοῦ.

280 4585 609 4650 1).81ο11ες.1.,ειδεςοεε.
636 4587 714 4640 Ceteri
731 4597 755 4641 εί
773 4589 828 4640 editi
914 4605 935 4641 τ.
953 4592 1067 4656 81ο11ες.
1088 4595 1110 4645 1.
1137 4604 1160 4646 ει
1177 4595 1200 4644 2.
1226 4591 1367 4658 Seguerian.
1395 4589 1482 4645 Basil.
