3226 5308
561 415 668 456 onorio
683 413 726 456 ιιι.
743 415 857 458 courna
872 415 1007 460 turonos.
1312 407 1372 468 567

152 567 286 628 differret
309 564 450 646 tempus?
480 565 503 625 E
526 565 673 626 contrario
697 575 794 626 auteur
817 566 882 646 quis
904 567 954 627 ilio
978 567 1111 644 ignorato
1134 588 1193 630 non
1217 589 1250 632 so
1273 573 1454 650 quoti-eus.

154 653 201 730 die
225 668 330 730 debeat
350 666 478 747 precare?
510 667 586 728 ilinc
608 665 739 726 subdidit
761 667 907 728 Salvator:
943 667 1063 746 Vipiinte
1086 689 1166 749 erpo,
1190 677 1259 752 pitin
1281 690 1455 754 aequorum.

153 791 208 832 ooo
230 774 342 842 nostis,
365 789 424 851 prta
447 769 523 831 horu
545 768 692 830 Dominus
715 779 816 830 uester
837 779 985 830 uenturus
1009 774 1062 838 sit,
1086 778 1130 830 ct:
1153 793 1210 854 quo
1233 793 1293 836 nora
1314 795 1376 856 μιν.

154 876 225 936 totis
249 873 325 934 bora
348 872 431 952 filius
456 871 584 933 bominis
606 875 714 932 veniet.
758 869 860 948 Itaque
890 867 927 928 ab
957 869 1126 942 utilitatem,
1156 891 1228 950 quae
1257 895 1291 934 ex
1320 877 1373 936 hac

154 975 253 1035 oritur
274 972 455 1054 ignorantia,
484 973 524 1033 ita
548 979 594 1032 est
616 971 741 1032 locutus.
784 971 838 1031 His
861 971 938 1032 enim
962 971 1060 1031 verbis
1083 989 1139 1034 uos
1161 973 1314 1048 hortatur,
1343 983 1374 1036 ut

154 1095 273 1156 semper
295 1065 387 1156 parati
411 1076 516 1136 simus.
561 1075 621 1136 Vos
644 1074 739 1144 enim,
762 1073 871 1152 iuquit,
895 1073 1037 1146 nescitis,
1061 1093 1115 1153 ego
1139 1095 1208 1134 vero
1231 1075 1373 1138 Dominus

152 1181 223 1240 novi
246 1178 363 1258 quando
387 1187 526 1239 venturus
549 1195 630 1249 sum,
653 1177 786 1255 quamvis
807 1174 906 1236 Ariani
929 1193 992 1248 me,
1024 1174 1072 1254 qui
1095 1176 1190 1238 Patris
1213 1195 1279 1240 sum
1299 1177 1372 1240 Ver-

153 1281 237 1356 bum,
260 1299 320 1342 non
343 1287 507 1361 expectent

241 1489 292 1548 50.
317 1485 367 1545 Sic
388 1503 460 1563 ergo
483 1482 636 1554 Dominus,
660 1480 710 1560 qui
733 1479 802 1560 quid
824 1477 911 1540 nobis
928 1475 1078 1558 expetet
1094 1479 1200 1540 melius
1215 1497 1301 1558 quem
1316 1497 1372 1542 nos

153 1597 286 1658 noverat,
310 1605 382 1646 suos
405 1583 565 1663 discipulos
588 1583 714 1644 firmavit
735 1600 769 1642 ac
782 1579 916 1650 munivit,
939 1581 1039 1661 iiiique
1054 1581 1224 1642 huiusmodi
1240 1581 1374 1642 instructi

153 1687 357 1750 admonitione
386 1686 616 1747 emendaverunt
644 1682 924 1744 Thessalonicenses
954 1702 987 1744 ea
1016 1683 1047 1744 iu
1079 1702 1112 1744 re
1140 1683 1268 1762 alioquin
1291 1702 1373 1744 erra-

152 1800 250 1852 turos.
285 1787 410 1860 Quando
433 1805 503 1847 vero
526 1805 621 1864 neque
643 1785 690 1846 his
713 1785 820 1846 cedunt
835 1783 943 1847 Christi
966 1785 1081 1858 hostes,
1106 1787 1221 1846 tametsi
1236 1803 1304 1846 uon
1327 1804 1374 1846 me

152 1891 243 1972 sugit,
276 1891 380 1951 durius
404 1888 461 1950 illis
484 1906 537 1950 cor
558 1907 626 1949 esse
647 1905 733 1966 quam
755 1887 915 1960 Pharaoni,
945 1885 1039 1965 placet
1060 1894 1158 1948 tamen
1181 1886 1245 1948 illos
1267 1887 1372 1949 iterum

154 2015 188 2056 eo
211 1994 248 2055 de
270 2011 304 2054 re
325 1991 520 2070 interrogare.
563 1989 641 2052 [teus
665 1989 695 2050 in
716 1989 858 2050 Paradiso
881 1997 1101 2068 percunctatur:
1132 1989 1225 2050 ddum
1245 1990 1299 2051 ubi
1319 1987 1374 2050 es?

153 2098 277 2160 Carnum
300 2113 418 2176 quoque
440 2093 505 2174 ipse
528 2093 704 2170 interrogat:
744 2090 799 2152 Ubi
817 2101 863 2152 est
884 2086 958 2152 tuot
978 2091 1080 2169 freter
1102 2089 1198 2153 tuus?
1228 2089 1304 2163 Quid
1327 2089 1375 2152 bic

127 2175 133 2188 ,
152 2199 252 2279 itaque
275 2194 488 2276 respondetis?
510 2195 581 2254 Nam
604 2193 628 2254 si
651 2213 718 2254 eum
741 2193 857 2254 nescire
879 2190 1063 2262 existimatis,
1087 2192 1245 2254 etidcirco
1268 2191 1373 2254 scisci·

153 2301 225 2374 tari,
261 2319 326 2363 cum
356 2297 533 2360 bleniclraeis
561 2297 696 2375 proiecto
730 2293 921 2365 consentitis,
957 2293 1007 2373 qui
1034 2292 1168 2356 videlicet
1189 2294 1245 2354 isto
1267 2295 1374 2356 audent

152 2405 269 2466 dooere.
303 2394 355 2464 Sin
378 2411 476 2462 autem
499 2399 594 2471 veriti,
618 2416 655 2458 ue
671 2396 831 2458 Manichaei
853 2395 947 2474 palam
971 2395 1105 2468 audiatis,
1129 2395 1174 2456 rel
1196 2395 1277 2456 inviti
1300 2413 1373 2456 con·

154 2506 256 2567 caditis
285 2523 352 2566 eum
381 2503 523 2565 scientem
556 2501 759 2578 interrogare,
793 2498 861 2578 quid
895 2515 1006 2576 quaeso
1039 2497 1198 2559 absurdum
1227 2505 1277 2558 aut
1304 2495 1372 2576 quid

156 2604 262 2664 mirum
284 2605 368 2666 robis
390 2605 521 2676 videtur,
544 2602 569 2664 si
593 2601 700 2674 Filius,
729 2600 759 2662 in
783 2619 841 2680 quo
864 2609 933 2661 tunc
955 2599 1034 2660 Deus
1056 2597 1273 2678 interrogabat,
1295 2597 1372 2660 idem

157 2701 275 2782 iuquam
297 2704 362 2782 ipse
378 2703 467 2765 Filius
490 2723 577 2764 carne
599 2703 796 2766 circumdatus
820 2702 981 2782 discipulos
1003 2711 1150 2780 tamquam
1167 2701 1257 2762 homo
1279 2701 1372 2762 inter-

157 2803 265 2884 roget?
287 2803 344 2864 nisi
366 2805 442 2866 sorte
463 2805 622 2866 Manichaei
644 2807 700 2868 iam
728 2805 795 2866 t'acti
819 2803 901 2866 ilium
917 2803 1085 2882 Scriphtrae
1100 2803 1206 2878 locum,
1230 2803 1279 2866 ubi
1294 2803 1372 2866 Deus

155 2907 298 2968 hdamum
320 2905 497 2985 interroget,
520 2907 614 2968 uelitis
636 2907 870 2988 reprehendere,
900 2907 987 2986 idque
1010 2923 1046 2966 ao
1069 2913 1181 2968 tantum
1203 2907 1318 2978 animo,
1341 2913 1373 2966 ut

155 3027 232 3072 nora
254 3007 390 3087 improbe
413 3007 584 3086 excogitatis
607 3017 637 3070 et
658 3010 802 3071 audeatis.
837 3009 913 3070 Hinc
935 3007 1013 3069 onim
1035 3007 1066 3068 iu
1088 3007 1225 3070 omuibus
1248 3005 1371 3068 conuicti

156 3109 256 3172 Lucae
277 3109 365 3171 verba
388 3109 445 3170 iam
469 3109 681 3182 insusurratio,
712 3129 786 3188 quae
815 3111 933 3191 quidem
962 3117 1041 3170 recte
1069 3118 1139 3172 suut
1159 3109 1250 3183 dicta,
1281 3109 1371 3170 seda

146 3213 241 3274 ¹robis
262 3229 402 3292 perverse
424 3210 636 3290 intelliguntur.
672 3211 821 3284 Quaenam
843 3222 938 3276 eutem
963 3211 1009 3273 'dle
1032 3211 1100 3284 sint,
1123 3213 1229 3274 afferre
1250 3229 1372 3274 neccsse

155 3323 212 3390 est,
235 3323 267 3376 ut
288 3315 344 3376 beo
364 3313 452 3376 etiam
475 3313 590 3376 ratione
611 3321 718 3396 pateat,
742 3331 827 3394 quom
850 3323 1017 3395 corruptam
1039 3314 1080 3376 iiii
1095 3314 1221 3376 habeant
1234 3321 1372 3376 menum.

239 3625 289 3684 ot.
333 3619 413 3683 Haec
433 3617 523 3700 igitur
546 3628 616 3682 sunt
638 3619 735 3683 bucco
756 3620 859 3683 verbe:
882 3619 921 3681 Et
943 3619 1028 3684 Iocus
1049 3619 1229 3702 proficiebat
1251 3623 1380 3700 sapien-⁴

155 3725 199 3786 m
220 3732 248 3784 et
268 3731 364 3786 aetate
386 3731 416 3782 u
435 3726 536 3802 pratia
558 3721 640 3802 opud
661 3721 757 3785 deum
779 3733 808 3784 et
830 3722 972 3784 homines.
1005 3721 1060 3784 Hic
1080 3721 1198 3800 inquam
1220 3720 1268 3784 ille
1288 3721 1372 3784 iocus

153 3907 253 3970 Sepuer.
272 3897 301 3954 ἔν
318 3903 356 3970 τῷ
374 3899 540 3986 παραδείσῳ.
560 3905 637 3956 Ceteri
648 3915 671 3956 et
680 3907 737 3978 editi
789 3907 847 3957 editi
870 3901 1102 3973 περιβαλλόμενος.
1137 3906 1227 3956 ibidem
1254 3905 1324 3958 benit,
1348 3915 1371 3957 ει

153 3965 184 4025 ἓν
200 3969 285 4038 dorp
302 3968 468 4038 παραδεισῳ.
503 3975 593 4023 ibidem
613 3975 738 4036 bephet
789 3975 894 4025 Faicbm.
912 3975 936 4024 b.
963 3989 1007 4039 pro
1035 3972 1091 4021 coir
1117 3971 1253 4041 μαθητῶν
1284 3975 1371 4025 hebent

153 4043 253 4105 segnem
270 4035 439 4110 πυνθάνεται
457 4033 471 4088 ὅ
489 4034 554 4094 θεὸς
569 4035 664 4104 ἲὲγων.
693 4043 737 4092 hht
789 4033 887 4091 αὐτῶν.
1087 4067 1092 4074 ·
1279 4093 1282 4102 ,

153 4111 251 4162 uetur
273 4101 443 4158 πυνθάνεται
465 4101 480 4156 d
503 4102 569 4160 oste
590 4105 639 4158 τοῦ
653 4100 738 4176 'Atop
823 4125 853 4160 ιιι.
872 4111 913 4161 Sic
930 4110 985 4173 Rea.
1000 4110 1029 4170 t..
1049 4118 1073 4160 ιιι
1091 4117 1114 4159 et
1132 4110 1283 4162 emendatam
1300 4112 1371 4163 estin

153 4173 247 4244 λέγειν.
788 4179 905 4239 sepner..
921 4179 949 4226 tt
965 4179 1005 4228 aiii
1024 4186 1048 4228 et
1065 4179 1120 4228 editi
1138 4171 1271 4239 θελήσειε.

186 4248 210 4296 b.
229 4247 269 4297 Sic
286 4247 342 4307 neg.
357 4245 376 4295 Ι.
395 4244 573 4308 senescent.
593 4252 617 4295 et
631 4243 736 4296 isichio.
822 4261 846 4296 n.
869 4247 910 4297 Sic
933 4247 1031 4309 sepner.
1056 4247 1154 4298 Gobter.
1178 4255 1201 4298 et
1225 4247 1329 4300 Fetchn.
1349 4247 1371 4300 i.
1423 4265 1428 4278 ·

152 4315 177 4380 1.
213 4316 242 4365 tt
258 4314 299 4366 aiii
317 4320 341 4363 et
360 4313 416 4364 editi
433 4309 519 4379 λέγειν
536 4312 589 4362 nori
606 4321 652 4364 etc.
788 4315 817 4363 ht
835 4315 891 4376 hog.
913 4315 933 4364 i.
951 4307 1118 4380 rondpdters.
1151 4317 1241 4378 Angiic.
1259 4307 1371 4366 ιἰποεον·
1400 4343 1407 4354 -

188 4383 204 4432 i.
221 4383 362 4446 senuerim.
385 4391 409 4433 et
432 4383 488 4450 hog.
507 4381 531 4434 2.
553 4375 737 4438 πυνθάνεσθε,
788 4375 923 4447 donicae.
961 4383 1047 4448 hagios
1062 4383 1085 4434 2.
1103 4383 1251 4450 θορυβεῖτε.
1285 4383 1330 4434 ttti
1348 4391 1372 4434 et

152 4449 276 4502 mendose.
790 4449 861 4500 editio
880 4451 995 4502 Commei.
1013 4445 1176 4516 dependisset.
1214 4451 1273 4502 ibid.
1291 4443 1372 4499 πάλιν

189 4519 210 4568 Ιι.
230 4521 285 4583 neg.
297 4519 318 4572 t.
337 4519 436 4583 Segner.
454 4519 552 4570 Goblar.
563 4527 587 4570 et
599 4519 703 4570 Feiehm.
716 4517 738 4570 t.
789 4517 857 4568 deest
874 4521 897 4568 in
918 4521 973 4582 hep.
989 4520 1010 4570 t.
1028 4521 1128 4582 Seguer.
1147 4519 1276 4570 Gobier.et
1287 4517 1370 4568 detet-

150 4577 286 4636 Ἰουδαῖοι.
789 4585 869 4635 ιιιιιιιιι
890 4585 911 4635 ι.
948 4585 1005 4636 born
1023 4587 1110 4637 ibidem
1130 4587 1187 4700 hep.
1200 4586 1221 4636 1.
1239 4579 1315 4650 παρὰ
1333 4583 1371 4649 τῷ

155 4683 158 4690 -
190 4653 206 4704 l.
223 4655 264 4706 Sic
281 4655 372 4720 neat.
391 4654 531 4718 etsemer.
564 4654 608 4704 ttit
627 4661 740 4706 εειεειει
789 4649 889 4716 Aconti.
927 4653 1030 4706 Fetetm.
1049 4655 1073 4704 b.
1092 4654 1148 4704 ibid.
1184 4643 1244 4701 aab*
1260 4648 1353 4704 καλῶς.
