3226 5280
492 329 637 374 nersrom
651 329 690 374 nn
704 329 849 374 aemerio
864 329 1009 376 mesenas
1023 331 1143 376 ansoni.
1390 319 1432 382 et

184 477 488 540 consubstantialem
509 479 644 541 confite-i
666 499 699 542 se
720 479 891 544 sihi-mahat
935 481 1016 544 Haec
1036 491 1135 546 summ
1158 491 1229 546 sunt
1246 483 1311 547 citis
1325 485 1517 548 rothstano.

182 578 249 652 „Et
271 578 373 642 aliam
398 579 558 659 epistolam
580 579 701 659 scripsi,
730 579 780 642 uhi
802 581 938 656 ostendi,
966 582 1069 645 taleam
1097 601 1169 644 esse
1189 603 1246 664 qna
1267 585 1308 648 illi
1329 587 1363 648 in
1383 605 1433 650 me

182 725 202 754 ,‚
209 689 349 744 utuntur
374 679 595 754 criminatione,
618 680 702 760 quasi
725 681 838 745 scilieet
859 683 909 762 qm
927 701 1098 762 negassem,
1121 683 1270 746 Christum
1284 685 1346 748 heo
1362 705 1432 750 esee

180 781 531 856 „consubstantialem
574 781 640 843 Etsi
661 783 742 845 enim
763 784 876 855 intem,
905 800 954 844 me
982 782 1013 843 id
1042 781 1174 844 nominis
1202 784 1283 846 nulio
1313 787 1345 848 in
1365 788 1431 852 loco
1536 783 1544 798 '

180 891 401 957 ‚‚sanctarnm
424 882 642 963 Scripturamm
664 881 831 954 invenisse,
858 889 958 944 umen
987 899 1062 961 qnae
1089 881 1315 962 sahseqnnntnr
1344 898 1517 966 arga-em.

178 985 433 1058 „mentationes
453 1003 547 1058 meae,
570 1001 644 1062 quae
666 982 787 1061 quidem
808 981 851 1044 illi
871 981 1064 1056 reticuerimt,
1085 983 1125 1045 ah
1143 984 1199 1046 hae
1213 987 1361 1048 scnmntia
1375 1005 1435 1050 non

179 1085 414 1165 „discrepant
458 1085 537 1158 Quin
560 1084 649 1146 etiam
671 1083 793 1145 humani
812 1067 919 1163 partas
941 1083 1107 1164 exemplam
1122 1085 1153 1146 in
1169 1086 1299 1148 medinm
1315 1087 1435 1167 promti,

177 1203 307 1266 „quem
346 1203 461 1266 nempe
488 1185 680 1266 perspicuum
710 1191 758 1246 cst
784 1183 919 1246 eiusdem
947 1203 1016 1247 esse
1043 1191 1180 1260 naturae,
1213 1186 1372 1268 addidique
1399 1207 1436 1250 eo

177 1333 199 1362 „
208 1288 323 1350 solnm
349 1294 494 1366 parentes
516 1287 593 1348 alios
615 1303 684 1347 esse
705 1303 723 1346 a
743 1285 808 1346 suis
829 1283 946 1358 liheris,
979 1285 1061 1364 quod
1089 1285 1148 1365 ipsi
1175 1304 1236 1348 non
1258 1288 1318 1352 sint
1339 1287 1435 1363 liberi,

176 1405 273 1462 „nec
297 1388 383 1450 item
404 1405 532 1450 nonense
559 1405 630 1449 esse
650 1394 702 1448 ant
722 1387 862 1466 parehtcs
884 1403 954 1447 esec
975 1393 1027 1447 aut
1046 1385 1169 1448 hheros.
1211 1387 1248 1449 hi
1269 1388 1346 1452 hane
1366 1389 1434 1470 qoni-

179 1490 289 1563 „dem
314 1488 490 1568 epistolam,
514 1495 547 1550 nt
569 1486 639 1560 dixi,
662 1485 701 1548 oh
715 1494 904 1566 praesentem
917 1504 1020 1550 rerum
1040 1493 1151 1550 statum
1164 1487 1358 1553 exhihendam
1372 1509 1435 1554 non

180 1590 346 1665 „haheo3
378 1588 508 1669 alioquin
530 1587 612 1668 ipsa,
642 1605 717 1667 quae
738 1595 810 1649 tuno
829 1587 955 1667 scripsi,
984 1587 1073 1650 verha
1099 1587 1146 1650 vel
1173 1590 1277 1669 potins
1303 1589 1435 1672 integrae

179 1692 380 1771 „epistolae
402 1689 552 1769 exemplar
573 1687 736 1762 misissem,
759 1688 850 1767 quod,
872 1687 923 1750 uhi
944 1696 1062 1770 potero
1087 1690 1188 1752 iacere
1207 1708 1269 1753 non
1291 1693 1435 1756 ominem.

179 1792 353 1866 „hiemini
375 1810 447 1853 vero
469 1791 624 1869 probeque
646 1789 726 1862 scio,
754 1807 803 1852 me
824 1789 951 1869 piurima
971 1808 1089 1864 rerum,
1123 1807 1199 1869 quae
1220 1790 1355 1855 eiusdem
1377 1795 1438 1857 sint

183 1939 205 1969 „
214 1895 364 1974 generis,
387 1891 520 1973 exempla
543 1891 751 1972 proposuisse.
794 1890 927 1970 Namque
948 1889 1026 1963 dixi,
1047 1889 1176 1969 plenam
1198 1911 1234 1954 ox
1256 1893 1372 1956 semine
1393 1895 1439 1958 rei

184 2015 261 2070 „ex
285 1995 391 2058 radice
414 2001 547 2056 exortam
570 1992 656 2055 aliam
678 2009 748 2054 esse
769 1990 807 2054 ah
830 2010 867 2052 eo
890 1991 969 2052 nude
990 1989 1134 2071 prodente
1155 1999 1217 2066 est,
1249 2013 1317 2058 esee
1339 2005 1438 2060 tamen

187 2095 369 2172 „eiusdem
391 2105 533 2169 naturae,
556 2095 677 2158 fluvium
699 2093 838 2156 similiter
859 2111 894 2154 en
916 2093 999 2154 sonte
1020 2101 1205 2154 emanantem
1227 2095 1306 2158 alind
1326 2116 1437 2162 nomen

188 2243 213 2272 „
220 2197 354 2272 hahere,
369 2215 465 2277 nenne
480 2197 559 2260 enim
573 2199 689 2259 sonum
703 2195 761 2258 diei
774 2193 908 2269 dodum,
931 2211 1029 2273 neque
1043 2193 1166 2256 durium
1180 2194 1304 2270 iontem,
1318 2207 1436 2262 nuum

192 2317 294 2377 „que
315 2297 508 2362 nihilominus
531 2299 669 2371 existere,
692 2297 733 2358 ita
754 2305 788 2358 nt
809 2295 919 2360 iluvim
942 2294 982 2356 sit
1003 2311 1080 2374 aqna
1101 2313 1137 2356 ox
1153 2294 1236 2356 sonte
1250 2298 1435 2376 profluens.“

292 2501 345 2563 26.
389 2499 484 2571 Quod=
506 2505 605 2559 antem
626 2496 681 2558 hei
702 2496 828 2560 Verbum
856 2515 913 2560 neo
939 2497 1050 2559 ramum
1072 2513 1128 2558 nee
1147 2505 1279 2560 meatum
1300 2499 1356 2573 sit,
1386 2499 1439 2560 sed

203 2598 352 2674 proprius
375 2605 406 2658 ct
424 2597 596 2658 individuus
617 2595 713 2656 Patris
732 2597 916 2660 substantiae
936 2599 1032 2671 reuss,
1062 2605 1095 2658 ut
1114 2597 1236 2676 scripsit
1255 2615 1362 2676 magna
1384 2597 1441 2676 Sy-

12 2687 30 2732 ³¹
210 2695 330 2767 nodus,
357 2713 424 2756 ecce
444 2695 606 2773 Dionysius
636 2713 752 2773 quoque
773 2697 886 2758 Romae
906 2697 1079 2777 Episcopus
1097 2697 1233 2760 smihens
1257 2705 1362 2758 contra
1385 2695 1441 2758 Sa-

212 2791 362 2858 hellianos
383 2794 431 2856 his
452 2793 552 2856 serbis
573 2793 712 2856 adversm
735 2795 802 2858 ilios
823 2795 1008 2874 indignatur,
1040 2796 1090 2875 qrri
1112 2797 1179 2858 talia
1202 2795 1314 2857 andent
1335 2795 1443 2857 dicere.

209 2896 304 2970 „iam
327 2913 414 2969 vcro,
438 2895 550 2974 inquit,
573 2911 700 2974 acquum
722 2895 809 2958 tuerit
829 2894 969 2958 adversus
992 2895 1060 2958 illos
1083 2896 1256 2973 disputare,
1279 2893 1329 2973 qui
1350 2913 1443 2974 angn-

211 2995 404 3073 „stissimam
426 2994 482 3057 Dei
496 2993 646 3056 Ecclesiae
661 2993 923 3073 praedicationem,
943 2993 1156 3066 Monarchiam,
1179 2993 1212 3054 in
1227 3000 1289 3055 tres
1304 2995 1443 3074 quasdam

206 3099 363 3175 „virtutes
385 3117 420 3160 ae
442 3103 597 3177 separatas
619 3095 799 3175 hypostases
822 3102 945 3174 tresque
966 3093 1136 3156 divinitates
1156 3093 1303 3168 dividunt,
1331 3095 1441 3162 dicein

207 3200 312 3278 „dunt
333 3185 568 3277 destruuntopnei⁸
602 3196 710 3260 Audivi
734 3195 814 3258 enim
837 3194 983 3274 quosdam
1006 3209 1042 3256 ex
1064 3192 1127 3268 his,
1150 3193 1200 3274 qui
1221 3197 1297 3274 apud
1317 3215 1371 3260 vos
1392 3199 1440 3261 di·

208 3299 339 3376 ,eeinnm
360 3299 490 3362 Verbum
511 3297 684 3380 praedicant
707 3305 738 3359 et
759 3295 878 3369 donent,
900 3294 990 3358 hidas
1014 3293 1161 3374 opinionis
1181 3297 1339 3375 magistros
1362 3317 1442 3373 esso,

140 3445 145 3450 -
208 3401 287 3479 „qui
310 3400 430 3479 quidem
452 3417 489 3460 ex
510 3399 665 3472 diametro,
688 3398 782 3460 atita
804 3396 927 3476 loquar,
950 3395 1070 3458 Sabehii
1092 3397 1257 3458 mntentiae
1278 3398 1442 3462 adversan-

210 3508 297 3573 „tun
340 3499 423 3562 lilius
453 3499 534 3560 enim
561 3499 593 3560 in
621 3517 658 3560 co
686 3497 826 3560 consistit
852 3496 1007 3577 impietas,
1036 3497 1116 3578 quod
1145 3498 1225 3560 dicat
1244 3497 1352 3560 Filium
1375 3517 1443 3560 csse

210 3601 358 3674 „Patrem
386 3610 417 3662 et
443 3598 591 3673 vicissim,
624 3598 666 3662 ihi
693 3606 791 3662 uitem
820 3605 883 3660 tres
905 3597 983 3662 Deos
1012 3597 1234 3678 quodammodo
1262 3597 1443 3676 praedicant,

210 3707 467 3775 „cumsanctam
497 3701 640 3762 unitatem
667 3700 699 3762 in
719 3707 782 3762 trec
805 3699 938 3762 dromas
960 3699 1142 3778 hypostases
1164 3696 1244 3758 inter
1265 3715 1300 3759 sc
1321 3697 1445 3759 omnino

211 3808 396 3880 „separatas
419 3800 562 3862 dividunt.
605 3800 736 3862 Necesse
758 3807 806 3862 est
826 3797 916 3870 enim.
939 3797 1073 3858 divinum
1094 3795 1225 3856 Verbum
1239 3793 1301 3856 heo
1322 3797 1445 3860 unirer·

212 3919 347 3975 „sorum
371 3919 438 3964 esse
459 3900 585 3972 unitum,
608 3908 640 3960 et
658 3899 803 3984 Spiritcm
823 3905 960 3960 eandum
980 3895 1013 3956 in
1026 3895 1090 3958 Deo
1109 3911 1231 3956 manere
1252 3903 1282 3956 et
1301 3895 1446 3966 hahitare,

213 4018 281 4074 „ac
299 3999 427 4084 deniquo
449 4001 578 4064 divinam
601 3997 778 4062 Trinitatem
799 3997 830 4058 in
852 4013 956 4069 unum,
978 3994 1062 4074 quasi
1077 3994 1106 4056 in
1129 3993 1285 4074 quomdam
1308 3993 1447 4056 vertimur

211 4098 354 4174 „meum
375 4101 585 4162 universorum
607 4099 844 4179 omnipotentem
866 4095 956 4173 dico),
978 4095 1081 4158 reduci
1096 4091 1124 4157 ct
1137 4094 1245 4173 colligi.
1268 4093 1341 4154 Nam
1357 4091 1447 4152 tutilis

211 4199 404 4272 „Marcionis
426 4200 578 4275 doctrina,
607 4218 682 4280 quae
710 4195 913 4262 monarchiam
940 4194 971 4256 in
993 4195 1050 4256 tria
1077 4191 1224 4274 principia
1245 4199 1326 4252 secat
1348 4197 1378 4250 et
1398 4188 1447 4250 di-

247 4383 272 4433 h.
291 4383 332 4433 Sic
350 4385 407 4446 fleg.
443 4383 523 4434 Ceteri
541 4392 621 4434 numm
639 4393 663 4436 et
680 4383 738 4435 editi
755 4380 808 4430 uci-
894 4380 918 4429 d.
935 4377 986 4428 rod
1003 4379 1072 4428 abest
1089 4391 1102 4427 a
1121 4379 1177 4437 neg.

212 4460 271 4505 aar,
290 4460 317 4500 nt
334 4459 359 4500 et
375 4451 433 4513 tegit
450 4451 561 4502 Ambrae.
579 4451 688 4503 damatd.
894 4461 917 4498 e.
936 4447 994 4508 fleg.
1014 4438 1077 4498 τοὺς
1092 4437 1348 4516 undeuicesimum.

251 4533 275 4566 c.
292 4517 349 4579 hes·
367 4515 418 4576 τῆς
435 4519 533 4570 anteit.
600 4579 603 4586 Ι
1207 4583 1245 4633 μ
