3162 5308
503 347 735 394 senercurte
751 349 944 394 sermionem.
1216 409 1220 416 ι
1259 337 1319 400 tos

57 503 267 573 Domitius,
291 511 320 563 et
334 501 520 598 'confortare
542 499 619 562 lesu'
633 500 684 581 fili
702 499 831 572 losedec,
853 500 994 578 sacerdos
1011 518 1125 581 mopne,
1147 512 1177 564 et
1199 504 1409 583 consor-econ.

61 619 188 670 tetur
212 607 307 666 omnis
327 601 460 682 populus
484 613 600 672 terroe,
634 603 704 666 dicit
726 601 889 672 Dominus,
919 613 947 663 ot
974 600 1080 679 facite,
1112 605 1252 683 quoniam
1274 622 1325 682 epo

59 707 258 770 vobiscum
287 721 367 784 sunt,
396 704 466 765 dicit
486 702 634 765 Dominus
658 706 861 783 omnipotens,
892 711 920 764 et
943 700 1076 781 Spiritus
1097 722 1178 766 mous
1201 708 1283 768 eterit
1297 709 1329 768 iu

61 808 197 870 medio
222 809 328 868 uestri.
370 804 426 866 llic
446 803 522 883 apud
545 810 703 882 utrumque
724 802 904 882 Prophetam
927 802 1021 864 solius
1038 802 1157 867 Domini
1179 813 1209 867 et
1230 806 1326 887 Spiri-
1373 841 1376 845 ·
1445 808 1455 834 ·'

60 920 134 972 tus
158 909 210 970 fit
232 907 359 978 menum
382 906 452 986 qnid
467 905 556 984 igitur
579 887 667 965 adid
689 903 795 982 dicturi
818 901 913 966 sunt?
955 903 1028 965 Nam
1045 904 1071 966 si
1087 923 1133 980 eo,
1155 899 1234 986 quod
1247 907 1326 970 Pau-

63 1014 130 1074 lus
163 1009 284 1074 Christi
306 1007 486 1070 mentionem
509 1006 620 1068 iaciens
649 1005 686 1067 de
708 1005 820 1085 Spiritu
848 1005 970 1067 tacuerit
1002 1013 1032 1067 et
1053 1005 1214 1068 electorum
1236 1025 1326 1087 ange-

13 1167 14 1176 ,
63 1116 201 1178 lorum
224 1110 409 1183 meminerit,
438 1109 463 1170 si
493 1108 610 1188 inquam
640 1127 704 1170 eona
734 1107 772 1168 ob
804 1125 922 1170 causam
945 1107 1089 1187 Spiritum
1109 1109 1187 1170 inter
1208 1109 1327 1190 angelos

68 1218 252 1280 collocare
273 1213 345 1274 nibil
367 1219 522 1286 verentur3
551 1215 644 1300 restat
671 1217 704 1272 ut
726 1229 764 1272 ex·
783 1209 831 1272 his
853 1209 1038 1290 propheticis
1061 1210 1159 1272 verbis
1179 1210 1269 1273 iidem
1290 1211 1328 1274 de

69 1321 153 1394 illo,
184 1317 240 1397 qut
262 1314 443 1388 ibisilentio
467 1313 621 1384 omittitur,
644 1311 784 1374 audacius
800 1311 960 1391 disputent.
1004 1311 1078 1374 Nam
1094 1312 1120 1374 si
1136 1312 1242 1386 dcent,
1263 1312 1327 1376 Ilo·

70 1423 217 1484 minum
241 1437 309 1482 esse
337 1417 416 1478 idem
444 1434 511 1478 esse
534 1434 568 1476 ac
588 1414 694 1477 Filium
717 1433 800 1487 esse,
830 1413 899 1494 quid
930 1413 966 1476 de
987 1414 1075 1476 Patre
1103 1413 1207 1478 dicturi
1236 1414 1327 1479 sunt?

74 1523 115 1585 Si
145 1539 230 1583 vero
253 1519 324 1582 illud
348 1501 385 1581 de
405 1516 492 1579 Patre
515 1516 685 1596 intelligant,
714 1516 783 1595 quid
806 1514 911 1578 dicturi
933 1524 1002 1594 sunt
1023 1516 1060 1576 de
1081 1514 1178 1578 Filio?
1221 1515 1327 1578 Proctd

71 1633 201 1688 autem
224 1621 304 1683 absit
324 1618 370 1680 rel
393 1637 409 1680 a
431 1618 494 1680 sola
517 1617 695 1697 cogitatione
717 1607 756 1678 ca*
773 1635 849 1696 quoe
871 1635 906 1678 ex
935 1616 1052 1678 illorum
1085 1618 1229 1680 sententia
1252 1636 1326 1680 con-

75 1724 241 1804 sequitur
268 1721 415 1800 impietas.
464 1719 575 1798 Nempe
605 1717 672 1786 illos
702 1719 885 1798 respondere
913 1736 1035 1782 necesse
1056 1726 1120 1791 est,
1150 1719 1195 1781 rel
1215 1719 1327 1782 nullum

75 1829 180 1890 illum
210 1841 291 1895 esse,
313 1821 358 1884 rel
380 1821 458 1902 quod
481 1821 598 1884 silentio
620 1821 850 1901 praetermissus
873 1820 930 1894 sit,
955 1839 1020 1882 eum
1043 1820 1121 1882 inter
1141 1841 1192 1883 res
1215 1830 1326 1884 creatas

79 1942 312 1992 annumerare.

190 2030 243 2090 tt.
289 2023 367 2097 Quid
389 2023 458 2086 item
481 2023 586 2087 dicturi
609 2033 694 2099 sunt,
725 2024 751 2087 si
773 2023 871 2104 ipsum
894 2023 981 2086 etiam
1003 2023 1160 2088 Dominum
1183 2024 1326 2088 dicentem

81 2129 266 2196 audierint:
279 2113 386 2190 'loten
406 2127 525 2208 quidone
547 2137 614 2190 erot
636 2132 667 2190 iu
690 2128 817 2209 quodum
839 2130 967 2199 ciuitate,
992 2131 1044 2208 qui
1056 2127 1150 2190 Deum
1164 2147 1227 2190 uon
1242 2132 1326 2192 to'rne-

82 2236 143 2297 but
169 2241 204 2294 et
229 2230 375 2292 bominem
395 2247 458 2292 uon
480 2226 703 2292 reverebatur?
746 2227 894 2308 Numquid
922 2227 989 2308 quia
1017 2237 1086 2308 post
1107 2227 1198 2292 Deum
1225 2230 1341 2292 homi-.

83 2353 164 2398 nem
190 2329 373 2403 nominarit,
396 2330 445 2391 ille
466 2329 557 2391 homo
581 2339 627 2392 est
647 2328 756 2402 Filius,
790 2348 877 2409 quem
896 2329 1025 2412 ,iniustus
1048 2329 1136 2393 iudex
1157 2349 1217 2392 non
1239 2349 1325 2393 rere-

83 2431 207 2496 rctur?
253 2431 297 2492 An
319 2434 396 2493 lorte
419 2432 487 2511 quie
508 2440 577 2512 post
599 2431 690 2494 Deum
712 2431 863 2494 hominem
885 2431 1059 2505 subdiderit,
1081 2432 1187 2493 tertius
1210 2439 1255 2493 ost
1274 2431 1324 2494 Fi-

86 2537 152 2596 lius
176 2541 253 2611 post
274 2533 434 2607 hominem,
457 2543 488 2596 et
509 2541 631 2613 quarlrm
654 2533 782 2613 Spiritus
806 2532 949 2596 sanctus?
986 2533 1082 2616 Quid,
1106 2531 1132 2594 si
1153 2531 1330 2616 Apostolum,

86 2633 203 2696 eodem
239 2634 362 2712 epistole
389 2653 494 2696 rursus
523 2636 667 2698 dicentem
696 2635 829 2698 audiant:
857 2635 1013 2715 Praecipio
1042 2635 1099 2697 tibi
1124 2653 1226 2696 oororn
1252 2635 1324 2709 Deo,

87 2739 148 2820 pur·
174 2734 319 2814 uo'uifieot
346 2741 460 2806 omnio,
494 2746 522 2798 et
546 2737 664 2800 Cbristo
693 2737 779 2810 lesu,
808 2742 861 2819 qui
887 2739 1090 2800 testimonium
1119 2735 1250 2798 reddidit
1270 2737 1325 2798 sub

82 2839 205 2902 Pontio
238 2833 346 2906 Pilato,
371 2837 477 2898 donoro
500 2839 724 2919 confessionne,
746 2850 782 2901 ut
803 2857 905 2901 soroes
927 2837 1101 2899 monimum
1123 2841 1187 2899 sine
1208 2835 1327 2898 maculo

87 2934 398 3026 irreprehensibile?
441 2936 517 2998 Num
539 2939 604 3018 quie
626 2940 676 3001 hle
697 2941 733 3001 de
756 2938 868 3018 angelis
890 2947 920 2998 et
941 2936 1052 3016 Spiritu
1073 2937 1169 3010 siluit,
1198 2937 1235 2998 de
1256 2936 1325 3017 Spi-

93 3042 158 3103 ritu
184 3047 216 3100 et
240 3037 276 3098 de
299 3037 411 3117 angelis
434 3045 531 3101 utrum
553 3041 614 3102 sint
634 3039 791 3102 dubitanti
833 3038 876 3098 lta
900 3056 970 3100 sane
992 3038 1197 3112 dubitaverint,
1220 3057 1323 3118 quem

97 3144 151 3206 diu
174 3142 253 3204 haec
273 3139 347 3201 adeo
369 3138 458 3220 impia
480 3149 582 3202 contra
605 3141 749 3220 Spiritum
777 3139 1004 3202 meditabuntur.
1049 3140 1081 3202 Si
1109 3149 1261 3220 praeterea
1288 3141 1324 3202 ad

95 3247 175 3308 haec
196 3242 266 3320 limi
287 3241 383 3304 Exodi
403 3241 492 3304 verba
514 3243 678 3304 attendant:
704 3241 811 3304 Timuit
832 3251 931 3304 eutem
949 3242 1083 3324 populus
1100 3242 1274 3314 'Dominum
1296 3251 1325 3306 et

100 3346 300 3408 crediderunt
321 3343 391 3407 Deo<
413 3355 440 3406 et
463 3343 564 3424 Mopsi
583 3362 671 3408 servo
695 3347 774 3420 eiua,
806 3361 843 3406 an
864 3343 994 3423 lloysem
1016 3343 1078 3406 Deo
1107 3343 1324 3407 annumeraturi

98 3455 186 3520 sunt,
221 3463 318 3525 neque
339 3454 411 3524 post
431 3445 522 3508 Deum
545 3444 665 3518 Filium,
689 3445 741 3508 sed
763 3445 860 3508 solum
881 3445 1012 3525 lllo'ysem
1034 3454 1104 3508 sunt
1125 3445 1323 3509 intellecturi?

102 3549 181 3622 Quid
204 3547 230 3610 si
261 3547 349 3610 etiam
370 3547 569 3610 Patriarcham
591 3547 679 3610 Iacob
701 3547 828 3628 losepbo
855 3545 902 3608 his
931 3547 1029 3610 verbis
1055 3547 1231 3610 benedicere
1258 3565 1323 3610 me·

138 3785 158 3819 c.
178 3768 218 3820 Sic
236 3769 294 3828 lleg.
306 3767 328 3816 l.
344 3767 441 3828 Segner.
462 3768 558 3818 (lobler.
571 3776 595 3818 et
603 3768 689 3818 l'elclt-
774 3783 795 3816 e.
814 3767 853 3817 Sic
872 3768 904 3817 lie
922 3767 961 3816 .l.
981 3775 1004 3816 et
1022 3767 1093 3828 Segn.
1130 3767 1208 3818 Ceteri
1227 3774 1250 3817 et
1267 3767 1322 3818 editi

103 3837 185 3887 manni
206 3837 243 3895 l..
269 3835 407 3883 ubitamen
426 3837 524 3895 Segner.
544 3827 688 3883 ἀκούσωσι.
740 3782 975 3883 οωίιιυηιείεέστι.
1011 3833 1062 3882 ldox
1081 3833 1167 3894 iidem,
1186 3835 1281 3886 Gobler.
1300 3842 1324 3885 et

107 3905 184 3954 Ceteri
204 3911 227 3952 et
244 3901 303 3950 editi
327 3894 356 3947 τί
371 3892 399 3946 d’
419 3891 453 3978 dp
470 3893 571 3949 εἴποιεν
588 3893 615 3948 oo‘
630 3893 686 3948 κατ’
740 3900 846 3950 Felcltm.
868 3900 888 3949 1.
914 3909 969 3963 post
995 3891 1212 3965 ἅμφιβᾰλλουσιν
1236 3901 1323 3952 bahent

105 3964 237 4022 ἐκείνους·
255 3960 350 4033 κριτής
367 3980 408 4020 τις
425 3981 459 4026 ην
475 3960 505 4014 ἲν
518 3981 573 4016 τινι
589 3961 672 4016 πόλει.
741 3975 767 4018 ιιι
785 3969 823 4016 blo
841 3968 957 4030 seqnitur.
991 3968 1082 4028 anglic.
1099 3983 1154 4018 vero
1174 3977 1197 4019 et
1211 3969 1325 4024 ottobon,

109 4058 691 4200 2.exulceranturlull
741 4047 910 4179 illiti
941 4028 1322 4184 lttllftttt‘fftlttt

109 4205 220 4256 omittunt
243 4218 301 4254 uero
320 4203 360 4252 alii
379 4209 402 4252 et
421 4203 485 4252 editi.
521 4203 571 4253 blot
591 4204 647 4265 lleg.
668 4204 690 4252 1.
741 4165 1117 4238 “⁰¹“WW‘W2‘WWW-
1152 4173 1324 4224 &Memfi-⁸²

111 4275 207 4336 Segner.
226 4271 323 4324 Gobler.
343 4278 366 4320 et
384 4269 521 4348 l'elclm31.
540 4271 629 4322 addunt
646 4265 691 4320 rot
741 4237 846 4288 mem·
867 4239 887 4286 ¹·
906 4254 950 4304 ΡΝ
968 4231 1016 4286 ἀἱ
1032 4238 1120 4290 ¹¹⁸h⁶⁰⁸
1135 4235 1187 4289 καί·

111 4336 239 4420 τέταρτον
252 4333 288 4420 ri
306 4337 417 4417 triow
428 4331 459 4386 τὸ
478 4329 566 4403 eyn,
587 4353 648 4420 ur
667 4341 690 4390 ‘⁰
740 4299 1154 4426 rsitrbf⁸i.¹iess‘⁷r⁰s⁶iifioiib
1172 4308 1323 4432 saliet

113 4411 164 4458 alus
182 4419 204 4459 et
221 4411 289 4459 editis
308 4407 426 4458 dedorunt.
462 4407 535 4458 Parrlo
553 4409 689 4474 postudem

60 4543 64 4558 .
114 4483 168 4590 {33
183 4469 532 4596 gffglssfefflmgfft’
558 4491 629 4543 err
645 4473 689 4529 t·
741 4435 808 4560 lbi.
823 4435 1322 4564 {llllll.‘l⁰.·elt⁰ltttttttl

740 4575 789 4626 rod
803 4569 898 4644 Ἰακώβ
916 4589 960 4632 eto.

154 4659 270 4709 lrnartsn
281 4676 331 4710 oar.
342 4676 410 4712 soon.
424 4677 472 4710 sat.
1086 4664 1118 4714 db
