3226 5280
246 368 307 434 106
594 405 597 412 ·
646 385 672 430 ε.
688 383 843 432 mansu
856 383 1078 432 ιαστῐκειεεονι

159 531 356 618 εαιαμόνον,
380 531 415 600 έκ
436 537 628 619 σπέρματος
641 535 754 620 Δαβίδ
775 533 933 620 ἔρχεσθαι
953 529 1030 600 καθ’
1054 527 1233 622 ὁμοιότητα
1245 535 1311 600 τῶν
1330 531 1384 600 ’ἐκ
1405 536 1467 600 τοῦ

244 633 357 719 Δαβίδ
377 630 486 700 ἄλλων
507 640 689 720 γενομένων
710 640 842 714 τέκνων,
864 632 941 701 οῦτε
956 635 992 702 δὲ
1006 633 1088 702 θεὸν
1102 631 1200 702 αὐτὸν
1215 628 1291 701 οῦδὲ
1305 628 1358 700 ὅτι
1372 627 1391 698 ό
1406 632 1465 698 λό-

242 755 300 819 γος
322 733 407 820 σὰρξ
426 733 552 819 ἐγένετο
575 734 765 803 ἐπίστευον·
788 734 906 800 τούτου
930 736 1023 804 ἕνεκα
1042 735 1126 820 μετὰ
1144 735 1270 822 πολλῆς
1290 737 1347 821 τῆς
1368 739 1464 801 συνέ-

242 857 327 913 σεως
348 835 382 900 οί
401 834 560 919 μακάριοι
577 830 783 902 ’Λπόστολοι
803 835 847 901 τὰ
867 831 1069 921 ἀνθρώπινα
1088 839 1147 902 τοῦ
1168 838 1314 921 σωτῆρος
1328 837 1463 920 πρῶτον

240 932 414 1021 ἐξηγοῦντο
434 943 507 1013 τοῖς
525 930 704 1017 Ἰουδαίοις,
728 931 789 1002 1’ἵν’
813 932 900 1015 όλως
921 941 1095 1016 πείσαντες
1115 930 1233 1015 αύτούς
1247 935 1281 1002 ἐκ
1293 937 1359 1002 τῶν
1381 959 1464 1024 φαι-

242 1041 387 1119 νομένων
408 1038 462 1102 καί
484 1042 667 1121 γενομένων
690 1043 843 1122 σημείων,
868 1036 1064 1124 ἐληλυθέναι
1084 1036 1140 1104 τὸν
1161 1035 1317 1124 Χριστόν,
1340 1035 1464 1104 λοιπὸν

241 1138 296 1202 καί
326 1137 375 1215 είς
401 1135 460 1224 τῆν
483 1139 562 1222 περὶ
584 1140 642 1222 τῆς
662 1136 826 1225 θεότητος
848 1132 967 1204 ἀύτοῦ
989 1145 1101 1206 πίστιν
1122 1131 1242 1215 αύτούς
1263 1130 1462 1222 άναγόγωσι,

242 1237 432 1316 δεικνύντες,
456 1233 510 1305 ότι
529 1237 573 1304 τὰ
593 1237 751 1324 γενόμενα
773 1214 851 1324 ίργα
873 1233 932 1306 οῦκ
953 1239 1041 1306 ἔστιν
1055 1233 1245 1322 ἀνθρώπου,
1267 1232 1351 1303 ἀλλὰ
1364 1239 1461 1304 θεοῦ.

241 1330 356 1420 άμέλει
376 1343 506 1425 Πέτρος
527 1334 547 1405 ό
568 1340 670 1425 λέγων
693 1337 797 1424 ἄνδρα
818 1338 976 1426 παθητὸν
997 1338 1052 1406 τὸν
1072 1337 1218 1422 Χριστὸν
1240 1331 1341 1415 εύθῦς
1360 1337 1463 1403 *avv-
1562 1331 1578 1346 ’

240 1440 361 1524 ῆπτεν·
384 1428 481 1518 οὗτος
502 1433 640 1526 άρχηγὸς
661 1443 720 1528 τῆς
741 1439 825 1525 ζωῆς
846 1439 936 1506 ἐστιν
945 1443 976 1519 ¹),
999 1439 1135 1524 ίνδὲτηῦ
1151 1431 1323 1524 εὐαγγελίῳ
1339 1432 1462 1521 ὁμολο-

242 1547 307 1622 γεῖ·
341 1535 439 1606 σύεί
467 1535 669 1624 δΧριστός,
705 1537 723 1605 ὁ
750 1539 822 1619 υίὸς
843 1544 902 1606 τοῦ
923 1543 1007 1607 θεοῦ
1028 1542 1085 1605 τοῦ
1107 1539 1269 1619 ζῶντος’),
1302 1537 1336 1604 ἐν
1359 1539 1396 1604 δὲ
1417 1541 1459 1625 τῆ

242 1637 403 1726 ἐπιστολῇ
426 1661 527 1726 φησιν
550 1633 650 1705 αὐτὸν
672 1639 858 1707 ἐπίσκοπον
880 1643 1023 1726 ψυχῶνί)
1045 1640 1097 1705 καὶ
1119 1637 1231 1725 κύριον
1253 1638 1399 1718 ἑαυτοῦ)
1421 1661 1460 1705 τε

241 1740 295 1804 καί
326 1733 470 1825 ἆγγέλων
497 1739 567 1804 ’καί
598 1738 767 1824 δυνάμεων
775 1745 798 1821 ⁸)
828 1736 940 1809 είναι.“
965 1739 1066 1806 πάλιν
1092 1763 1129 1806 τε
1149 1739 1291 1819 Παῦλος,
1316 1735 1334 1804 ό
1356 1740 1458 1824 λέγων

242 1835 346 1925 ἄνδρα
373 1840 407 1906 ἐκ
428 1844 620 1924 σπέρματος
639 1842 751 1926 Δαβλδ
773 1837 858 1909 εἶναι
879 1841 937 1908 τὸν
958 1839 1119 1927 Χριστόν,
1148 1829 1244 1918 οὗτος
1265 1839 1456 1906 ἐπέστελλεν

237 1933 401 2024 Ἑβραίοις
420 1943 496 2021 μέν·
520 1937 557 2018 ὃς
579 1935 624 2006 ὢν
646 1935 850 2027 ἀπαύγασμα
872 1946 930 2029 τῆς
953 1941 1048 2029 δόξης
1062 1939 1118 2008 καὶ
1129 1939 1289 2026 χαρακτὴρ
1303 1943 1362 2027 τῆς
1375 1935 1460 2006 ύττο·

242 2038 391 2116 στάσεως
419 2033 519 2105 αὐτοῦ
527 2044 564 2120 ⁰),
591 2043 838 2129 Φιλιππησίοις
861 2044 913 2110 δέ’
941 2041 979 2120 ὃς
1000 2041 1034 2110 ίν
1054 2044 1168 2130 μορφῇ
1189 2044 1272 2108 θεοῦ
1294 2036 1455 2127 ὑπάρχων,

242 2131 300 2219 οῦχ
321 2133 495 2224 ἁρπαγμὸν
516 2137 660 2228 ῆγῆσατο
682 2141 721 2208 τὸ
744 2139 830 2210 εἶναι
852 2139 910 2211 ἶσα
929 2145 1040 2230 θεῷ’).
1077 2141 1116 2208 τὸ
1138 2142 1175 2209 δὲ
1196 2143 1299 2226 λέγειν
1321 2137 1457 2228 ἀρχηγὸν

239 2237 313 2323 ’τῆς
341 2239 424 2326 ζωῆς
450 2242 504 2307 καί
532 2241 604 2308 υίὸν
630 2232 690 2308 τοῦ
718 2246 803 2310 θεοῦ
824 2247 879 2311 καλ
902 2239 1103 2328 ἀπαύγασμα
1124 2244 1177 2308 καί
1197 2244 1381 2330 χαρακτῆρα
1401 2238 1457 2306 καί

236 2332 298 2404 ’ίοα
324 2343 396 2424 θεῷ
424 2343 477 2408 καὶ
499 2340 611 2428 κόριον
632 2345 687 2409 καί
710 2343 896 2412 ἐπίσκοπον
918 2345 1045 2431 ψυχῶν,
1068 2339 1122 2409 ‘n'
1143 2337 1183 2408 όν
1205 2343 1255 2428 ε’ίη
1279 2343 1403 2426 ἕτερον,
1431 2333 1455 2426 ἢ

240 2433 293 2504 ότι
314 2438 348 2506 έν
370 2439 500 2524 σώματι
521 2440 617 2529 λόγος
637 2433 677 2529 ῆν
698 2448 791 2525 θεοῦ,
815 2443 863 2512 δι’
888 2437 928 2512 οῦ
948 2445 990 2512 τὰ
1011 2443 1120 2511 πάντα
1142 2441 1274 2528 έγένετο,
1297 2439 1353 2508 καὶ
1367 2441 1457 2508 έστιν

240 2534 428 2626 άδιαίρετος
447 2545 507 2608 τοῦ
528 2544 665 2629 πατρός,
689 2540 735 2623 ὥς
757 2545 828 2612 ἔστι
849 2545 888 2612 τὸ
911 2542 1112 2631 άπαύγασμα
1132 2541 1216 2627 πρὸς
1236 2540 1274 2608 τὸ
1297 2543 1389 2628 φῶςῐ

153 2662 229 2710 κτα.
323 2648 353 2710 9.
398 2640 468 2710 Καὶ
487 2643 667 2723 Διονύσιος
686 2651 797 2712 τοίνυν
818 2645 913 2733 παρὰ
933 2650 999 2713 τῶν
1021 2640 1215 2713 άποστόλων
1228 2643 1324 2708 τοῦτο
1334 2638 1458 2723 μαθὼν

237 2750 436 2832 πεποίηκεν·
468 2744 583 2834 έπειδῆ
610 2745 672 2833 γὰρ
700 2742 813 2831 εἷρπον
842 2744 1066 2834 ῆΣαβελλίου
1093 2747 1232 2832 αἵρεσις,
1265 2737 1456 2829 ἠναγκάσθη

236 2843 295 2930 τὴν
316 2843 480 2934 τοιαύτην,
503 2845 596 2914 καθὰ
616 2857 793 2934 προεῖπον,
818 2847 998 2934 ἐπιστολὴν
1018 2847 1162 2935 γράψαι,
1185 2845 1241 2912 καί
1260 2843 1303 2910 τὰ
1324 2837 1457 2928 ἅνθρω-

237 2951 345 3026 πίνως
364 2946 420 3014 καί
442 2941 581 3025 εῦτελῶς
601 2946 681 3032 περὶ
702 2952 760 3014 τοῦ
783 2951 952 3036 Ιισωτῆρος
974 2948 1127 3035 εἰρημένα
1140 2948 1242 3034 ῥῖψαι
1254 2938 1321 3011 κατ’
1338 2939 1454 3023 αότιῦν,

237 3047 294 3112 ἵνα
320 3047 457 3127 τούτους
487 3043 727 3131 άποοχοινίσας
750 3047 807 3115 διὰ
827 3047 870 3115 τὰ
891 3044 1093 3135 ἀνθρώπινα
1114 3051 1172 3114 τοῦ
1193 3047 1238 3133 μὴ
1260 3046 1362 3131 λέγειν
1383 3041 1455 3110 υἱὸν

238 3140 324 3210 εἶναι
349 3147 407 3213 τὸν
428 3155 574 3235 πατέρα,
599 3141 820 3236 εῦκολωτίραν
842 3143 956 3227 αύτοίς
976 3147 1199 3234 κατασκευάσῃ
1221 3145 1279 3232 τῆν
1301 3143 1456 3231 περὶτῆς

236 3244 398 3330 θεότητος
425 3251 483 3312 τοῦ
512 3250 586 3314 υίοῦ
608 3249 839 3331 διδασκαλίαν,
871 3245 950 3316 όταν
973 3245 1073 3316 αὐτὸν
1095 3248 1128 3316 έν
1150 3255 1225 3326 ταῖς
1245 3245 1360 3323 ἄλλοις
1380 3243 1457 3311 ίπι-

237 3343 372 3421 στολαῖς
400 3339 469 3408 άπὸ
497 3350 563 3412 τῶν
584 3353 721 3436 γραφῶν
743 3350 818 3436 λέχη
841 3349 956 3435 λόγον,
986 3357 1124 3437 σοφίαν,
1154 3347 1305 3431 δύναμιν,
1334 3339 1456 3428 ἀτμίδα

234 3442 291 3510 καὶ
318 3438 522 3528 ἀπαύγασμα
549 3449 608 3512 τοῦ
630 3447 766 3533 πατρός.
811 3449 860 3516 ἱέν
881 3453 960 3535 γοῦν
981 3461 1057 3528 ταῖς
1079 3449 1272 3526 ἐπιστολαῖς
1291 3439 1356 3534 τῆς
1369 3438 1456 3510 ἆσσ-

235 3546 348 3630 λογίας
368 3547 507 3610 τοιαῦτα
527 3547 630 3630 λέγων
651 3550 913 3638 παρρησιάζεται
935 3549 969 3618 έν
989 3554 1031 3638 τῆ
1052 3557 1167 3618 πίστει
1187 3553 1241 3616 καί
1255 3550 1295 3634 τῇ
1311 3547 1358 3625 είς
1371 3551 1457 3630 Χρι-

235 3644 314 3713 στὸν
336 3641 494 3733 εὐσεβείᾳ.
539 3643 648 3734 ὥςπερ
678 3640 735 3716 οῦν
764 3646 802 3716 οῦ
823 3657 1056 3738 κατηγορητέοι
1078 3651 1111 3717 οί
1132 3646 1318 3716 ἀπόστολοι
1339 3643 1394 3712 διὰ
1413 3643 1457 3710 τὰ

235 3741 436 3833 άνθριύπινα
457 3747 587 3836 ῥήματα
614 3748 773 3836 περὶτοῦ
794 3757 907 3836 κυρίου
930 3755 996 3829 (καί
1017 3749 1079 3837 γάρ
1102 3749 1285 3833 ἄνθρωπος
1306 3752 1414 3833 γέγονε
1435 3733 1454 3808 ό

233 3847 365 3935 κύριος),
388 3841 473 3914 ἀλλὰ
493 3847 573 3916 ιςκαί
591 3850 718 3932 μᾶλλον
740 3849 915 3934 θαύματος
937 3850 1027 3931 άξιοι
1048 3851 1105 3918 διὰ
1125 3849 1183 3936 τῆν
1199 3849 1386 3931 οἰκονομίαν
1400 3840 1456 3909 καί

305 4034 395 4096 met.
415 4033 439 4095 υ,
460 4036 498 4085 15.
568 4035 594 4092 ιι
613 4035 693 4086 κιαι.
714 4036 754 4096 ιο,
773 4033 813 4086 κο.
884 4035 910 4096 υ)
931 4039 1033 4110 ορατ.
1053 4037 1078 4099 ι,
1097 4037 1137 4086 25.
1207 4035 1234 4096 ι)
1253 4035 1287 4084 ιι.
1308 4034 1330 4093 ι,
1349 4032 1373 4082 ε.
1429 4025 1456 4090 ο)

233 4103 268 4153 lb.
287 4101 312 4164 3,
331 4099 371 4150 τι.
441 4101 467 4161 υ)
485 4102 557 4151 nem.
579 4103 601 4161 1,
620 4099 645 4152 ο.
713 4103 739 4163 τ)
758 4103 820 4152 ειιι.
840 4101 864 4163 ι,
883 4103 907 4152 ο.

267 4249 288 4284 ι.
307 4225 336 4283 ἔκ
354 4234 423 4282 διατι
440 4234 463 4282 in
475 4233 553 4282 Felek.
565 4231 589 4282 3.
610 4245 681 4282 ιοοο.
698 4232 750 4282 Μαι
764 4241 821 4296 pout
906 4249 926 4284 ο.
947 4227 1032 4284 σῦτοῦ
1050 4236 1118 4286 deest
1136 4237 1161 4285 in
1180 4234 1277 4284 Tauria.

233 4293 317 4350 αῦτὸν
334 4300 432 4350 Tauria.
451 4289 510 4346 τόθ’
531 4289 575 4346 ὅτι
592 4289 606 4344 ὃ
625 4291 713 4360 λόγος.
749 4297 818 4349 (ἰοίίι.
905 4301 928 4348 δ.
946 4303 1044 4352 Τευτίο.
1063 4303 1134 4352 Colh.
1153 4303 1191 4351 Fr.
1204 4302 1221 4350 Ι.
1242 4297 1373 4347 συνεῖπεν.
1408 4295 1455 4343 lm.

233 4359 292 4417 τόθ’
303 4357 442 4432 ὅτιλίγος.
466 4364 539 4414 Anio.
559 4357 573 4412 ὅ
592 4365 616 4412 in
635 4365 747 4413 omnibus
765 4365 819 4414 aliis
870 4363 999 4428 συνῆψεν.
1037 4369 1070 4416 Re
1088 4405 1093 4416 .
1114 4377 1138 4418 τι
1155 4367 1212 4418 editi
1230 4363 1372 4424 συνῆπτεν.
1402 4359 1456 4408 Μαι

232 4451 291 4486 nm.
316 4443 413 4498 praeter
437 4433 494 4493 neg.
519 4431 620 4493 Ιοςίίατ,
651 4430 676 4478 in
706 4431 818 4481 omnibus
870 4433 968 4483 Taurin.
988 4426 1131 4499 δμολσγει.
1150 4434 1249 4495 ΙΙίιίιίοιυ
1269 4429 1317 4479 τοῦ
1327 4422 1457 4481 antes&-

233 4503 304 4552 εδίιίι
322 4501 482 4551 desideratur.
870 4509 917 4548 τος
934 4500 957 4548 in
977 4501 1047 4550 edilis
1066 4502 1142 4558 deest,
1161 4501 1185 4549 in
1202 4499 1325 4550 codicibus
1336 4507 1389 4546 τωο
1400 4505 1456 4541 om·

265 4551 690 4622 υ.ει1ι·1ι.3.ιιυυ.ίν“υῦτυι.
740 4609 749 4614 ,
870 4563 941 4612 nibus
960 4566 1056 4627 legitur.
1359 4563 1365 4573 '
