3236 5286
574 378 683 422 omaro
700 377 719 422 ι.
736 377 851 424 uanam
865 377 1000 424 umeros.
1321 363 1398 430 '163

163 526 283 590 diseunt
304 533 415 607 quanto
437 526 522 606 bpau
544 527 715 603 oeoiderint,
737 537 824 608 atqua
845 528 886 591 ite
908 529 1014 592 deinde
1029 530 1197 610 loquantur.
1229 529 1308 604 Quid
1323 545 1486 592 veronna.

164 627 294 708 amptius
317 645 354 690 ex
374 627 423 690 iiia
445 627 601 690 dicendum
622 629 760 704 babeant,
781 649 870 710 quam
891 631 963 692 istu:
987 629 1074 702 „Non
1097 649 1217 710 semper
1238 631 1319 696 Deus
1340 632 1398 696 tut

167 729 293 804 „Paten
316 729 368 790 sot
389 736 495 808 postea
515 731 609 794 taetus
631 741 686 794 est
730 731 797 792 Non
820 749 938 810 semper
960 730 1017 791 tuit
1038 730 1141 804 Filius,
1164 749 1220 792 nee
1241 734 1320 796 eninr
1339 734 1397 798 tuit

165 839 352 909 „antequam
375 839 462 893 natus
484 839 542 894 est
584 831 651 894 Non
673 841 722 894 est
743 851 779 894 ex
800 831 904 904 Patre,
933 829 987 892 sed
1016 829 1080 908 ipse
1107 849 1227 909 quoqne
1248 851 1281 894 ex
1303 835 1395 898 nihilo

163 979 188 1006 „
197 933 321 994 exstitit
364 932 433 994 Non
454 933 596 1013 proprius
618 941 665 994 est
683 941 807 994 naturae
827 931 937 1004 Patris,
959 948 1028 992 num
1050 942 1081 994 et
1102 939 1221 994 creetm
1236 940 1282 998 est
1302 942 1334 996 et
1352 937 1396 998 ia·

166 1045 272 1107 „etus
317 1033 454 1096 Gbristus
476 1052 537 1096 nun
561 1043 609 1096 est
628 1051 717 1096 verus
740 1033 836 1108 Deus,
863 1033 917 1094 sed
938 1032 1004 1124 ipse
1025 1033 1113 1096 etiam
1134 1031 1257 1096 nonnisi
1277 1035 1398 1113 pertid-

166 1133 317 1213 „patione
338 1134 417 1196 Deua
445 1136 568 1198 effeetus
597 1145 653 1196 est
696 1133 791 1196 Filius
819 1133 937 1196 Patrem
965 1153 1026 1196 non
1052 1133 1137 1198 norit
1165 1143 1317 1206 surmate,
1344 1153 1400 1198 nee

167 1234 327 1309 „Verbum
348 1238 479 1315 perfecte
500 1236 619 1298 Patrem
641 1235 737 1306 ridet3
759 1253 815 1298 noo
835 1234 906 1296 item
926 1255 1028 1298 verum
1052 1243 1083 1298 et
1103 1235 1226 1298 unioum
1241 1236 1399 1298 estPutris

168 1336 342 1412 „Verbum
365 1338 418 1400 sed
440 1337 506 1400 soto
529 1337 651 1412 nomine
673 1335 801 1398 Verbum
823 1336 930 1400 dieitur
951 1347 981 1400 et
1003 1337 1170 1418 Sapientia,
1191 1339 1285 1418 gratia
1306 1337 1399 1400 Filios

167 1445 228 1512 „et
248 1439 341 1501 virtus
364 1439 538 1520 appellatur.
582 1439 649 1500 Non
671 1447 718 1500 est
738 1437 930 1500 immutabitis
951 1449 985 1501 nt
1005 1439 1104 1510 Pater,
1126 1439 1180 1501 seri
1202 1443 1307 1502 natura
1328 1459 1399 1504 mu-

167 1537 294 1627 „tabilis
316 1549 364 1602 est
384 1541 472 1604 aienti
494 1558 544 1602 ree
567 1547 700 1612 creatae,
723 1539 840 1619 ipsique
861 1539 966 1614 deest,
989 1540 1068 1620 quod
1090 1540 1128 1602 ad
1150 1540 1410 1620 comprehensio-¹

167 1659 266 1715 „nem
294 1652 324 1705 et
347 1645 508 1722 perteotam
529 1642 627 1708 Patris
655 1641 854 1720 cognitionem
877 1638 1089 1720 requirituri“
1132 1640 1205 1702 itira
1227 1659 1300 1704 sano
1320 1643 1395 1706 bae-

133 1819 137 1824 ·
167 1741 258 1814 resia,
280 1762 356 1822 quae
377 1743 451 1804 nibil
472 1743 605 1806 eontinet
626 1741 776 1814 credibile,
798 1742 851 1804 sed
873 1761 951 1816 enm,
973 1743 1024 1822 qui
1046 1751 1104 1815 est,
1130 1760 1192 1804 non
1214 1760 1282 1805 essa
1302 1743 1396 1824 tingit,

168 1851 375 1922 perpetuoque
403 1861 458 1920 pro
484 1841 621 1903 laudibus
650 1843 765 1922 protert
791 1841 953 1904 maledieta.
1003 1842 1036 1906 Si
1063 1842 1131 1922 quis
1158 1842 1248 1921 igitur
1275 1850 1397 1922 utraque

173 1940 338 2003 examinata
360 1942 509 2008 sententia
530 1951 661 2020 rogetur,
683 1959 826 2022 quaenam
851 1943 925 2004 tides
949 1942 1007 2004 sibi
1029 1943 1163 2006 rideatur
1185 1942 1330 2022 eligenda,
1351 1944 1397 2005 rel

171 2040 329 2104 cuiusnam
350 2060 439 2106 rocee
459 2043 522 2106 Deo
545 2044 638 2124 magis
660 2042 818 2106 convenire
841 2044 1010 2118 arbitretur,
1033 2045 1093 2106 imo
1116 2064 1187 2107 raro
1202 2045 1248 2108 rei
1263 2044 1322 2126 ipsi
1337 2045 1396 2110 im·

170 2141 292 2224 pietatis
320 2154 523 2208 assentatores
550 2146 663 2219 disant,
697 2145 767 2225 qnid
796 2145 834 2206 do
861 2145 924 2208 Deo
952 2151 1032 2220 (nam
1053 2146 1136 2210 Dassa
1164 2161 1234 2211 erut
1258 2145 1396 2224 Verbere)

169 2245 338 2325 quempiam
358 2247 568 2327 iotsnogstum
591 2249 694 2310 densat
715 2247 909 2327 respondere.
953 2247 1025 2310 inde
1040 2249 1120 2310 enim
1142 2249 1289 2312 sententia
1310 2257 1395 2312 utra-

170 2367 229 2428 que
249 2349 402 2428 proposita
435 2350 555 2412 omnino
583 2348 751 2422 constabit,
780 2349 852 2427 quid
880 2348 1065 2427 respondere
1092 2350 1262 2424 conveniam
1290 2369 1398 2432 nempe

168 2450 316 2512 erutuet*
336 2469 396 2513 nun
419 2461 492 2524 erat,
515 2469 636 2528 semper
657 2449 703 2510 ret
727 2457 882 2528 antequam
904 2457 990 2510 uatus
1014 2458 1070 2522 est,
1093 2458 1245 2512 oeternum
1268 2469 1337 2514 ease
1352 2451 1399 2514 vei

163 2569 264 2632 aquo
286 2559 316 2614 et
336 2571 373 2615 ex
394 2571 471 2634 quo,
500 2569 604 2612 rerum
626 2568 697 2610 esse
719 2549 764 2610 ret
785 2549 960 2630 adoptione,
988 2549 1213 2630 participatione
1235 2560 1265 2614 et
1286 2569 1398 2614 semn-

166 2655 238 2716 ‹tum
259 2653 492 2732 cogitationem,
514 2669 606 2712 unum
628 2667 696 2710 eum
717 2667 752 2712 ex
772 2651 855 2714 tectis
876 2651 969 2713 rebus
992 2650 1149 2714 dicendum
1171 2669 1242 2714 esse
1264 2649 1310 2710 rei
1331 2668 1400 2710 mm

169 2753 259 2813 Patre
281 2752 538 2829 coniungentium,
566 2751 664 2830 ipsum
685 2751 763 2812 Patri
785 2753 951 2814 sennodum
971 2759 1107 2814 naturam
1130 2769 1200 2812 esse
1222 2748 1401 2810 dissimilem

171 2850 219 2912 vei
240 2850 339 2911 Patris
361 2849 489 2912 similem
511 2859 541 2912 et
562 2851 715 2930 proprium
737 2871 817 2923 esse,
840 2871 904 2914 rem
926 2859 1056 2914 creatum
1077 2870 1147 2912 esse
1168 2851 1217 2912 ret
1235 2849 1403 2930 peripsum

171 2969 225 3012 res
246 2957 362 3012 cresus
385 2952 475 3012 taetus
497 2951 604 3024 tuisse,
633 2971 702 3012 eum
728 2971 795 3014 esse
822 2951 921 3014 Patris
947 2951 1076 3014 Verbum
1103 2950 1149 3012 ret
1176 2949 1304 3010 atterum
1332 2965 1402 3010 esse

172 3059 295 3132 praeter
316 3051 422 3124 istum,
444 3051 601 3132 ipsumque
622 3071 678 3131 par
699 3051 769 3113 iilud
791 3051 871 3114 atiud
893 3051 1023 3112 Verbum
1044 3058 1074 3112 et
1094 3067 1148 3128 per
1169 3049 1257 3110 stiam
1278 3049 1398 3127 sapien·

163 3153 245 3214 *bam
267 3155 375 3214 tartum
397 3171 483 3226 esse,
506 3153 633 3215 eundem
655 3152 783 3232 deniqne
804 3151 926 3214 nomine
949 3150 1150 3212 tantummodo
1170 3148 1349 3230 Sapientiam
1370 3159 1400 3214 et
1408 3163 1484 3212 nus

171 3253 300 3314 Verbum
322 3263 456 3316 roratum
471 3271 550 3328 esse,
572 3253 711 3334 illiusque
726 3253 890 3332 sapientiae
903 3250 1075 3332 participem
1090 3261 1117 3314 et
1131 3250 1292 3314 renaudum
1306 3251 1397 3318 fuisse

169 3355 287 3417 ieonum.

237 3703 254 3738 ⁴¹
271 3701 342 3772 [iiuie
360 3706 396 3756 rei
414 3709 503 3771 pariter
519 3714 588 3772 etque
606 3709 753 3773 acquestibus
770 3709 911 3772 perstiterit
929 3701 1139 3769 substituerem]

172 3835 226 3907 peip
244 3833 358 3891 ιοῦτοον.
385 3841 430 3892 atti
448 3848 473 3891 et
490 3831 755 3906 odititinbyitproui-
806 3835 952 3906 γενέσθαι,
989 3829 1005 3896 ἢ
1034 3832 1067 3885 τὸ
1097 3827 1204 3892 attor,
1238 3827 1253 3896 ἢ
1281 3829 1312 3884 τὸ
1341 3827 1394 3902 ἐφ’

172 3921 228 3956 του.
273 3909 331 3957 item
359 3909 391 3958 Se
425 3909 521 3956 orianum
548 3907 708 3956 Gubieriauus
734 3915 759 3956 et
810 3891 905 3955 obsto.

174 3969 757 4038 ΡοΙοΙιιο.Ι,ἔοπροονῐῶνπρορλςθένοοον.
845 3975 862 4022 t.
880 3971 1022 4031 smoniae.
1040 3969 1098 4030 aas.
1123 3975 1148 4017 at
1164 3967 1268 4020 ieieirn.
1289 3969 1313 4019 b.
1333 3959 1398 4016 ἂνὸ-

173 4041 234 4090 editt
260 4051 283 4090 et
307 4044 346 4092 atii
371 4036 508 4106 ἑκατέρων
526 4037 582 4087 τῶν
604 4031 760 4104 προβλημᾶ-
811 4051 894 4105 potor
923 4027 1016 4084 αὐτόν.
1060 4035 1086 4084 in
1110 4035 1180 4084 editis
1207 4027 1293 4084 αὐτόν
1320 4036 1396 4086 deest.

173 4122 237 4156 τιον.
273 4107 324 4157 ibid
343 4109 485 4170 sepnoriun.
505 4101 533 4153 ri
548 4100 646 4171 opines
662 4101 759 4170 ruyro,
814 4107 865 4154 ttoa
884 4103 915 4154 Se
932 4119 982 4154 ner.
1002 4103 1058 4163 neg.
1078 4103 1175 4154 Gobter.
1200 4112 1223 4152 et
1248 4103 1352 4152 Fetoim.
1374 4103 1395 4151 t.

173 4168 205 4223 ab
223 4159 266 4234 uir,
286 4165 301 4234 ἢ
322 4169 353 4222 ab
372 4165 421 4223 οἶοι
439 4159 486 4248 ᾖν·
505 4168 536 4220 τὸ
555 4164 608 4227 ἀεὶ,
628 4163 762 4237 sirimpio
813 4165 913 4221 ἴδοονε
943 4185 979 4218 αι.
1018 4169 1079 4220 tutu
1100 4178 1124 4220 et
1147 4169 1187 4218 aiii
1206 4161 1299 4218 «ituros
1315 4155 1398 4217 abac.

171 4235 318 4306 γενέσθαι·
336 4235 368 4290 ri
387 4235 487 4297 ἀΐδιον,
508 4231 574 4300 uiri
594 4231 648 4305 ἀφ’
668 4224 701 4288 ο
713 4249 759 4290 ete.
845 4256 867 4302 p.
886 4240 1027 4302 Seguerian.
1044 4231 1092 4286 arai
1114 4237 1211 4286 omittit.
1247 4237 1313 4286 irtam
1333 4249 1396 4294 mos,

174 4310 223 4370 Reg
249 4311 346 4360 Gobter.
365 4310 549 4360 arietabant.
568 4301 760 4373 τὶπρίπεολέ-
811 4307 883 4357 ussit.
901 4307 1041 4359 Gobterisn.
1061 4304 1189 4354 ieiumi
1219 4311 1243 4352 et
1255 4303 1280 4354 b.
1298 4301 1398 4352 τοῦτον

171 4387 246 4439 paru,
266 4362 314 4436 ἦν,
344 4367 360 4436 ἢ
378 4371 410 4424 rb
429 4368 478 4427 aba
495 4363 543 4436 ἦν·
562 4367 595 4422 τὸ
614 4366 656 4424 siti
674 4359 723 4434 ria,
744 4366 759 4453 'i
810 4371 929 4442 μέτοχον
945 4368 991 4422 sui
1002 4364 1137 4437 δεύτερον.
1162 4371 1282 4431 tnptiesn.
1297 4367 1398 4418 τοῦτον

173 4435 206 4520 sip
221 4437 288 4507 πρὶν
304 4440 445 4508 peresam,
465 4435 607 4498 statum,
628 4433 688 4502 ἢοὸ
702 4435 746 4507 ἀφ
812 4436 947 4509 δεύτερον.
986 4440 1047 4490 tldtti
1070 4433 1169 4484 τοῦτον
1185 4431 1305 4502 μέτοχον
1321 4449 1398 4500 raye-

172 4522 205 4585 ου
220 4521 266 4561 eto.
301 4513 395 4588 ffls‘b
418 4513 476 4562 editi
502 4505 531 4558 st
547 4505 644 4639 πξίπει
660 4505 759 4586 ξένον,
811 4509 922 4569 riorus.
949 4507 1090 4568 Soguerian.
1109 4503 1182 4568 puoto
1201 4511 1257 4568 post
1273 4499 1402 4564 asstare:

173 4567 269 4633 ηνὸτε
287 4568 336 4626 οὐκ
354 4593 404 4638 ην,
423 4571 440 4638 ἢ
459 4571 491 4626 ab
511 4569 555 4626 risi
590 4591 622 4623 ν·
646 4590 678 4625 ιο
696 4569 763 4643 πρὶν
812 4571 858 4624 soi
874 4570 1004 4625 δείκνυσι.

1144 4647 1196 4699 ii*
