3176 5304
237 349 278 416 36
755 359 927 404 reserante.

235 475 426 593 necdedocg,
456 507 542 580 diosa
563 505 640 596 ὅρον
661 510 720 593 μὲν
739 503 939 596 Έαιαιοτῆς
961 499 1046 575 εἶναι
1067 505 1123 574 τὸν
1146 505 1268 575 ἐκείνου
1290 512 1363 592 βίον
1385 507 1444 574 καὶ

236 617 376 700 apricos,
405 614 531 699 νόμον
562 614 604 679 δὲ
626 605 878 696 ὂρθαὸοξίας
898 609 946 677 τὰ
968 609 1125 677 ἐκείνου
1149 608 1346 695 δόγματα,
1369 615 1450 676 τίνα

236 716 362 803 μισθὸν
387 719 446 804 τῆς
472 710 638 800 εὐσεβείας
664 713 832 797 κομίζεται
840 742 851 794 ,·
895 715 976 777 Sicut
1007 716 1037 776 b.
1063 716 1082 776 1.
1116 715 1263 796 praedicet
1295 715 1375 776 illum
1407 715 1452 776 ita

131 868 136 878 .
236 824 343 885 vixisse
370 829 458 902 atque
485 822 653 882 institutum
683 819 777 880 luisse
798 817 931 898 aliosque
951 816 1134 890 instituisse,
1164 825 1197 877 ut
1218 825 1247 877 et
1268 817 1326 878 vita
1349 816 1449 898 ipsius

236 943 411 1003 morumque
431 924 507 984 ratio
523 921 717 1001 Episcopatus
740 927 954 992 norma-esset,
977 929 1008 981 et
1027 917 1121 997 ipsius
1145 916 1279 998 dogmata
1301 937 1356 998 pro
1379 919 1450 980 fidei

169 1031 174 1050 ⁶
237 1026 419 1088 orthodoxae
439 1025 504 1103 lege
526 1023 720 1085 haberentur:
741 1022 781 1084 ita
803 1039 872 1083 vero
895 1021 925 1081 in
948 1029 1007 1082 tota
1030 1018 1164 1081 oratione
1185 1029 1322 1099 tanquam
1345 1039 1449 1082 erem-

114 1157 118 1170 ,
236 1128 300 1207 plar
326 1125 448 1206 perlecti
476 1135 506 1186 ct
533 1124 669 1186 omnibus
691 1125 822 1186 numeris
844 1121 971 1184 absoluti
995 1119 1123 1200 theologi
1145 1122 1254 1183 laudat.
1298 1122 1448 1202 Suspexe-

237 1237 306 1291 runt
326 1227 415 1307 igitur
435 1225 532 1304 magni
552 1226 582 1286 bi
604 1226 658 1286 viri
679 1225 878 1296 Athanasium,
901 1241 960 1304 quo
975 1223 1087 1285 scilicet
1101 1223 1159 1302 ipsi
1174 1223 1261 1302 longe
1275 1224 1449 1304 superiores
1468 1253 1475 1271 κ

170 1313 173 1322 ’
237 1331 354 1404 iudicati
376 1337 445 1392 sunt
465 1327 694 1406 anilostorgio
715 1327 838 1406 aliisque
859 1325 1084 1398 recentioribus,
1106 1343 1182 1405 quos
1205 1344 1294 1405 supra
1309 1327 1447 1388 nomina·

238 1434 342 1494 vimus.
385 1431 480 1492 ‘laceo
503 1429 573 1491 alias
596 1437 727 1490 veterum
749 1428 851 1492 laudes
874 1428 950 1490 idem
974 1436 1130 1500 sonantes,
1153 1445 1226 1505 quae
1249 1427 1447 1507 comprehen-

237 1535 347 1595 duntur
379 1550 437 1593 uno
468 1531 518 1592 illo
552 1531 670 1592 nomine
699 1530 863 1591 honorifico
891 1525 1018 1612 πατρὸς
1038 1529 1096 1612 τῆς
1119 1520 1331 1611 ὂρθαδοξίας,
1367 1529 1448 1608 quod

237 1635 361 1715 primus,
377 1634 408 1695 ni
423 1631 517 1707 fallor,
534 1633 713 1712 Epiphanius
729 1631 815 1693 Haer.
828 1631 929 1693 LXIX.
945 1651 1008 1710 cap.
1021 1634 1051 1694 2.
1068 1630 1323 1693 commemoravit:
1339 1631 1448 1710 quippe

238 1757 294 1817 quo
317 1737 346 1797 id
368 1719 471 1815 ipsum¹
489 1734 677 1812 significetur,
701 1735 731 1794 in
753 1751 811 1812 quo
834 1732 1016 1812 principatus
1039 1732 1220 1812 theologicus
1242 1732 1365 1794 maxime
1380 1751 1446 1794 cer-

239 1843 327 1914 nitur,
371 1837 480 1907 Recte,
496 1846 536 1910 ¹ut
557 1836 642 1897 nobis
664 1835 788 1908 ridetur,
810 1835 1046 1896 llontlnuconius
1069 1835 1125 1896 hoc
1147 1834 1332 1915 praeconium
1354 1834 1447 1896 atna-

237 1942 322 2002 nasio
344 1959 360 2000 a
384 1937 531 2000 veteribus
554 1937 694 1999 tributum
716 1936 919 2017 comprobarit
939 1944 969 1997 et
990 1935 1146 1999 illustravit
1160 1938 1296 2015 auxitque
1311 1936 1341 1998 in
1356 1935 1449 1998 Prae-

236 2043 346 2104 laticne
374 2040 516 2118 generali,
546 2039 596 2100 ubi
625 2041 659 2102 de
687 2041 827 2102 doctrice
849 2038 1008 2100 Athanasii
1032 2037 1161 2100 breviter
1188 2039 1377 2117 expositurus
1406 2039 1450 2102 sie

237 2144 399 2222 praefatur:
430 2141 483 2214 „ln
513 2139 694 2202 Christianae
722 2141 790 2201 fidei
819 2149 1005 2201 exortanon
1029 2149 1113 2200 erant
1134 2141 1197 2202 eius
1221 2141 1356 2219 mysteria
1379 2147 1448 2200 ter·

238 2254 332 2305 tarum
354 2261 458 2304 vocum
480 2241 621 2302 limitibus
643 2240 881 2320 circumscripta3
905 2241 957 2302 sed
980 2241 1197 2319 emergentibus
1219 2241 1336 2302 demum
1359 2259 1445 2302 erro-

238 2345 320 2406 ribus
349 2343 488 2404 vocabula
516 2343 657 2422 quaedam
686 2341 800 2402 tlefiniri
829 2361 984 2404 necessum
1006 2342 1076 2414 luit,
1105 2343 1212 2423 quibus
1235 2363 1288 2404 ceu
1311 2341 1449 2405 claustris

239 2444 460 2506 continerentur
486 2442 632 2505 temerarii
655 2443 792 2505 homines
813 2462 913 2505 rerum
935 2444 1136 2524 novandarum
1158 2446 1297 2507 studiosi.
1340 2445 1377 2506 Et
1398 2445 1447 2506 in-

239 2546 336 2607 dicare
364 2564 400 2606 ne
427 2545 539 2624 pigent,
568 2563 634 2607 cum
663 2545 733 2607 nibil
755 2545 877 2625 periculi
900 2565 934 2606 ex
957 2545 1064 2607 indicio
1088 2549 1141 2619 sit,
1171 2547 1258 2609 salvis
1281 2565 1398 2625 semper
1419 2555 1450 2608 et

85 2623 88 2632 ¹
154 2715 157 2724 ,
238 2647 361 2727 integris
383 2646 472 2708 rebus
495 2647 606 2708 aclide
627 2646 698 2707 nibil
722 2655 845 2719 mutata,
869 2648 957 2708 multa
979 2649 1127 2710 Athanasii
1151 2667 1223 2710 aevo
1247 2649 1369 2727 eiusque
1391 2666 1449 2727 ope

237 2750 355 2811 inducta
377 2748 464 2810 verba
485 2749 578 2810 luisse
600 2757 629 2810 et
649 2748 684 2809 ad
707 2757 815 2810 certam
838 2750 961 2810 lormam
984 2750 1099 2811 redacta
1121 2750 1189 2811 fidei
1211 2751 1320 2830 capita,
1343 2759 1374 2811 ut
1389 2749 1451 2813 Po·

239 2864 287 2915 ter
314 2852 474 2915 hodiernae
504 2849 668 2930 theologice
695 2851 760 2912 iure
781 2849 830 2912 ille
852 2851 949 2912 vocari
972 2851 1077 2931 possit.
1123 2852 1189 2924 Quo
1213 2851 1306 2914 maior
1327 2855 1372 2915 vir
1393 2854 1448 2916 ba·

239 2954 353 3016 bendus
376 2961 433 3026 est,
456 2961 488 3014 ut
509 2953 559 3032 qui
581 2970 644 3014 eam
667 2951 734 3014 lidei
756 2951 936 3014 enarrandae
958 2954 1101 3014 rationem
1123 2953 1205 3033 prior
1227 2954 1389 3029 induxerit,
1412 2974 1448 3017 ex

240 3074 296 3135 qua
318 3054 492 3135 peritissimi
513 3053 635 3134 quique,
659 3063 795 3133 tanquam
819 3073 853 3115 en
876 3057 973 3127 fonte,
997 3073 1097 3116 verum
1121 3055 1265 3116 sentiendi
1287 3059 1397 3136 pariter
1420 3069 1450 3122 et

239 3157 376 3235 loquendi
410 3156 530 3218 modum
566 3157 733 3218 haurirentz
766 3155 843 3217 inter
873 3173 948 3234 quos
978 3156 1118 3218 eeclesiae
1139 3156 1247 3218 lumina
1271 3159 1396 3222 basilius
1419 3167 1449 3222 et

240 3256 399 3334 Gregorius
424 3256 622 3318 Nazianzenus
649 3275 704 3338 pro
733 3257 800 3318 lidei
829 3257 969 3335 magistro
998 3255 1094 3320 riruin
1122 3257 1283 3320 habuere.“
1328 3261 1442 3324 Etenim

240 3357 343 3418 eodem
364 3362 436 3435 puto
459 3373 549 3416 sensu
573 3355 694 3418 Patrem
716 3357 878 3419 hodiernos
901 3357 1063 3439 theologice
1086 3359 1260 3439 appellatum
1283 3381 1366 3441 esse,
1390 3383 1449 3444 quc

240 3467 354 3520 veteres
377 3452 505 3538 πατέρα
525 3455 584 3539 τῆς
605 3449 804 3540 ὀρθοδοξίας
826 3455 961 3520 dixerint.
1007 3459 1042 3521 Ut
1064 3470 1161 3546 autem
1183 3461 1376 3542 intelligatur,
1399 3465 1447 3528 illa

239 3556 433 3637 appellatione
461 3556 630 3635 dignitatern
658 3569 688 3620 et
713 3559 922 3639 praestantiam
944 3561 1093 3624 Athanasii
1122 3563 1248 3643 theologi
1270 3564 1314 3625 vel
1336 3565 1448 3644 princi·

127 3729 130 3740 ⁵
240 3668 355 3739 patum,
390 3676 476 3737 quem
504 3677 560 3720 nos
583 3661 788 3738 agnoscimus,
820 3679 889 3722 vere
912 3664 1051 3742 exprimi,
1074 3665 1235 3726 accuratius
1257 3666 1302 3728 ris
1325 3676 1354 3728 et
1375 3663 1449 3730 ratio

242 3761 373 3824 eiusdem
403 3759 574 3822 declaranda
606 3769 660 3822 est.
704 3762 736 3823 ld
764 3761 881 3843 quidem
911 3765 983 3825 satis
1005 3765 1192 3829 manifestum
1220 3777 1283 3842 est,
1316 3767 1450 3849 improbe

240 3862 428 3924 Whistonum
450 3864 469 3924 l.
484 3863 505 3924 l.
528 3881 556 3942 p.
573 3863 659 3926 CXVI
674 3883 717 3944 sq.
761 3865 970 3927 bluntlauconii
992 3867 1078 3928 verba
1100 3868 1130 3929 in
1146 3869 1321 3932 deteriorem
1337 3881 1451 3950 partem

243 3965 381 4034 traxisse,
411 3981 445 4024 ac
473 3965 498 4026 si
528 3965 576 4026 ille
605 3966 821 4045 quodammodo
844 3968 998 4031 coufessus
1020 3979 1116 4042 esset,
1143 3972 1334 4034 Athanasium
1357 3973 1452 4035 luisse

242 4075 389 4127 auctorem
412 4066 481 4126 novi
504 4069 671 4144 systematis
694 4068 857 4148 theologiae
878 4070 924 4132 vel
946 4090 1038 4133 novae
1060 4080 1156 4132 sectae
1178 4072 1208 4131 in
1232 4072 1369 4132 ecclesia:
1392 4091 1450 4152 qua

243 4168 279 4231 ab
307 4167 468 4239 sententia,
498 4176 531 4227 ut
554 4167 640 4228 rerba
661 4169 802 4244 clamant,
824 4171 995 4250 longissime
1017 4173 1071 4232 luit
1092 4180 1233 4232 remotus.
1278 4173 1336 4236 Sed
1360 4193 1449 4253 quum

242 4287 350 4330 nomen
377 4269 543 4347 theologiae
571 4269 651 4330 vario
680 4270 859 4350 significatu,
889 4270 992 4334 latiore
1014 4281 1042 4332 et
1063 4272 1250 4349 augustiore,
1282 4284 1450 4354 usurpetur,

243 4371 306 4432 herl
327 4380 435 4450 potest,
459 4380 491 4431 nt
512 4370 569 4432 nisi
592 4374 782 4436 conveniente
804 4372 967 4451 significatu
977 4373 1024 4432 bic
1034 4371 1201 4450 accipiatur,
1221 4375 1375 4454 appellatio
1387 4374 1450 4454 ipsa

243 4482 293 4534 aut
313 4471 384 4532 salsa
406 4471 538 4533 rideatur
552 4481 602 4533 aut
616 4473 722 4554 inepta.
752 4475 837 4536 Falsa
848 4472 925 4532 enim
944 4472 1099 4545 ridebitur,
1111 4473 1137 4532 si
1154 4475 1331 4562 tbpologiam
1343 4476 1450 4538 dictam

242 4582 378 4653 putemus
391 4572 555 4638 universam
566 4575 727 4638 doctrinam
735 4571 926 4653 theologicam
939 4575 983 4636 rel
989 4571 1206 4654 disciplinarum
1221 4577 1451 4660 theologicarum
