3094 5318
504 393 647 438 secernas
661 392 682 434 r.
697 393 734 435 ao
751 389 947 433 ssnarroasrr.
1001 381 1006 396 ‘
1047 349 1052 357 ’
1277 377 1336 438 731

111 548 208 610 dictus
230 553 286 607 est.
331 545 370 606 Ut
390 544 460 606 item
475 541 567 604 Filius
589 554 637 604 cst
658 541 802 620 sapientia
825 549 855 601 et
876 541 996 612 raritas,
1018 539 1172 602 vicetiam
1196 541 1424 620 scripturiens,

1 683 2 688 κ
111 655 174 721 est,
207 645 350 726 Spiritum
380 663 448 715 esse
471 644 608 723 spiritum
631 643 794 723 sapientiae
817 649 847 703 st
867 642 1008 702 raritatis.
1053 641 1144 702 Filius
1175 650 1224 702 est
1251 641 1339 703 etiam

111 749 207 810 virtus
230 747 283 810 nei
306 755 336 808 et
356 746 494 808 dominus
517 746 639 824 gloriae.
684 733 827 822 Similiter
848 741 980 821 Spiritus
1004 742 1111 804 dicitur
1133 744 1255 823 spiritus
1279 744 1424 804 vir-rora.

112 849 185 911 tutis
213 856 242 910 et
270 847 392 926 spiritus
421 847 549 926 gloriae,
583 846 620 906 de
656 843 764 924 quibus
795 842 920 922 singuiis
950 843 994 904 sic
1020 843 1151 921 loquitur
1179 843 1340 923 Scriptura,

113 968 221 1028 nempe
243 948 293 1009 ubi
315 947 423 1010 Paulas
447 949 482 1008 ad
506 945 676 1008 Corinthios
698 944 814 1006 scribit:
850 943 885 1005 Si
904 948 983 1007 enim
1005 949 1228 1025 cognovissent,
1260 965 1342 1006 suov-

114 1050 386 1132 quemdominus:
407 1049 524 1130 qiorr'oe
548 1046 783 1127 orucifiorisserrt.
828 1045 865 1105 Et
885 1044 971 1105 aiibi:
996 1043 1064 1106 Non
1087 1049 1165 1106 evim
1187 1050 1342 1134 accepistis

115 1155 257 1231 spiritum
280 1154 437 1212 servitutis
459 1153 570 1212 iterum
592 1153 624 1210 irs
647 1153 797 1218 timorve,
817 1148 881 1209 -sed
908 1151 1065 1226 accepistis
1089 1146 1240 1227 Spiritum
1268 1147 1342 1209 odo-

112 1255 239 1334 ptioais.
283 1249 464 1332 Etiterum:
493 1247 576 1311 Misit
597 1249 682 1310 Deua
703 1245 853 1328 Spiritum
876 1245 948 1308 Filii
975 1253 1026 1309 sui
1050 1252 1084 1310 iv
1115 1249 1209 1310 eorda
1240 1259 1343 1309 vestro

117 1353 310 1414 clamantem:
333 1351 415 1414 Addo
433 1361 535 1432 poter.
579 1349 686 1410 Petrus
708 1349 778 1408 item
795 1347 913 1409 scribit:
936 1346 974 1410 Si
993 1349 1225 1428 exprobramini
1237 1352 1270 1410 ia
1285 1367 1343 1410 rso-

41 1475 51 1489 ·
114 1457 194 1517 osirw
215 1453 338 1524 Cbristi,
363 1453 449 1523 beati,
473 1454 614 1534 quoniam
635 1449 752 1530 pieriae
772 1461 802 1512 et
823 1451 947 1510 virtutis
970 1459 999 1510 st
1013 1448 1073 1509 Dei
1092 1447 1228 1528 Spiritus
1251 1467 1343 1529 svper

78 1548 83 1555 ’
115 1571 169 1616 vos
192 1557 350 1634 requievit.
395 1552 464 1630 lpse
492 1559 591 1612 autem
613 1551 756 1612 Dominus
779 1548 921 1630 Spiritum
950 1548 1131 1610 etreritatis
1156 1547 1345 1629 spiritumet

114 1653 302 1734 paractetum
325 1670 394 1714 essa
422 1661 523 1730 aperte
551 1659 685 1713 testatur.
735 1649 779 1711 Ex
806 1649 914 1730 quibus
944 1658 1024 1729 patet
1050 1651 1210 1730 perfectam
1241 1650 1270 1710 in
1293 1649 1343 1711 iiio

113 1773 186 1816 esse
206 1745 391 1815 Trinitatem.
435 1753 468 1813 in
497 1753 547 1814 illo
577 1752 676 1831 itaque
699 1751 825 1814 Verbann
853 1769 903 1812 res
933 1759 1051 1812 creatsa
1077 1751 1220 1830 glorificat
1241 1751 1341 1814 bomi-

115 1871 228 1934 nceque
250 1853 324 1914 de'os
347 1861 378 1914 et
397 1852 476 1914 filios
497 1853 627 1916 efficiens
649 1853 728 1914 Patri
749 1853 876 1914 adducit
920 1851 1007 1931 Atqui
1029 1851 1072 1924 is,
1104 1851 1153 1930 qui
1184 1868 1234 1912 res
1259 1869 1342 1912 crea-

115 1964 161 2017 tas
184 1973 251 2017 cnm
273 1953 369 2015 Verbo
392 1953 554 2034 coniungit,
578 1955 643 2034 ipse
666 1961 746 2016 certa
767 1971 817 2015 res
840 1961 937 2015 ereata
960 1971 1029 2014 asse
1050 1970 1111 2014 uon
1125 1935 1240 2032 potest.
1282 1951 1343 2024 Qui

114 2057 194 2120 iteras¹
208 2073 259 2118 res
282 2064 395 2117 cresus
417 2055 495 2117 filios
516 2055 621 2130 efficit,
650 2074 710 2134 nou
742 2062 881 2135 potesta
903 2053 984 2134 sitio,
1001 2053 1115 2118 ebenus
1139 2070 1217 2116 esse.
1260 2052 1343 2114 diio-

114 2157 187 2237 qain
209 2157 298 2218 alium
320 2157 457 2236 spiritum
479 2175 622 2236 quaerere
644 2175 767 2218 necesse
791 2163 881 2228 esset,
904 2164 936 2216 ut
958 2155 1014 2216 ista
1035 2155 1066 2216 in
1089 2153 1139 2216 iiio
1161 2143 1228 2218 cunr
1247 2153 1343 2216 Verbo

113 2259 255 2337 coniungi
277 2268 390 2338 posset.
435 2260 543 2320 Veram
573 2259 602 2320 id
630 2257 845 2339 perabsurdum
874 2265 930 2318 est.
976 2255 1165 2342 Quapropter
1193 2256 1343 2316 fatendum

114 2369 170 2434 est,
187 2377 257 2421 non
279 2377 314 2422 ex
336 2360 427 2422 rebus
449 2360 535 2422 iactis
558 2378 627 2422 esse
649 2355 801 2438 Spiritum,
825 2358 878 2420 sed
901 2357 1061 2420 divinitatis
1076 2356 1174 2420 Patris
1188 2345 1344 2434 propriu'nr

114 2481 200 2534 esse,
230 2461 261 2524 ia
292 2479 352 2541 qno
380 2471 411 2524 et
427 2462 535 2541 ipsum
559 2461 688 2523 Verbum
717 2478 767 2522 res
789 2463 881 2522 iactas
903 2459 1019 2520 divinae
1041 2467 1164 2520 naturae
1186 2465 1344 2518 consortes

63 2631 68 2638 1
113 2561 222 2622 reddit.
267 2563 352 2640 Atqui
374 2563 418 2637 is,
450 2564 482 2624 in
504 2581 563 2643 quo
585 2571 690 2625 astura
712 2569 809 2638 creata
831 2560 991 2624 divinitatis
1013 2559 1047 2620 fit
1066 2557 1234 2637 particeps,
1263 2567 1344 2620 extra

114 2659 212 2722 Patris
234 2659 412 2726 divinitatem
434 2665 499 2745 ipse
522 2683 591 2728 essa
612 2683 674 2726 uon
695 2671 805 2745 potest.

203 2762 255 2824 26.
299 2761 436 2826 Ceterum
458 2785 493 2828 ex
515 2766 562 2828 bis
586 2783 704 2846 quoque
724 2765 879 2846 percipere
893 2764 972 2836 licet,
995 2759 1138 2840 Spiritum
1154 2757 1244 2819 rebus
1260 2775 1344 2819 cren

115 2859 156 2922 tis
179 2860 366 2948 superiorem
392 2864 540 2944 adunaque
567 2884 584 2927 a
611 2866 701 2928 rebus
730 2865 815 2926 iactis
844 2881 923 2926 esse.
967 2860 1080 2940 Nempe
1100 2857 1294 2920 immutabilis
1317 2865 1347 2918 et

117 2960 266 3022 redemtis
289 2979 396 3041 expers
418 2971 466 3026 est
487 2965 616 3045 Spiritus
640 2974 776 3028 candus:
800 2963 937 3046 Spiritus
960 2971 1102 3032 coactus,
1125 2958 1230 3038 inquit,
1253 2959 1346 3020 disci-

114 3061 221 3144 plinas
241 3063 339 3142 fitqiet
360 3064 479 3140 dotum,
507 3076 538 3128 et
563 3069 685 3146 auferet
706 3085 738 3127 se
760 3083 778 3126 a
800 3063 1049 3143 coqitotiossiias,
1078 3075 1153 3140 qaae
1182 3069 1255 3121 suat
1283 3064 1347 3122 sr'ose
1393 3131 1397 3140 ,

117 3162 284 3226 intellecta.
328 3163 366 3225 Et
385 3163 492 3226 Petrus
514 3166 570 3231 ait:
593 3165 631 3227 in
652 3147 944 3246 incorruptibilitate
966 3161 1060 3244 quieti
1071 3173 1109 3239 ,et
1129 3162 1259 3224 modesti
1277 3157 1347 3241 Spi-

119 3269 210 3328 ritus.
254 3263 293 3326 Et
313 3264 422 3326 iterum
444 3264 475 3326 in
497 3263 898 3345 Sapienda1egitur2·Tvass
919 3267 999 3326 enda
1019 3267 1221 3341 incorruptus
1244 3259 1348 3340 Spiri-

119 3378 169 3429 tus
190 3375 236 3427 est
256 3369 290 3428 iss
311 3367 461 3428 coraibus.
506 3367 580 3428 item
602 3368 628 3428 si
651 3365 743 3429 Nemo
768 3369 906 3447 coqrsovit
928 3365 1003 3446 quoia
1025 3375 1098 3426 snat
1112 3361 1177 3434 Dei,
1199 3365 1263 3424 nisi
1275 3359 1347 3442 Spi-

118 3469 200 3528 ritus
222 3465 288 3537 Dei,
310 3471 364 3548 qui
383 3477 430 3529 ert
453 3472 586 3547 inipso,
610 3485 671 3530 aon
694 3477 739 3529 est
760 3475 857 3529 autem
880 3466 958 3545 apud
973 3463 1076 3536 Deum,
1099 3471 1133 3526 ut
1153 3464 1241 3525 docet
1261 3461 1346 3524 Iaco-

118 3566 191 3640 bus,
227 3565 456 3640 Yrasosvsatotio
490 3587 542 3631 aec
574 3569 793 3637 vicissitudinis
828 3569 1034 3630 obumbratio:
1074 3553 1139 3628 iure
1170 3583 1206 3625 ac
1238 3563 1345 3624 merito

118 3713 254 3767 ποιῶνδέ
271 3728 317 3770 etc.
354 3721 448 3770 ibidern'
463 3736 506 3786 pro
525 3714 665 3770 συνάπτον
682 3723 706 3771 ia
757 3719 1083 3774 aestuosissimum.
1106 3718 1126 3769 1.
1152 3726 1177 3766 ut
1200 3717 1348 3766 etGraeous
1434 3701 1438 3714 ’

118 3789 209 3849 baptis.
227 3787 283 3848 usq.
304 3787 326 3835 1.
345 3787 486 3838 Feresne.
505 3797 528 3838 et
546 3790 628 3838 Ottob.
647 3789 708 3850 tegi·
758 3790 896 3852 Scripturas
923 3795 1001 3836 textus
1025 3789 1114 3836 bsbent
1130 3777 1264 3837 παιδείας.
1299 3783 1345 3832 atti

120 3865 159 3904 tur
177 3845 350 3910 sardoioicsr.
386 3856 442 3916 tien.
456 3853 481 3904 2.
501 3857 616 3906 mendose
635 3856 707 3906 babet
759 3863 782 3905 et
800 3856 857 3905 editi
875 3847 987 3918 saproc.

119 3913 300 3975 συνθῡῑᾶῑων·
566 3985 579 3998 .
657 3981 665 3999 ,
792 3955 809 4002 r.
829 3953 918 4014 sugite.
943 3953 1015 4001 sasai.
1037 3953 1096 4013 neg.
1115 3950 1139 4002 2.
1158 3952 1263 4002 aeream.
1282 3951 1306 4002 2.
1324 3959 1348 4002 e

154 3991 176 4036 d·
197 3986 410 4048 ³⁰8·²·⁰²⁰²¹⁰b·
428 3979 578 4051 hfflm‘l'
596 3991 706 4052 συναψῃ
760 4021 816 4068 editi
840 4021 880 4068 bio
903 4020 993 4068 addunt
1017 4012 1066 4066 καὶ
1088 4009 1206 4084 baalim,
1234 4021 1298 4084 quod
1318 4021 1347 4068 ab

119 4053 159 4118 ’ᾧ
177 4051 243 4117 θεῷ·
279 4053 330 4102 ⁸¹⁰¹
353 4061 407 4102 '¹¹¹²
425 4051 709 4116 '‘⁵⁹7⁶⁹'¹¹⁰3⁹A⁰⁸''
759 4088 813 4138 aliis
832 4095 855 4136 et
873 4089 973 4147 Segosa.
992 4089 1247 4153 aaScriptnroetextu
1265 4089 1346 4148 abest;

120 4111 436 4256 ggskffg'mffrsssedffiuzz
453 4119 708 4251 ἱᾞΐῗέθὲᾟᾙεῖ
760 4169 828 4218 sequ.
846 4145 930 4202 πάλιν
947 4153 1016 4204 deest
1033 4156 1056 4202 in
1067 4155 1164 4204 Gobter.
1175 4161 1199 4206 et
1211 4155 1315 4206 Feickao.
1326 4155 1347 4204 1

121 4260 152 4309 ris
178 4258 266 4308 desunt
294 4259 318 4306 in
342 4255 417 4317 Regio
436 4254 458 4304 2.
479 4256 624 4305 erestein.
643 4254 666 4305 2,
686 4263 709 4306 et
794 4270 816 4318 g.
835 4256 876 4306 Sic
893 4254 982 4318 baal.
1002 4255 1101 4317 Segusa.
1120 4255 1190 4306 Gabi.
1209 4255 1348 4306 etieiebrn·
1375 4247 1379 4256 ’

121 4327 205 4377 editis:
232 4317 262 4373 tv
287 4337 308 4389 ῳ
334 4315 368 4370 τᾶ
389 4316 491 4387 γενητὰ
515 4315 707 4388 trapessa-
763 4322 784 4372 1.
818 4322 863 4373 diii
882 4339 937 4373 sero
957 4315 1235 4374 et‘edirisionrittant.
1273 4323 1347 4372 Proto

120 4391 199 4442 notai.
759 4397 816 4455 post
834 4405 877 4455 pro
896 4389 1106 4457 rpoairSequer.
1120 4393 1191 4441 babet
1201 4387 1347 4456 τροπικῶς.

154 4477 175 4510 e.
194 4461 234 4510 Sic
252 4460 342 4522 Reqi.
362 4459 461 4522 Sequor.
481 4459 553 4508 dosii.
573 4459 710 4510 Gabiensi
760 4457 840 4508 ottob.
858 4458 1024 4526 reparaberis.
1061 4460 1112 4509 iios
1130 4461 1186 4521 neg.
1200 4459 1222 4507 1.
1241 4461 1347 4518 essm.

120 4527 258 4576 Petrinui.
294 4527 338 4577 atii
357 4541 413 4577 sero
431 4535 455 4576 et
472 4527 529 4577 editi
547 4519 576 4575 iar
593 4519 708 4576 rodano.
760 4535 815 4590 post
839 4521 869 4575 ir
886 4526 926 4590 τῷ
943 4525 1000 4592 asqt
1018 4527 1254 4581 omnicotendus,
1283 4524 1348 4589 qaod

119 4592 196 4642 Paulo
214 4603 269 4656 post
286 4597 357 4646 iidem
377 4609 434 4645 mss.
455 4593 510 4657 iieg.
525 4595 546 4644 i.
566 4592 706 4657 Seguntiae.
758 4595 783 4643 ia
801 4595 856 4645 siiis
875 4603 898 4644 et
917 4595 986 4644 editis
1005 4597 1100 4657 iegitur.
