3236 5286
241 379 317 446 162.
639 391 666 435 s.
681 389 1073 436 εταιτιειιιτετιενιεοονι

155 542 307 631 εοεάρα
338 537 417 627 ἡμῖν
448 541 483 608 ἐκ
513 542 572 624 τῆς
599 536 822 625 παντμιλητσυ
852 536 978 614 θαλίας
1004 542 1251 624 προφέρουσινς
1283 528 1318 622 5
1332 539 1468 623 πρῶτον

239 641 480 730 άναγνιάτωσαν
509 635 609 726 αὐτην
636 637 835 723 μιμούμενοι
854 635 894 703 τό
916 625 1003 722 ἦθος
1023 640 1083 704 τοῦ
1105 637 1306 724 γράψαντος,
1329 639 1386 706 ἵνα
1406 635 1468 728 κᾷν
1527 689 1541 702 .

239 739 317 831 παρ’
342 743 462 828 ἑτέρων
484 739 717 824 χλευαζόμενοι
735 737 893 823 μάθωσιν
918 736 951 804 έν
974 744 1064 824 ποίην
1081 749 1208 806 κεῖνται
1223 740 1388 824 πτώματι,
1411 735 1467 809 ’καί

239 843 327 913 οότω
355 841 476 909 λοιπόν
505 843 696 928 λεγέτωσαν.
741 845 775 906 τί
803 833 834 905 5'
860 833 900 906 ἂν
923 838 1051 906 εἴποιεν
1074 839 1110 919 ἐξ
1131 835 1245 929 αὐτῆς,
1274 836 1313 929 ¹5
1335 837 1389 908 ὅτι
1410 839 1469 910 οόκ

237 941 291 1014 άελ
315 941 333 1012 5
354 941 438 1022 θεὸς
459 941 569 1029 πατὴρ
591 931 640 1028 ἦν,
664 934 734 1008 ἀλλ’
758 937 895 1028 ὕστερον
917 945 1062 1026 γέγονεν·
1085 935 1144 1006 οὐκ
1166 935 1217 1010 άελ
1232 930 1273 1027 ἦν
1289 937 1308 1008 5
1323 941 1405 1024 υίός,
1428 937 1467 1010 οό

238 1046 302 1134 γάρ
321 1035 362 1133 ἦν
383 1042 464 1129 πρὶν
486 1045 645 1131 γεννηθῇ·
669 1035 727 1108 οὐκ
749 1041 838 1109 έοτιν
861 1040 895 1108 έν
917 1039 1129 1128 τοῦπατρὸς,
1152 1036 1222 1108 ἀλλ’
1241 1043 1277 1123 ἐξ
1290 1037 1348 1110 οὐκ
1364 1041 1468 1112 όντων

239 1144 366 1234 όπέοτη
388 1148 443 1212 καὶ
465 1140 579 1225 αὐτός·
603 1140 661 1210 σόκ
682 1143 772 1210 ἔστιν
794 1143 882 1222 ἵόιος
902 1146 961 1229 τῆς
983 1138 1099 1221 οὐσίας
1113 1146 1172 1209 τοῦ
1187 1143 1324 1232 πατρός,
1347 1152 1469 1231 κτίσμα

239 1249 301 1336 γάρ
330 1247 403 1316 ἐστι
428 1248 482 1314 καλ
511 1251 656 1332 ποίημα·
684 1247 758 1310 ικαλ
787 1239 845 1311 οὐκ
867 1242 957 1311 ἔστιν
980 1238 1143 1332 άληθινὸς
1163 1243 1247 1325 θεὸς
1269 1241 1287 1312 5
1308 1247 1468 1332 Χριστός,

241 1345 327 1419 ἁλλὰ
346 1350 466 1435 μετοχῇ
489 1349 543 1413 καί
565 1341 665 1426 αότός
686 1343 917 1433 έθεοποιῇθη
941 1339 999 1412 οὐκ
1021 1340 1092 1412 οῖόε
1106 1345 1165 1414 τόν
1179 1352 1309 1432 πατέρα
1324 1343 1470 1435 ἀκριβῶς

242 1447 261 1518 5
282 1449 363 1529 υἱός,
387 1446 464 1516 οὔτε
486 1444 548 1536 όρᾷ
571 1444 589 1513 5
612 1446 708 1531 λόγος
729 1446 786 1514 τὸν
802 1451 931 1534 πατέρα
944 1447 1087 1526 τελείως,
1109 1448 1163 1514 καί
1178 1444 1256 1515 οότε
1270 1460 1378 1516 σονιεῖ
1392 1447 1470 1516 οὔτε

240 1550 395 1639 γινώσκει
417 1545 560 1636 ἀκριβῶς
583 1543 601 1614 5
623 1547 720 1633 λόγος
740 1547 798 1614 τὸν
821 1553 966 1635 πατέρα·
996 1543 1053 1614 οὐκ
1076 1547 1164 1614 ἔστιν
1188 1544 1206 1613 5
1229 1543 1391 1635 ἀληθινὸς
1412 1553 1469 1616 καὶ

243 1651 344 1732 μόνος
366 1647 466 1730 αότὸς
487 1652 562 1717 ετοό
585 1648 713 1736 πατρὸς
734 1648 840 1736 λόγος,
864 1644 933 1716 ἀλλ’
957 1644 1096 1733 ὀνόματι
1109 1648 1211 1732 μόνον
1226 1651 1356 1734 λέγεται
1370 1649 1475 1742 λόγοςι

243 1757 297 1822 καί
320 1760 441 1842 σοφία,
469 1754 524 1820 καὶ
544 1750 656 1839 χάριτι
677 1752 806 1836 λέγεται
827 1750 900 1830 υίὸς
920 1748 975 1817 καὶ
997 1749 1150 1834 δύναμις
1179 1744 1237 1816 οὖν
1259 1749 1350 1818 ἔστιν
1372 1748 1470 1838 άτρε-

242 1878 329 1934 πτος
351 1850 396 1933 ῶς
418 1849 436 1919 5
459 1851 578 1939 πατήρ,
603 1848 688 1918 ἀλλὰ
708 1851 851 1937 τρεπτός
872 1851 945 1919 ἐστι
966 1850 1067 1940 φύσει
1089 1847 1134 1931 ῶς
1154 1850 1198 1918 τά
1218 1858 1391 1936 κτίσματα,
1413 1855 1470 1920 καί

243 1958 355 2026 λείπει
376 1949 464 2040 αὐτῷ
488 1952 535 2031 είς
556 1951 743 2040 κατάληψιν
763 1957 824 2020 τοῦ
845 1956 969 2039 γνῶναι
982 1955 1116 2032 τελείως
1129 1951 1188 2019 τὸν
1202 1958 1349 2040 πατέρας
1382 1959 1472 2020 θαυ-

242 2055 351 2144 μαστή
373 2078 410 2141 γε
430 2049 450 2140 5
474 2053 602 2138 αἵρεσις
621 2055 705 2143 μηδὲ
726 2054 765 2122 τὸ
787 2054 938 2122 πιθανόν
960 2054 1090 2138 ἔχουσα,
1113 2049 1219 2120 άάλλόι
1239 2054 1294 2121 καὶ
1310 2054 1358 2134 είς
1372 2054 1412 2121 τὸ
1425 2055 1484 2144 μὴ,

245 2152 330 2226 εἶναι
350 2154 434 2223 κατά
454 2158 514 2221 τοῦ
537 2152 633 2234 όντσς
655 2156 898 2243 φανταζομένη,
921 2149 1073 2222 καλόντί
1096 2149 1262 2243 εὐφημίας
1283 2156 1471 2244 όυςφημίας

245 2257 359 2326 όιόλου
386 2257 649 2343 προβαλλομένη.
695 2257 728 2324 εἴ
752 2280 804 2335 τις
833 2253 898 2341 ἄρα
926 2254 968 2322 τά
990 2251 1068 2342 παρ’
1093 2251 1292 2344 ἀμφοτέρων
1315 2257 1471 2338 ἐξετάσας

244 2358 439 2446 ἓρωτηθείη,
463 2356 521 2445 τὴν
545 2353 708 2445 ὁποτέρου
730 2363 846 2425 πίστιν
868 2351 908 2424 όν
930 2357 1055 2436 ἕλοιτο,
1078 2351 1100 2446 5
1121 2356 1163 2424 τὰ
1185 2349 1276 2437 τίνος
1297 2353 1338 2425 ἂν
1359 2360 1472 2426 ἐλποι

245 2459 375 2547 ῥήματα
397 2464 571 2544 πρέποντα
593 2454 678 2526 εἶναι
699 2462 788 2556 θεῷ·
815 2460 941 2545 μᾶλλον
970 2460 1007 2526 δέ
1028 2457 1084 2526 καὶ
1105 2457 1298 2526 εἰπάτωσαν
1321 2454 1418 2526 αότοὶ
1439 2460 1472 2527 οἱ

243 2564 303 2647 τῇς
326 2555 478 2646 ἀσεβείας
499 2559 642 2641 κόλακες,
665 2568 699 2628 τί
720 2567 846 2647 πρέπει
867 2563 944 2648 περὶ
966 2562 1050 2628 θεοῦ
1066 2550 1282 2649 (θεὸςγάρῆν
1295 2555 1314 2626 ό
1326 2559 1470 2647 λόγοςἪ

245 2661 457 2749 ἐρωτώμενον
480 2655 739 2749 ἀποκρίνασθαι.
771 2658 840 2730 άπὸ
862 2661 924 2749 γάρ
946 2661 1065 2729 τοότου
1085 2661 1142 2728 καὶ
1162 2660 1201 2727 τό
1217 2657 1295 2730 ὅλον
1311 2661 1472 2749 ἑκατέρων

244 2768 311 2832 τῶν
333 2765 593 2852 προβληθέντων
614 2762 855 2852 γνωσθήσεται,
878 2761 913 2830 τί
934 2768 1060 2850 πρέπει
1081 2765 1195 2849 λέγειν,
1218 2761 1257 2828 τὸ
1272 2751 1348 2851 ἦνῆ
1360 2762 1400 2828 τὸ
1415 2757 1473 2829 σόει

244 2855 293 2953 ἦν,
316 2865 356 2932 τὸ
379 2861 431 2934 άεὶ
452 2860 474 2951 5
494 2863 533 2930 τό
556 2863 636 2950 πρὶν
658 2869 832 2950 γενέσθαι,
855 2863 893 2931 τὸ
916 2858 1026 2932 άΐόιον
1047 2859 1069 2953 5
1089 2863 1128 2932 τὸ
1151 2859 1207 2952 άφ’
1232 2853 1272 2930 οὗ
1293 2863 1350 2930 καὶ
1372 2862 1471 2948 ἐξότε,

247 2962 409 3054 άληθινὸν
431 2961 451 3055 5
473 2972 571 3034 θέσει
591 2967 646 3032 καί
667 2969 787 3052 μετοχῇ
809 2964 865 3032 καὶ
886 2961 954 3032 κατ’
978 2965 1141 3046 έπίνοιαυ,
1163 2968 1230 3030 τῶν
1251 2967 1394 3052 γενητῶν
1416 2964 1473 3032 ἕνα

247 3069 351 3155 λέγειν
373 3067 474 3136 αὐτὸν
494 3062 515 3154 5
536 3070 583 3155 τῷ
606 3066 711 3152 πατρὶ
733 3066 912 3134 συνάπτειν
934 3063 1044 3148 αὐτόν,
1066 3061 1241 3151 ’ἀνόμοιον
1263 3060 1364 3132 αὐτόν
1387 3060 1474 3134 εἶναι

245 3165 314 3233 κατ’
340 3164 455 3236 υόοίαν
477 3172 536 3234 τοῦ
559 3167 687 3255 πατρὸς
708 3162 729 3252 5
752 3163 868 3252 όμοιον
889 3166 945 3233 καὶ
967 3168 1055 3234 ἴδιον
1069 3171 1128 3233 τοῦ
1143 3166 1272 3252 πατρὸς
1287 3161 1381 3247 εἶναι,
1403 3172 1473 3233 κτί-

248 3287 316 3350 σμα
345 3263 430 3334 εἶναι
455 3263 477 3353 ἢ
500 3263 547 3335 δι’
573 3265 674 3334 αὐτοῦ
695 3266 738 3333 τὰ
758 3274 921 3352 κτίσματα
942 3271 1155 3353 γεγενῆσθαι,
1186 3263 1286 3336 αὐτόν
1308 3261 1393 3335 εἶναι
1414 3267 1472 3333 τὸν

246 3368 306 3431 τοῦ
334 3367 463 3452 πατρὸς
491 3363 631 3452 λόγονῆ
653 3368 763 3452 ἕτερον
786 3367 879 3452 παρὰ
900 3370 1031 3447 τοῦτον,
1060 3371 1114 3434 καί
1138 3364 1184 3436 δι’
1210 3365 1333 3438 ἐκείνου
1353 3371 1471 3435 τοῦτον

246 3469 446 3551 γεγενῆσθαι
466 3469 520 3532 καί
543 3461 590 3530 δι’
616 3465 717 3552 άλλης
738 3472 870 3553 σοφίας,
894 3471 967 3534 Ικαί
989 3471 1107 3537 τοῦτον
1130 3465 1269 3554 ὀνόματι
1288 3467 1391 3554 μόνον
1414 3489 1473 3534 σο-

162 3574 331 3654 ν.ιιι.φίαν
363 3569 417 3632 καί
446 3564 542 3651 λόγον
572 3568 769 3654 κεκλῆσθαι,
801 3559 950 3655 κᾷκείνης
972 3573 1030 3656 τῆς
1052 3576 1175 3658 σοφίας
1196 3574 1313 3638 τοῦτον
1334 3574 1473 3655 μέτοχον

245 3666 302 3734 καὶ
323 3665 474 3752 όεότερον
494 3667 703 3754 γεγενῆσθαι.

317 3855 341 3914 1)
359 3857 424 3906 Ιονο.
446 3857 468 3918 l,
489 3857 510 3906 1.

281 4007 302 4041 ι.
321 3981 338 4050 ἢ
357 3992 424 4042 deest
450 3993 474 4043 in
491 3993 633 4057 δεςυετίιυ.
652 3993 791 4044 Goblerian.
811 4000 835 4042 ει
921 4007 942 4042 e.
961 3993 1141 4055 Seguntium,
1167 3993 1328 4042 ὓοοίετίεηυε
1347 3999 1370 4040 ει
1389 3991 1473 4040 θείει-

247 4059 352 4108 Felckm.
374 4060 395 4108 λ.
886 4075 949 4110 mnu.
965 4060 986 4110 ί.
1006 4052 1110 4109 εἴσοιτο
1128 4067 1152 4108 ει
1171 4073 1224 4108 οισι
1241 4055 1347 4123 μᾶλλον
1358 4051 1473 4110 oldad-

280 4127 304 4174 h.
324 4127 424 4188 snguer.
441 4121 490 4174 κατ’
505 4127 601 4176 omittit.
885 4139 987 4175 τασαν.
1028 4129 1117 4176 {bidem
1136 4129 1235 4185 Svguer.
1253 4122 1282 4173 τί
1298 4122 1396 4192 πρέπει
1412 4117 1474 4240 MS)

281 4209 303 4242 c.
322 4193 362 4242 Sic
385 4193 486 4256 Seguer.
512 4194 609 4244 ὓοοίετ.
635 4202 658 4242 ει
686 4194 790 4243 Felckm.
812 4195 834 4243 l.
886 4193 961 4243 θεοῦ.
996 4188 1062 4247 θεὸς
1083 4187 1138 4273 γάρ
1163 4185 1198 4254 ἦν
1221 4185 1343 4258 aum.
1365 4187 1437 4258 ίρωι
1463 4219 1474 4228 -

246 4259 309 4309 editi
327 4273 383 4308 τετυ
409 4267 433 4309 εί
456 4261 496 4309 alii
522 4251 605 4312 αὐτὸς
622 4253 640 4312 ἆ
656 4259 706 4308 τοῦ
723 4253 834 4324 πατρός.
886 4275 971 4328 μενον
989 4253 1202 4327 ἀποκρινασθαι.
1240 4263 1280 4310 Sic
1299 4265 1355 4310 nem
1375 4263 1473 4311 Gohler.

247 4325 308 4376 lbid.
328 4326 425 4378 Gobler.
445 4328 555 4376 εῑῖείελ.
567 4328 590 4377 1,
610 4317 728 4392 ὀνόματι
743 4321 831 4393 μόνην.
887 4337 911 4378 ει
928 4331 1032 4378 Felckm.
1057 4332 1076 4380 1.
1112 4333 1139 4379 Αι
1164 4343 1211 4378 non
1236 4337 1302 4377 οοιει
1327 4329 1474 4386 muman..

281 4394 305 4442 d.
323 4394 364 4443 Sic
381 4395 482 4456 Seguer.
501 4395 640 4444 Goblerian.
659 4405 682 4444 τι
695 4396 799 4446 λέΙελτο.
813 4397 834 4446 1.
887 4405 966 4446 ulrum
987 4398 1059 4446 eliam
1084 4389 1264 4462 έρωτεόμενσν
1282 4411 1311 4442 ειν
1330 4387 1425 4460 έρωτοί
1447 4405 1474 4442 ε·

246 4458 335 4509 Anni
360 4469 384 4510 ει
407 4462 463 4510 editi
489 4451 548 4508 522³
576 4452 619 4509 άιλ
641 4455 673 4510 τό
722 4451 834 4521 belm.
886 4465 1221 4514 νοιαυωιεόὶιίείιειιιιπι.
1259 4455 1476 4522 Εόίίιτίπρπει

246 4525 324 4576 Paulo
343 4537 399 4590 ηοει
417 4530 517 4590 Seguer.
529 4477 744 4596 προβολλομέάη.
770 4531 833 4582 Ειίίιί
886 4526 950 4596 περὶ
966 4529 1044 4584 θεοῦ,
1062 4524 1129 4583 θεὸς
1146 4517 1180 4590 ἦν
1194 4521 1310 4594 auras.
1329 4520 1425 4593 ἐρωτῶ
1448 4540 1474 4575 ε-

245 4591 475 4662 προςβαλλσμένη.
885 4611 931 4645 ναι
955 4588 1151 4666 ἀποκρίνασθε.
1179 4599 1239 4648 lbid.
1257 4599 1399 4660 Saguntina.
1460 4587 1474 4642 ὃ
