3070 5242
326 375 333 383 ·
443 363 558 408 cortrna
573 363 792 408 ιιοιιιιιιιιιιιιι
809 361 896 407 ursos
910 365 942 407 rr.
1233 348 1295 416 923

16 518 213 598 peccavit.
258 515 319 579 Sed
341 533 449 596 opertus
472 516 573 594 foetus
596 525 651 587 est,
676 533 741 576 cum
765 515 846 576 dives
869 523 955 586 esset,
977 523 1013 576 ut
1027 531 1084 576 nos
1098 515 1183 578 illius
1199 521 1385 599 isopleuro.

17 625 172 682 divites
210 635 352 682 eramus.
404 615 562 688 Quomodo
598 621 695 677 autem
732 633 843 696 egenus
875 616 969 677 laetus
1002 623 1048 676 est
1080 615 1183 678 Deus?
1227 619 1302 690 Quia

16 739 193 800 egenam
219 727 351 781 naturam
375 718 406 779 in
428 718 528 797 seipso
551 717 694 779 assumsit
716 735 860 794 eamque,
884 717 953 777 dum
977 717 1040 795 ipsa
1063 717 1091 778 in
1114 719 1225 782 iustitia
1248 721 1302 782 de·

19 831 151 901 geret,
184 841 243 902 pro
266 819 437 881 bominibus
460 818 592 896 supliciis
616 817 735 890 obierit,
759 835 834 896 quae
850 817 1020 879 hominibus
1038 821 1226 898 superiores
1244 822 1301 882 lao-

20 923 201 984 minibus
231 930 407 1002 apparuerat
429 919 541 998 Deique
569 927 630 980 tota
660 919 734 978 lacta
765 920 869 980 luerat.
921 919 951 979 Si
982 920 1060 981 enirn
1090 921 1302 1000 primogenitus

24 1029 160 1086 lactus
194 1042 257 1084 non
286 1030 369 1083 esset
396 1021 426 1082 in
455 1020 555 1082 multis
584 1018 740 1092 iratribus,
775 1020 995 1099 quomodonam
1029 1009 1243 1100 primogeniius
1267 1038 1300 1085 er

25 1125 201 1188 mortuis
224 1124 306 1186 risus
329 1121 434 1184 esset?
479 1122 538 1183 Cur
558 1121 658 1200 itaque
680 1121 792 1182 dicitis:
817 1121 928 1194 „licus
952 1122 1002 1200 qui
1024 1139 1079 1200 por
1096 1139 1213 1183 carnem
1228 1143 1299 1202 pas-

32 1245 141 1302 „sus
180 1234 232 1286 est
258 1233 288 1286 et
318 1222 534 1286 resurrexiti“
580 1223 605 1285 Ο
634 1221 847 1286 absurditatem
882 1231 911 1283 et
942 1222 1172 1301 blasphemiam!
1216 1223 1302 1286 Tales

33 1335 127 1390 sunt
156 1327 341 1388 Arianorum
371 1343 470 1387 ausus.
515 1325 558 1385 llli
588 1325 666 1386 euim
696 1323 843 1384 eiusmodi
872 1321 1086 1402 blasphemiam
1115 1325 1303 1404 impudenter

37 1430 240 1508 proferunt,
263 1427 313 1506 qui
336 1427 387 1488 Dei
405 1427 510 1488 Filium
534 1426 671 1488 simulate
686 1425 778 1486 Deum
794 1431 964 1504 nuncupare
980 1425 1154 1498 didicerunt,
1178 1428 1302 1488 docente

38 1529 128 1592 licet
157 1530 332 1608 Scriptura,
361 1545 416 1606 per
437 1526 529 1588 Deum
552 1525 582 1586 in
605 1545 693 1588 carne
716 1526 780 1587 eius
804 1526 975 1606 passionem
998 1527 1177 1606 contigisse,
1206 1547 1302 1607 neque

41 1641 168 1692 tamen
193 1629 288 1690 Deum
310 1629 340 1690 iu
363 1645 451 1690 omne
473 1643 595 1707 passum
619 1646 695 1689 esse.

157 1834 210 1894 12.
256 1829 315 1903 Qui
347 1828 436 1908 igitur
472 1827 786 1890 consubstantialitatis
823 1827 1045 1888 contessionem
1077 1847 1130 1889 ros
1166 1830 1301 1908 profiteri

49 1933 153 2012 prius
185 1930 374 2004 declarastis,
407 1929 558 2009 quomodo
589 1929 745 1990 indivisum
774 1946 883 1990 nomeu
912 1929 947 1989 ad
976 1928 1146 2007 passionem
1175 1929 1301 2002 trahitis,

53 2033 236 2112 eademque
258 2049 348 2112 opera
370 2030 578 2093 indivisibilem
601 2039 755 2098 naturam,
779 2029 958 2090 ineffabilem
979 2027 1140 2102 Deitatem,
1162 2030 1300 2092 immuta·
1410 2107 1413 2114 Κ

52 2134 158 2194 bilem
190 2143 218 2194 et
246 2133 447 2196 invariabilem
469 2131 803 2194 consubstantialitatem
833 2129 869 2190 ad
898 2129 1070 2209 passionem
1100 2130 1244 2192 deducitis
1273 2140 1303 2193 et

16 2291 17 2302 ,
58 2235 277 2297 resurrexisse
307 2233 512 2296 confitemini?
556 2233 587 2294 Si
617 2233 696 2294 enirn
720 2231 865 2305 Verbum,
897 2249 962 2294 oum
992 2251 1108 2293 carnem
1137 2249 1171 2292 ex
1201 2233 1301 2311 seipso
1409 2293 1418 2316 Ι

59 2343 318 2409 transmutasset,
348 2335 577 2414 adpersionem
601 2334 864 2412 usqucperrexit,
898 2353 963 2394 oum
994 2332 1067 2394 nibil
1089 2332 1229 2411 passibile
1252 2342 1301 2395 aut
1415 2327 1424 2335 ”

16 2479 18 2508 :
61 2437 303 2499 resurrectionis
330 2455 420 2516 capax
449 2437 480 2498 in
508 2454 541 2498 se
570 2435 782 2507 assumsisset,
816 2435 915 2513 ipsum
949 2443 1029 2496 certe
1051 2431 1179 2494 Verbum
1202 2435 1299 2505 luerit,

16 2609 17 2614 ἵ
64 2534 152 2611 quod
175 2551 297 2612 passum
326 2544 373 2598 est
394 2543 424 2597 et
445 2554 482 2596 ex
504 2537 630 2598 mortuis
654 2537 834 2609 resurrexit,
867 2536 982 2614 eritque
1010 2535 1089 2595 iuxta
1116 2533 1300 2597 Valentinum

65 2635 175 2714 passio
198 2635 333 2698 Trinitati
357 2637 539 2710 eommunis,
570 2637 806 2716 quandoquidem
831 2635 958 2697 Verbum
989 2634 1150 2696 seeundum
1173 2635 1301 2698 divinam

66 2742 206 2798 naturam
229 2755 245 2798 a
266 2737 354 2798 Patre
376 2754 436 2798 non
459 2746 507 2799 est
528 2737 707 2800 distinctum.
752 2736 839 2810 Quod
862 2735 888 2797 si
910 2736 983 2798 haee
1009 2735 1050 2796 ita
1079 2735 1243 2816 intelligere
1272 2737 1303 2797 ln
1326 2779 1334 2790 .

69 2838 203 2900 animum
235 2837 390 2910 inducitis,
424 2855 567 2917 quaenam
602 2839 650 2900 illa
678 2855 790 2917 quaeso
819 2837 1034 2914 Prophetarum
1067 2836 1235 2915 promissio
1253 2848 1302 2898 aut

16 2989 18 3022 ς
71 2939 323 3018 Evangelistarum
346 2940 463 3018 generis
486 2939 648 3020 descriptio
672 2948 702 3001 et
714 2937 925 3016 Apostolorum
941 2935 1130 2999 testificatio?
1163 2937 1223 2999 Cur
1238 2938 1301 2998 lla·

16 3091 18 3122 ,
74 3041 119 3101 ria
141 3047 235 3101 mater
255 3037 325 3099 istic
346 3038 499 3100 adbibita?
544 3041 694 3112 Quorsum
718 3038 789 3100 illud
812 3037 916 3098 aetatis
939 3045 1128 3117 staturaeque
1157 3055 1301 3115 augmen-

16 3199 17 3202 ,
74 3149 140 3201 turn
161 3147 211 3200 aut
232 3139 425 3201 comestionis
449 3139 600 3219 specimen
623 3148 673 3200 aut
695 3139 742 3200 illa
764 3139 794 3199 in
811 3139 950 3199 omnibus
966 3137 1233 3200 commiserationis
1248 3155 1301 3199 ex-

16 3317 18 3324 ,
77 3239 180 3300 bibitio
207 3240 252 3300 rel
280 3240 410 3302 nominis
439 3239 614 3320 impositio?
657 3241 713 3300 dut
741 3258 883 3318 quorsum
912 3239 1000 3300 illud:
1033 3239 1125 3300 Filius
1147 3239 1200 3300 Dei
1223 3239 1304 3300 lilius

16 3401 17 3420 ,
80 3339 207 3402 bominis
229 3341 324 3402 lactus
347 3351 401 3414 est,
424 3341 470 3402 rel
492 3341 578 3402 illud:
600 3340 697 3404 Homo
719 3341 859 3422 Cln'stus
879 3339 974 3410 lesus,
998 3345 1050 3421 qut
1071 3339 1151 3400 dedit
1172 3343 1303 3419 seipsum

16 3501 17 3508 ,
79 3441 285 3502 redemtionem
303 3457 364 3522 pro
387 3442 491 3512 nobt's,
514 3440 636 3502 illudve:
668 3441 796 3519 Oportet
816 3437 916 3520 filium
939 3439 1065 3502 leminis
1087 3438 1216 3500 maltum
1236 3442 1305 3518 poti

82 3551 108 3602 et
130 3541 259 3621 interfiat·
278 3550 306 3602 ot
335 3543 428 3601 tertio
457 3541 502 3601 dte
531 3559 570 3602 aar
596 3543 727 3602 mortuis
756 3537 943 3618 reserpere?
987 3537 1075 3610 Quod
1103 3537 1130 3597 si
1153 3535 1302 3598 Christum

83 3650 218 3718 quatenus
241 3640 330 3700 bomo
353 3647 401 3700 est
421 3639 611 3717 passibilem,
644 3648 788 3718 quatenus
818 3655 888 3698 vero
911 3638 991 3699 Deus
1019 3645 1066 3698 est
1089 3637 1300 3717 irnpassibilem

84 3757 141 3800 nou
161 3737 296 3811 eraditis,
328 3739 381 3799 sed
404 3739 441 3798 ad
463 3739 615 3818 augustias
637 3739 748 3802 redacti
771 3740 923 3818 cogitatis,
946 3738 972 3798 si
995 3737 1191 3799 confiteamini
1215 3737 1301 3799 (ibri-

119 3953 139 4000 d.
157 3953 250 4012 Sequor.
269 3951 342 4001 babet
364 3945 411 3998 καί
436 3960 490 4002 anto
516 3965 663 4018 προςποιη·
713 3949 787 4028 νςεῑν
805 3942 837 3997 οὗ
852 3945 992 4028 podismis.
1027 3951 1189 4001 sctrictam
1216 3951 1310 4002 ταῦτα.

89 4018 143 4070 tois.
715 4009 785 4064 orirer
804 4027 879 4063 rosor
895 4009 1034 4078 poenosa.

121 4101 139 4134 a.
156 4085 249 4146 Sequor.
267 4075 295 4139 ἐξ
312 4073 404 4132 adron
749 4086 772 4132 Ιι.
792 4083 889 4133 Gobler.
908 4091 932 4132 et
950 4083 1055 4132 lielelm.
1069 4083 1090 4130 l.
1110 4075 1125 4141 ἢ
1145 4075 1300 4142 {uilissimi

121 4153 135 4201 l.
158 4151 187 4199 tn
210 4163 294 4200 omues
319 4165 376 4200 mro.
412 4149 474 4200 Editi
499 4141 664 4203 roro-atritis
714 4148 763 4197 τοῦ
782 4141 926 4214 ὀνόματος.
970 4150 1034 4199 lnlra
1059 4165 1144 4199 omnes
1169 4151 1219 4198 tere
1244 4163 1301 4200 mss.

92 4210 126 4266 aiv
141 4209 183 4277 εἴη.
325 4281 327 4284 Ι
488 4221 495 4226 “
714 4210 760 4264 καὶ
790 4207 833 4264 ’ὅτι
865 4209 1014 4294 ἄνθρωπος
1045 4209 1169 4281 Χριστός
1190 4205 1301 4275 Ἰησοῦς.

121 4286 291 4347 psicomnes
309 4297 368 4334 mss.
404 4283 430 4333 lu
450 4283 520 4334 editis
538 4277 663 4342 rarorq'v
714 4285 776 4334 Editi
795 4294 818 4333 et
837 4285 876 4334 alii
896 4275 911 4343 ἢ
930 4293 1036 4334 orteto.
1072 4285 1123 4334 llos
1141 4275 1328 4350 dusaren·

92 4353 156 4403 deest
192 4351 241 4401 ltux
266 4351 368 4401 multum
392 4352 482 4400 variant
506 4364 581 4412 ιιιιι.;
607 4363 662 4400 uam
714 4351 782 4401 deest
807 4353 829 4400 in
853 4352 952 4414 Seguer.
978 4351 1076 4402 Gobler.
1102 4359 1125 4401 et
1143 4351 1248 4402 Veloim.
1270 4353 1300 4411 1.,

93 4421 175 4470 Goblor.
191 4419 288 4482 Sequar.
314 4427 337 4468 ot
354 4419 459 4468 i'eleim.
474 4419 494 4466 l.
513 4415 601 4465 retra
618 4410 662 4464 od·
713 4431 757 4482 pro
776 4433 824 4482 quo
844 4420 932 4480 tugttc.
953 4419 1024 4470 babet
1041 4411 1147 4486 λύτρον.

93 4499 126 4532 ru
140 4485 203 4536 νοεῖν
219 4481 358 4534 aetenae.
388 4476 660 4548 stantemstantem
748 4487 764 4534 i.
788 4486 996 4546 Segueruooter.
1016 4486 1190 4537 etFolclm.t.
1208 4475 1298 4539 ἐπειδὴ

94 4553 156 4602 νοεῖν
170 4545 197 4600 oi
212 4548 350 4603 πείθεσθε.
393 4552 465 4603 Baril.
483 4551 570 4602 rosim
588 4543 660 4601 οὕτω
711 4545 756 4599 aul
774 4543 929 4616 ἅνθρωπος.
1300 4598 1323 4634 ·
