3250 5292
548 325 656 371 omri·
672 325 716 370 ιιι.
732 317 1016 371 correlationes·
1307 311 1368 376 515

7 475 12 528 ἵ
48 501 64 524 ·
149 481 290 554 tendant,
323 480 411 543 etiam
439 477 546 541 Filium
568 478 666 559 ipsum
694 477 815 541 nonnisi
838 477 966 558 Spiritus
988 478 1158 560 participem
1181 479 1317 543 ellectum
1339 489 1453 543 etesrr.

150 589 233 646 recte
254 569 339 646 lactis
360 581 517 654 meruisse,
540 587 574 642 ut
594 579 625 642 in
640 579 726 642 Patre
747 587 840 654 esset,
862 579 942 658 quod
963 588 1043 641 certe
1065 579 1110 642 nel
1130 581 1228 643 solum
1249 583 1371 662 cogitari

150 685 265 767 absque
287 703 402 747 summa
423 683 574 766 impietate
595 699 656 743 nou
677 689 788 762 potest.
830 679 979 760 Namque,
1012 689 1045 743 ut
1073 681 1180 743 dictum
1209 691 1270 756 est,
1303 683 1369 763 ipse

20 815 30 844 ι
106 826 108 828 -
150 789 204 850 dat
225 787 359 868 Spiritui,
382 795 412 849 et
433 803 634 866 quaecumque
656 783 786 867 Spiritus
808 782 904 856 babet,
927 783 1000 845 baec
1021 801 1037 845 a
1059 783 1156 845 Verbo
1179 783 1275 862 habet

238 993 290 1055 25.
334 990 407 1052 Cum
430 987 519 1069 igitur
539 987 576 1050 de
597 987 685 1049 nobis
708 985 781 1048 dixit
795 986 944 1048 Salvator:
965 985 1052 1049 Sicut
1073 995 1115 1058 ta,
1131 959 1242 1060 Pater,
1263 990 1296 1050 ic
1317 1007 1370 1058 mr.

7 1115 39 1152 ..τ
151 1075 255 1174 stepo
285 1097 317 1154 ia
346 1101 388 1163 te,
420 1100 456 1153 at
485 1101 514 1153 et
542 1095 603 1171 ipsi
628 1093 661 1150 ia
686 1089 775 1152 nobis
797 1107 892 1151 aarum
920 1093 995 1160 aiat,
1027 1107 1089 1150 nou
1108 1081 1173 1150 'nos
1196 1088 1316 1151 eosdem
1339 1107 1372 1151 ac

155 1194 290 1275 seipsum
311 1193 375 1254 lore
398 1191 589 1272 significavit,
619 1199 652 1252 ut
680 1209 715 1252 ex
743 1189 833 1252 lonae
855 1189 989 1270 exemplo
1016 1189 1223 1270 probavimus;
1253 1189 1306 1252 sed
1327 1199 1373 1253 est

7 1321 35 1376 p,
153 1295 331 1376 postulatio,
354 1311 411 1374 qua
433 1293 550 1355 Patrem
573 1298 725 1372 precatur,
748 1290 791 1352 uti
813 1289 920 1352 scribit
937 1290 1080 1362 loannes,
1102 1298 1135 1353 ut
1156 1290 1298 1372 Spiritum
1318 1309 1375 1374 per

155 1415 190 1459 se
217 1395 366 1477 impertiat
398 1395 601 1468 credentibus,
633 1412 688 1474 per
717 1409 804 1474 quem
837 1391 972 1462 videmur
993 1399 1023 1479 et
1043 1393 1074 1454 in
1095 1391 1156 1454 lieo
1178 1379 1247 1455 esse
1268 1403 1297 1456 ct
1317 1411 1374 1477 per

154 1499 281 1562 eundern
305 1499 335 1560 in
358 1497 425 1578 ipso
448 1495 598 1575 coniungi.
632 1495 707 1568 Quia
732 1494 811 1556 enim
825 1491 953 1555 Verbum
976 1502 1023 1556 est
1040 1493 1069 1555 in
1084 1493 1180 1568 Patre,
1203 1503 1232 1557 et
1246 1495 1373 1576 Spiritus

154 1619 192 1663 ex
220 1601 320 1661 Verbo
353 1599 454 1671 datur,
487 1615 544 1658 nos
578 1597 688 1658 ideireo
717 1595 859 1676 Spiritum
888 1595 969 1676 cupit
989 1593 1136 1676 accipere,
1164 1602 1197 1658 ut
1218 1615 1284 1660 cum
1305 1615 1374 1660 eum

154 1703 373 1781 acceperimus,
406 1707 476 1761 tunc
504 1697 645 1778 Spiritum
672 1695 761 1758 Verbi
788 1698 818 1759 io
839 1697 926 1758 Patre
947 1696 1099 1759 existentis
1121 1697 1263 1760 habentes
1286 1700 1374 1761 etiam

155 1822 214 1865 nos
237 1803 295 1882 ipsi
315 1819 370 1881 per
391 1800 533 1881 Spiritum
550 1818 647 1884 unum
670 1800 701 1861 in
722 1798 820 1861 Verbo
843 1809 872 1862 et
893 1817 947 1880 per
968 1799 1094 1888 Verbum
1116 1798 1147 1860 in
1170 1799 1256 1862 Patre
1278 1801 1373 1864 effecti

156 1923 225 1968 esse
248 1903 409 1964 videamur.
452 1901 486 1963 ld
508 1909 607 1962 autern
628 1901 707 1982 quod
729 1899 771 1962 ait
789 1913 825 1966 ut
845 1919 917 1974 nos,
948 1900 1021 1962 nihil
1045 1900 1124 1962 aliud
1150 1900 1259 1964 indicat
1286 1921 1461 1984 quamnam.

156 2015 189 2069 ut
210 2003 379 2068 huiusmodi
408 2003 537 2096 Spiritus
567 2002 658 2083 gratia
681 2003 710 2064 in
734 1991 894 2084 discipulos
917 2003 1013 2065 inlusa
1036 2001 1150 2064 stabilis
1174 2013 1204 2065 et
1224 2004 1372 2068 inrevoca-

156 2106 398 2177 bilisreddatur.
442 2106 569 2186 Nempe,
600 2115 633 2167 ut
654 2123 743 2186 supra
773 2105 928 2185 explicari,
959 2105 987 2166 id
1016 2104 1096 2185 quod
1118 2105 1213 2167 Verbo
1236 2106 1265 2168 in
1287 2108 1374 2170 Patre

155 2213 260 2273 natura
282 2193 449 2282 inest‘hoc
470 2207 558 2270 nobis
579 2225 635 2289 per
656 2206 797 2286 Spiritum
821 2207 861 2269 ita
882 2205 943 2268 vult
963 2207 1036 2280 dari,
1058 2216 1092 2269 ot
1112 2207 1151 2270 sit
1172 2207 1374 2272 irrevocabile.

119 2341 122 2350 ¹
152 2311 243 2388 Quod
266 2331 331 2373 cum
354 2329 415 2372 nou
437 2309 588 2390 ignoraret
608 2309 777 2389 Apostolus,
800 2309 857 2370 ait:
883 2308 958 2382 Quia
974 2327 1031 2372 nos
1046 2311 1375 2392 reperebitororitotc
1469 2348 1472 2362 ι

119 2405 122 2420 ’
155 2411 296 2478 Uirtuti?
332 2413 409 2476 Nam
440 2413 499 2476 Dei
529 2413 608 2475 dono
639 2423 668 2474 et
697 2415 798 2490 pretio
829 2403 994 2474 oorotiom'a
1027 2410 1263 2474 *irrevocabilia
1294 2421 1378 2474 aunt.

156 2513 258 2592 ltaque
279 2514 408 2592 Spiritus
432 2523 486 2586 est,
509 2514 558 2592 qui
581 2513 610 2574 in
626 2513 688 2575 Deo
711 2512 819 2587 existit,
842 2531 903 2574 noe
925 2521 1023 2575 autem
1046 2531 1103 2573 nos
1125 2511 1285 2573 seeundum
1307 2530 1378 2574 nos.

158 2612 243 2675 Unde
263 2598 511 2693 quemadmodum
534 2614 586 2675 lilii
608 2622 637 2676 et
658 2614 698 2676 dii
720 2599 863 2678 efficimur
885 2614 924 2675 ob
950 2614 1095 2686 Verbum,
1129 2613 1209 2692 quod
1237 2613 1268 2675 in
1288 2611 1382 2676 nobis,

158 2711 321 2785 babemus,
353 2715 392 2776 ita
422 2714 452 2775 in
480 2715 554 2776 Filio
583 2715 662 2777 etin
684 2716 770 2780 Patre
792 2718 903 2779 erimus
926 2733 1077 2794 unumque
1099 2714 1130 2774 in
1151 2714 1258 2776 iisdem
1281 2715 1378 2778 effecti

157 2835 228 2878 esse
252 2815 492 2898 existimabimur,
514 2825 671 2896 propterea
693 2819 772 2898 quod
795 2819 825 2879 in
847 2815 935 2878 nobis
954 2817 993 2877 sit
1007 2815 1147 2894 Spiritus,
1169 2815 1220 2895 qui
1235 2815 1265 2876 in
1279 2815 1378 2877 Verbo
1412 2805 1416 2813 ’

114 2981 120 2988 ,
158 2926 223 2993 est,
258 2919 337 2998 quod
370 2919 467 2998 ipsum
495 2916 623 2979 Verbum
651 2927 698 2980 est
726 2920 755 2980 in
784 2919 881 2979 Patre.
927 2916 1072 2989 Quocirca
1093 2935 1158 2978 cunr
1181 2915 1284 2998 aliquis
1305 2917 1378 2979 vitio
1419 2941 1422 2946 ¹

159 3017 260 3100 aliquo
282 3037 299 3080 a
321 3017 434 3098 Spiritu
456 3019 610 3092 deiecerit,
634 3019 681 3080 illa
703 3017 822 3097 quidem
845 3017 937 3096 gratia
959 3017 1036 3097 apud
1059 3036 1126 3092 eos,
1150 3017 1200 3098 qui
1221 3017 1375 3091 voluerint,

160 3119 363 3183 irrevocabilis
385 3127 555 3201 permanet,
585 3119 724 3182 simodo
746 3119 829 3200 ipsos
853 3127 1009 3199 postquam
1032 3119 1191 3182 ceciderint
1211 3121 1375 3200 poeniteam

123 3265 128 3280 .
157 3231 361 3286 verumtamen
384 3222 432 3284 ille
454 3223 504 3304 qui
527 3221 641 3290 cecidit,
665 3240 725 3282 non
748 3219 873 3300 amplius
889 3221 919 3282 in
935 3221 997 3283 Deo
1020 3231 1075 3294 est,
1099 3241 1134 3283 eo
1156 3211 1234 3302 quod
1256 3229 1375 3286 sanetus

157 3331 189 3386 et
209 3319 375 3403 paracietus
398 3325 543 3405 Spiritus,
565 3325 614 3403 qui
637 3323 667 3384 in
690 3323 750 3384 lieo
775 3333 835 3396 est,
858 3323 895 3384 ab
917 3325 982 3402 ipso
1004 3325 1172 3397 recesserit,
1194 3324 1247 3386 sed
1269 3325 1374 3388 buius-

157 3426 239 3487 modi
260 3435 398 3505 peccator
421 3426 450 3486 in
473 3425 522 3486 illo
547 3426 617 3498 erit,
647 3424 693 3486 oui
718 3443 785 3486 sese
808 3425 871 3504 ipse
901 3425 1040 3499 subierit,
1071 3427 1150 3506 quod
1172 3427 1273 3507 utique
1295 3427 1375 3490 Sacili

155 3527 265 3600 evenit,
288 3545 305 3588 a
326 3545 384 3607 quo
407 3527 544 3589 nimirum
567 3527 706 3590 discessit
726 3525 779 3589 llei
801 3527 945 3608 Spiritus,
968 3526 1111 3608 quemque
1133 3529 1228 3591 malus
1251 3529 1374 3608 spiritus

227 3745 245 3780 *
260 3749 294 3798 lta
313 3748 439 3798 commode
458 3751 579 3799 vertimus.
615 3749 714 3810 Vulgata
732 3747 817 3798 habat:
841 3749 896 3798 Sino
911 3749 1052 3812 poenitentia
1070 3750 1130 3797 enim
1147 3751 1199 3796 runt
1218 3749 1279 3798 dono
1296 3753 1317 3799 a
1334 3765 1376 3802 ao-

82 3821 84 3826 ’
158 3818 221 3868 cotio
240 3817 288 3877 bet,
309 3815 332 3864 id
350 3824 387 3864 est
405 3816 522 3865 eiusmodi
541 3823 612 3875 sunt,
631 3824 657 3865 ot
675 3815 750 3864 Deum
769 3829 817 3864 noo
835 3815 957 3878 poeniteat
975 3815 1015 3863 illa
1034 3814 1146 3876 dedisco,
1164 3828 1208 3863 otc
1226 3829 1253 3866 aa
1271 3825 1373 3876 revocet,

158 3885 225 3948 quod
244 3883 306 3933 idem
326 3883 423 3931 omniuo
442 3891 486 3931 est

158 4018 234 4084 paulo
253 3997 349 4083 postet
366 4016 522 4078 altrrllepins
541 4007 555 4074 ἢ
574 4005 620 4063 ἵνα
638 4005 652 4072 ἡ
671 4025 745 4077 γινο·
795 4013 865 4062 editis
884 4004 970 4064 discut
987 4015 1056 4064 rerba
1074 4008 1104 4064 ἐν
1119 4007 1169 4082 ‘cipi
1185 4011 1377 4087 nothampt.

155 4082 236 4153 peirn.
271 4085 297 4134 ln
317 4083 370 4134 aliis
388 4093 411 4133 et
429 4085 498 4134 editis
517 4073 616 4141 deerrr'i.
654 4081 744 4130 Ibidem
795 4081 845 4130 lior
865 4080 953 4142 ueni.
973 4081 1069 4144 Seguer.
1089 4085 1183 4136 Gobler.
1203 4087 1374 4140 ulriciani.

160 4155 234 4204 llasil.
253 4162 276 4203 et
294 4151 398 4202 Felclm.
418 4153 441 4202 5.
459 4147 599 4216 γενομένη.
794 4137 864 4197 εἶναι
885 4147 1013 4216 arrepto
1034 4151 1105 4220 besil.
1129 4155 1216 4222 buglic.
1236 4157 1292 4219 lieg.
1310 4156 1332 4207 2.
1352 4165 1382 4205 et·

197 4223 212 4270 t
231 4219 303 4270 basil.
323 4221 361 4269 ιιι
378 4228 401 4270 et
420 4235 473 4270 roox
491 4210 685 4286 ἆμεταβλιὶτως.
794 4217 898 4268 Felolrnr.
918 4218 941 4268 5.
965 4206 1034 4267 ειναι
1058 4214 1087 4268 τὸ
1105 4219 1218 4288 πνεῦμα.
1255 4223 1333 4274 Cereri
1351 4231 1375 4272 et

196 4304 218 4351 p.
237 4289 276 4339 Sic
293 4290 349 4352 Sep.
361 4288 383 4338 ι.
402 4290 499 4350 Segoer.
518 4290 614 4340 Gobter.
626 4295 650 4336 et
660 4285 744 4335 Felel-
794 4274 934 4336 orttiebus
950 4281 995 4335 arai
1010 4287 1124 4354 πνεῦμα.

161 4359 242 4436 mpnoi
262 4357 300 4437 ι..
319 4359 346 4434 t't
370 4357 409 4406 elii
434 4365 456 4407 et
480 4357 552 4436 editio
577 4354 693 4407 Commet.
712 4347 744 4401 τὸ
829 4387 845 4437 i·
865 4389 896 4438 Re
914 4423 920 4438 1
940 4389 1117 4453 Luscum
1134 4385 1261 4456 mm
1288 4391 1333 4440 Am
1351 4393 1376 4436 et

158 4438 221 4542 με.
235 4417 500 4556 ἒζέυιξιῗιιῖτὲιςιιι.
519 4491 615 4542 Gobler.
630 4497 653 4540 et
661 4469 769 4540 Falci-⁰
797 4456 854 4506 ‘dm
870 4403 953 4522 dm·

161 4561 245 4611 manni
264 4562 285 4610 ι.
304 4561 442 4623 otetlegit
460 4560 573 4610 Noouios.
608 4560 635 4608 lu
653 4557 706 4608 aliis
724 4563 749 4608 et
831 4557 854 4610 l.
873 4557 928 4619 liar.
947 4557 969 4608 ι.
988 4557 1125 4627 estnon.
1144 4545 1196 4602 tet·
1214 4547 1314 4621 ἐκεινῳ.

1121 4634 1176 4687 aa·
1205 4621 1209 4640 ⁸
