3226 5280
239 323 284 388 52
643 334 1071 380 ε.κτεειιεειιεκεειεειεευει

148 475 300 554 κεντοῦν
322 489 545 572 προειρημένα
566 485 632 550 τῶν
652 482 881 569 χριστομάχων
901 481 1086 568 χαμαίζηλοι
1108 479 1253 566 ῥημάτια
1264 481 1471 567 προαπέδεε-

239 589 294 668 ξεν
322 583 340 652 ὁ
362 585 459 672 λόγος
479 587 534 652 καί
555 583 631 652 τότε
651 583 708 651 καὶ
729 588 786 652 νῦν
808 582 920 670 πόσης
942 579 1095 668 ἀσεβείας
1118 580 1198 650 όντα
1219 581 1340 667 μεστά·
1368 581 1411 650 τὰ
1433 584 1470 650 δὲ

241 686 338 775 παρὰ
369 690 427 774 τῆς
449 685 588 752 συνόδου
611 693 778 774 γραφέντα
799 687 852 752 καί
877 681 1058 771 ὁρισθέντα
1078 679 1146 750 κατ’
1171 679 1279 750 αὐτῶν
1302 683 1358 752 έδιν
1381 683 1467 770 δρευ-

239 788 321 875 νῆση
350 811 402 865 τις
431 781 589 873 ἀκριβῶς,
620 782 749 873 εὑρήσει
777 785 913 864 πάντως
941 785 975 852 έν
1004 781 1118 864 αὐτοῖς
1145 784 1204 852 τὸν
1225 788 1283 872 τῆς
1305 780 1468 871 ἀληθείας

239 889 317 956 νοῦν
345 887 594 974 περιεχόμενον,
624 878 664 953 ἀν
694 886 840 970 μάλιστα
867 889 921 953 καί
943 886 1002 974 τῆν
1024 886 1198 975 πρόφασιν
1220 885 1470 952 τῶντοιούτων

238 987 359 1067 λέξεων
387 988 524 1072 ἔχουσαν
552 987 591 1056 τὸ
620 985 769 1074 εάλογον,
801 988 1004 1075 φιλομαθῶς
1026 987 1203 1075 ίρωτῆσας,
1227 983 1367 1074 ἀκούσῃ·
1398 987 1471 1054 ίστι

266 1088 274 1108 Ὶ
348 1085 366 1112 (Ι

259 1115 280 1155 α
323 1113 363 1156 αυ
407 1141 414 1155 .

237 1113 258 1176 y
280 1114 300 1176 Q
327 1113 404 1242 1an
420 1177 508 1262 ιΤῆς
530 1172 670 1242 συνόδου
691 1175 893 1260 βουλομένης
914 1172 974 1252 τὰς
984 1175 1044 1258 μὲν
1055 1177 1122 1240 τῶν
1130 1167 1311 1261 Ἀρειανῶν
1322 1175 1379 1258 τῆς
1391 1165 1469 1238 ἀσε-

237 1279 333 1360 βείας
360 1276 464 1355 λέξεις
492 1271 636 1356 ἀνελεῖν,
664 1275 725 1354 τὰς
752 1275 789 1342 δέ
817 1277 884 1341 τῶν
907 1277 1044 1361 γραφῶν
1068 1270 1331 1360 ὁμολογουμένας
1352 1271 1469 1359 φωνὰς

237 1375 383 1463 γράψαι,
413 1373 468 1444 ότι
493 1402 531 1446 τε
558 1375 631 1455 υἱός
653 1375 742 1443 ἐστιν
772 1371 830 1442 οῦκ
852 1375 888 1455 ίξ
909 1371 968 1442 οῦκ
990 1374 1109 1455 όντων,
1141 1371 1209 1442 ἀλλ’
1234 1375 1269 1442 ἐκ
1290 1377 1348 1440 τοῦ
1370 1377 1465 1454 θεοῦ,

238 1480 293 1544 καί
315 1477 412 1564 λόγος
434 1477 504 1546 ἐστί
526 1480 579 1545 καί
603 1483 724 1565 σοφία,
749 1471 817 1544 ἀλλ’
842 1473 881 1544 οῦ
904 1484 1024 1561 κτίσμα
1046 1471 1122 1544 οῦδὲ
1144 1483 1290 1564 ποίημα,
1320 1476 1407 1542 ’ίδισν
1430 1476 1466 1542 δὲ

239 1576 275 1645 έκ
303 1582 362 1645 τοῦ
388 1579 517 1666 πατρὸς
545 1583 700 1665 γέννημα·
731 1578 764 1646 οἱ
793 1582 871 1666 περὶ
894 1565 1055 1664 Εῦσέβιοιί
1077 1574 1145 1644 ῦπὸ
1167 1581 1224 1663 τῆς
1246 1577 1468 1662 πολυχρονίου

239 1681 434 1760 κακοδοξίας
456 1679 581 1748 ἑαυτῶν
605 1679 774 1763 ἑλκόμενοι
796 1678 972 1764 έβοόλοντυ
994 1678 1033 1746 τὸ
1056 1679 1090 1746 έκ
1111 1682 1170 1746 τοῦ
1193 1681 1277 1746 θεοῦ
1292 1676 1403 1744 κοινόν
1420 1671 1467 1744 εἶ-

238 1805 296 1848 ναι
316 1780 403 1866 πρὸς
424 1777 511 1866 ἡμᾶς
532 1782 585 1848 καί
607 1778 665 1845 τὸν
687 1783 746 1847 τοῦ
767 1784 852 1848 θεοῦ
882 1780 993 1868 λόγον,
1025 1782 1127 1868 μηδέν
1148 1806 1185 1848 τε
1207 1779 1241 1846 έν
1263 1778 1369 1864 τούτῳ
1392 1779 1467 1845 δια·
1521 1829 1525 1836 .

238 1887 352 1970 φέρειν
375 1878 467 1967 ἡμῶν
490 1878 598 1961 αῦτόν,
623 1879 738 1946 διὰτὸ
760 1881 967 1970 γεγράφθαι·
991 1877 1038 1961 είς
1060 1881 1142 1961 θεὸς
1164 1881 1200 1960 ἐξ
1214 1871 1252 1947 οὸ
1263 1880 1465 1970 τάπάντᾳ“).

237 1985 293 2050 καί
315 1981 434 2049 πάλιν·
457 1981 499 2048 τά
521 1977 641 2068 ἀρχαῖα
662 1984 846 2070 παρῆλθεν,
871 1983 944 2049 ἰδοὺ
966 1989 1077 2069 γέγονε
1098 1982 1140 2049 τὰ
1163 1982 1274 2049 πάντα
1288 1981 1400 2048 καινά·
1423 1981 1466 2047 τά

238 2083 275 2150 δὲ
305 2082 416 2150 πάντα
444 2083 478 2150 έκ
505 2087 564 2150 τοῦ
586 2086 670 2150 θεοῦ
678 2086 710 2164 ²).
756 2078 825 2150 ἀλλ’
851 2083 883 2150 ολ
913 2091 1054 2169 πατέρες
1080 2083 1312 2170 θεωρήσαντες
1335 2082 1466 2150 ἐκείνων

237 2181 295 2267 τῆν
317 2181 521 2270 πανουργίαν
542 2186 596 2251 καί
619 2183 676 2270 τῆν
699 2188 757 2272 τῆς
779 2181 933 2268 ἀσεβείας
953 2193 1178 2266 κακοτεχνίαν,
1208 2180 1465 2272 ἠναγκάσθησαν

237 2283 359 2351 λοιπὸν
380 2284 570 2371 λευκότερον
593 2286 700 2352 εἰπεῖν
721 2284 761 2350 τό
783 2285 818 2352 έκ
838 2289 897 2352 τοῦ
920 2289 1003 2352 θεοῦ
1026 2289 1079 2352 καί
1095 2286 1225 2372 γράψαι
1236 2285 1270 2352 ἐκ
1281 2289 1339 2373 τῆς
1350 2280 1467 2363 οόσίας

236 2387 296 2450 τοῦ
317 2388 402 2452 θεοῦ
425 2382 511 2454 εἶναι
531 2387 590 2453 τόν
612 2385 692 2466 υἱόν,
717 2382 802 2473 ὁπὲρ
824 2390 882 2454 τοῦ
904 2387 949 2473 μὴ
971 2386 1011 2453 τό
1034 2387 1068 2453 ἐκ
1089 2390 1148 2453 τοῦ
1170 2390 1255 2454 θεοῦ
1277 2385 1388 2453 κοινόν
1410 2389 1464 2452 καί

237 2478 313 2552 ίσον
335 2489 394 2552 τοῦ
415 2513 451 2554 τε
474 2489 547 2554 υίοῦ
568 2490 711 2560 καὶτῶν
733 2491 875 2575 γενητῶν
898 2489 1104 2572 νομίζεσθαι,
1129 2483 1213 2553 ἀλλὰ
1234 2485 1277 2553 τὰ
1297 2489 1357 2569 μὲν
1380 2484 1465 2552 ἀλλα

235 2585 348 2654 πάντα
375 2593 512 2673 κτίσμα,
541 2587 599 2655 τόν
627 2589 664 2656 δέ
693 2588 790 2674 λόγον
817 2588 919 2674 μόνον
942 2589 976 2656 έκ
998 2593 1056 2656 τοῦ
1079 2587 1207 2676 πατρὸς
1228 2586 1465 2655 πιστεύεσθαι.

233 2681 295 2774 κᾷν
317 2687 378 2774 γὰρ
401 2688 435 2756 ἐκ
456 2693 515 2756 τοῦ
538 2692 622 2780 θεοῦ
644 2688 686 2756 τὰ
708 2689 819 2756 πάντα
840 2693 1002 2778 1λέγηται,
1027 2685 1096 2757 ἀλλ’
1123 2689 1240 2769 ἀλλως,
1264 2684 1285 2777 ῆ
1308 2685 1354 2768 ιὸς
1376 2690 1467 2756 ἔστιν

211 2783 255 2854 ’ὁ
278 2785 359 2868 υἱός,
383 2789 521 2876 είρηται.
565 2788 690 2873 τὰμὲν
711 2790 773 2876 γὰρ
795 2799 973 2874 κτίσματα,
1006 2791 1062 2860 διὰ
1083 2791 1188 2879 τὸμὴ
1212 2786 1297 2858 εἶναι
1319 2791 1386 2877 είκῆ
1409 2790 1465 2857 καὶ

237 2887 271 2956 ἐκ
292 2888 510 2974 ταυτομάτου,
533 2891 617 2977 μηδὲ
638 2891 722 2959 κατὰ
743 2892 840 2979 τύχην
863 2893 947 2975 ἔχειν
969 2893 1026 2980 τὴν
1042 2899 1177 2978 γένεσιν,
1201 2892 1304 2958 ’κατὰ
1318 2891 1396 2971 τοὺς
1412 2894 1466 2958 λέ-

235 3013 355 3074 γοντας
384 2990 419 3070 ίξ
446 2986 580 3076 ἀτόμων
608 2995 800 3080 συμπλοκῆς
827 2996 881 3059 καί
912 2989 1119 3077 ὁμοιομερῶν
1127 3043 1135 3072 ,
1160 2989 1200 3078 ίῆ
1223 2991 1268 3072 ῶς
1290 3020 1377 3073 τινες
1398 2997 1466 3060 τῶν

237 3089 409 3176 αίρετικῶν
433 3090 533 3161 ἀλλον
556 3091 753 3179 δημιουργὸν
769 3095 929 3178 λέγουσιν,
953 3087 974 3177 ἢ
990 3089 1034 3171 ῶς
1049 3093 1152 3159 πάλιν
1166 3090 1263 3160 ἀλλοι
1280 3091 1347 3162 ὁπό
1365 3121 1464 3162 τινων

149 3212 227 3258 εστι.
237 3184 381 3273 ἀγγέλων
409 3193 560 3277 λέγουσιν
589 3190 675 3261 εἶναι
702 3195 760 3280 τὴν
782 3196 849 3260 τῶν
871 3192 1007 3258 πάντων
1030 3191 1206 3274 σῦστασιν,
1236 3191 1304 3262 ἀλλ’
1330 3192 1383 3262 ότι
1405 3199 1465 3262 τοῦ

235 3291 321 3354 θεοῦ
344 3287 440 3368 όντος
461 3293 503 3360 τὰ
524 3294 636 3361 πάντα
657 3288 735 3377 παρ’
760 3287 861 3360 αῦτοῦ
885 3292 941 3358 διὰ
962 3296 1021 3359 τοῦ
1044 3293 1142 3380 λόγου
1166 3290 1223 3362 σῦκ
1246 3293 1325 3364 όντα
1340 3295 1463 3379 πρότε-

235 3412 294 3474 ρον
316 3387 364 3467 είς
383 3389 423 3456 τὸ
446 3386 531 3458 εἶναι
552 3398 672 3477 γέγονε,
697 3393 754 3460 διό
774 3395 873 3458 τοῦτο
896 3393 1025 3481 εἴρηται
1045 3395 1084 3461 τὸ
1108 3395 1142 3464 ἐκ
1164 3401 1223 3464 τοῦ
1244 3400 1337 3464 θεοῦ.
1384 3391 1402 3460 ὁ
1426 3397 1462 3464 δὲ

235 3487 331 3574 λόγος
337 3539 346 3569 ,
376 3488 452 3558 έπελ
472 3490 517 3576 μῆ
538 3497 660 3576 κτίσμα
682 3493 771 3562 ἐστίν
778 3543 787 3573 ,
817 3493 946 3582 είρηται
966 3500 1019 3562 καί
1044 3497 1115 3563 ἐ’στι
1136 3498 1237 3581 μόνος
1259 3497 1293 3562 ἐκ
1313 3497 1372 3562 τοῦ
1394 3521 1463 3562 πα-

233 3588 324 3676 τρός,
347 3593 423 3676 ’τῆς
451 3593 488 3658 δέ
514 3591 670 3679 τοιαύτης
696 3595 846 3673 διανοίας
867 3595 1051 3681 γνώρισμα,
1081 3596 1120 3664 τό
1144 3593 1229 3664 εἶναι
1250 3597 1308 3661 τὸν
1330 3594 1404 3662 υίὸν
1427 3596 1463 3662 έκ

232 3692 292 3775 τῆς
320 3685 435 3769 σῦσίας
462 3695 522 3758 τοῦ
551 3692 695 3779 πατρός·
724 3689 832 3762 οῦδενί
854 3694 915 3780 γὰρ
937 3700 1003 3762 τῶν
1025 3701 1166 3785 γενητῶν
1189 3692 1330 3780 ὑπάρχει
1351 3699 1460 3762 τοῦτο.

233 3785 349 3874 ἀμέλει
363 3790 417 3858 τὰ
442 3792 555 3862 πάντα
582 3795 684 3879 λέγων
713 3790 889 3874 ὁ-Παῦλος
911 3797 946 3863 έκ
967 3801 1026 3864 τοῦ
1048 3801 1148 3878 θεοῦ,
1178 3791 1280 3876 εάθῦς
1302 3795 1463 3882 ἀπήγαγε·

231 3894 287 3958 καί
310 3886 358 3970 είς
379 3893 491 3979 κύριος
508 3889 632 3981 Ἰησοῦς
652 3896 809 3981 Χριστός,
822 3891 881 3962 δι’
906 3886 945 3964 οῦ
959 3899 1001 3965 τὰ
1016 3899 1143 3979 πάντα,
1167 3899 1223 3966 ίνα
1238 3899 1326 3986 δείξῃ
1343 3902 1460 3976 πᾶσιν,

233 3988 288 4058 ὁτι
308 3990 409 4072 ἀλλος
428 4000 488 4076 μέν
512 3995 602 4064 ἐστιν
625 3991 643 4060 ὁ
666 3997 737 4076 υίὸς
757 4000 823 4064 τῶν
846 3997 981 4066 πάντων
1002 4003 1069 4066 τῶν
1092 3999 1126 4066 έκ
1147 4002 1206 4066 τοῦ
1227 4002 1312 4064 θεοῦ
1327 4005 1461 4085 γενομέ-

232 4113 314 4158 νων·
336 4092 379 4160 τά
399 4094 461 4182 γὰρ
484 4093 519 4162 ἐκ
540 4099 599 4161 τοῦ
622 4099 707 4162 θεοῦ
728 4096 885 4182 γενόμενα
908 4099 965 4166 διὰ
986 4101 1059 4166 υἱοῦ
1081 4105 1209 4183 γέγονε·
1231 4101 1290 4184 τῆς
1312 4098 1348 4164 δέ
1365 4100 1463 4186 δημι·

303 4263 327 4324 ί)
346 4264 369 4315 1.
387 4265 444 4316 Car.
463 4265 529 4327 8,ss
600 4267 626 4326 2)
644 4267 668 4316 2.
686 4268 741 4317 Cor.
761 4269 786 4328 5,
808 4269 844 4317 Π.
862 4269 899 4320 18.

267 4395 289 4429 ε.
312 4377 405 4431 videsis
429 4383 506 4448 Epist.
530 4385 559 4433 ad
578 4385 702 4434 Africanos
728 4381 776 4448 [nr.
796 4386 819 4434 ὅ.
907 4383 929 4434 b.
949 4385 989 4434 Sic
1007 4386 1063 4446 Reg.
1092 4384 1139 4433 λΙίί
1156 4398 1210 4434 varo
1228 4393 1251 4436 εί
1269 4386 1325 4436 adili
1344 4379 1459 4450 λέγεται.

232 4445 297 4509 Opp.
316 4448 353 4496 εδ.
373 4447 430 4497 Βευ.
450 4449 476 4498 Τ.
496 4451 514 4499 Ι.
540 4451 565 4500 Ρ.
585 4447 756 4515 11.p.895.]‚
780 4452 819 4500 abi
907 4467 928 4500 υ.
948 4451 1076 4514 Epiearaa,
1095 4452 1254 4512 Anaxagoras.

231 4513 316 4562 εεδεισ
335 4515 461 4566 habeatur.
