3176 5304
675 339 851 382 anserino.
1344 323 1382 386 13

86 497 232 568 quarta,
268 487 424 570 Gregorii
447 487 534 568 nyss.
558 488 652 550 orado
684 487 877 562 catecbetica,
906 487 1034 568 deniqne
1062 507 1098 550 ex
1118 488 1243 553 loannis
1272 489 1381 552 Dama·

91 590 194 652 sceni
228 608 353 670 opere
375 589 542 668 dogmatico
565 589 671 650 selecta
694 589 790 669 capita
811 588 849 650 de
872 588 927 651 deo
951 597 982 652 et
1001 588 1073 650 lesu
1096 589 1223 652 Christo.
1267 589 1301 652 ln
1322 609 1383 670 po·

90 691 266 753 steriore
301 691 397 752 latino
420 697 579 752 ocurrrunt
600 689 786 764 Tertulliani,
810 689 957 769 Cypriani,
979 688 1136 764 Lactantii,
1159 690 1331 770 Hieronymi
1353 700 1382 752 et

89 791 308 870 Augustini
331 791 444 852 delecta
466 790 608 869 quaedam
631 789 785 870 opuscula.
830 788 960 870 Utraque
983 798 1013 852 et
1033 806 1139 869 graeca
1161 798 1191 851 et
1210 791 1315 864 latina,
1349 799 1382 854 ut

93 873 220 956 editor
253 892 301 954 in
334 889 567 972 praefationibus
595 909 679 952 more
709 908 766 954 suo
795 891 870 952 satis
903 889 1030 952 verbose
1062 889 1231 964 declararit,
1262 891 1382 952 collecta

96 1001 187 1056 sunt
217 1011 276 1055 eo
305 991 442 1064 oonsilio,
464 997 497 1052 ut
518 1009 629 1072 corpus
651 991 799 1072 quoddam
821 990 973 1054 doctrinae
995 990 1175 1054 christianae
1189 991 1234 1052 rel
1250 1009 1382 1053 summa·

97 1093 199 1157 rium
222 1093 414 1170 theologiae
428 1101 490 1153 tum
505 1109 681 1170 graecorum
696 1101 759 1154 tum
774 1092 933 1154 latinorum
948 1099 1064 1174 patrum
1081 1110 1118 1154 ex
1133 1091 1192 1154 illis
1208 1093 1382 1154 efficeretur.

101 1196 306 1258 Destinata
328 1201 426 1256 autem
448 1199 495 1254 est
515 1193 745 1256 chrestomatbia
767 1193 894 1256 maxime
916 1192 1084 1266 iuvenibus,
1106 1199 1159 1276 pai
1172 1193 1212 1255 od
1226 1193 1385 1256 historiam

64 1363 68 1368 ,
105 1299 326 1380 damtuna
348 1294 587 1358 christianornm
608 1305 689 1356 recte
711 1295 881 1358 discendam
900 1293 996 1376 poulo
1017 1293 1158 1366 ulterius,
1180 1313 1270 1376 quarn
1290 1311 1386 1376 prae-

12 1385 15 1445 l
108 1397 336 1462 lectionabua
358 1395 534 1458 audantes
555 1395 628 1476 fieri
644 1405 753 1476 potest,
775 1397 924 1476 progredi
943 1406 973 1458 et
994 1397 1075 1456 oionr
1096 1395 1135 1458 od
1152 1397 1315 1478 propriam
1327 1413 1386 1476 po·

12 1496 14 1527 ¹
108 1513 225 1564 trum
268 1496 539 1560 ecclesiasticorum
568 1495 724 1559 lectionem
752 1497 812 1558 sihi
835 1512 1027 1577 praeparare
1056 1500 1192 1577 captent.
1236 1495 1323 1558 llunc
1348 1495 1385 1558 ad

111 1618 236 1662 usum
267 1597 398 1659 delectus
421 1597 613 1678 scriptorum,
636 1615 723 1676 quem
740 1595 993 1676 tecithugostius,
1016 1596 1172 1658 maximam
1194 1605 1310 1677 partem
1333 1615 1384 1659 ac-

113 1699 361 1764 commodatus
382 1698 499 1760 videtur
521 1705 550 1759 et
570 1696 663 1770 liber,
686 1696 735 1776 qui
758 1714 818 1758 non
840 1696 960 1760 raritate
981 1715 1126 1776 magnove
1147 1699 1244 1777 pretio
1267 1698 1385 1760 studio·

117 1819 262 1866 sorum
284 1799 321 1861 de
342 1798 480 1861 manibus
503 1798 666 1872 excutitur,
689 1796 726 1860 ab
749 1797 897 1860 oblivione
919 1817 976 1880 qna
998 1798 1056 1860 iam
1079 1798 1269 1878 intercipitur
1289 1799 1386 1860 vindi-

121 1903 271 1968 candus
294 1909 377 1962 esset
398 1909 427 1960 et
449 1899 701 1960 commendandus
723 1897 799 1972 illis,
822 1899 847 1960 ei
871 1899 994 1960 liberior
1014 1917 1031 1960 a
1053 1898 1170 1960 mendis
1193 1898 1386 1980 typographi-

125 2007 187 2068 cis
218 2001 309 2084 prelo
332 2001 455 2062 exisset.
500 1999 611 2062 Eorum
634 1999 712 2060 euim
736 2007 836 2060 tantus
860 2007 907 2060 est
928 2017 1086 2072 numerus,
1108 2010 1142 2062 ut
1162 2019 1256 2080 paene
1278 2019 1387 2062 neces·

128 2105 270 2170 sarium
294 2101 334 2163 sit
356 2099 471 2180 singula
494 2101 621 2182 scripta,
645 2107 803 2179 autequam
825 2099 925 2178 legas,
947 2100 983 2162 ad
1007 2099 1185 2180 exemplaria
1207 2102 1386 2182 optirnarum

131 2205 319 2269 editionum
341 2220 559 2280 recognoscere
582 2213 611 2264 et
633 2201 807 2264 emendare:
831 2200 862 2263 id
885 2200 964 2281 quod
980 2201 1044 2280 ipse
1061 2201 1133 2262 olim
1155 2211 1291 2281 expertus
1308 2221 1385 2276 sum,

133 2325 248 2389 quum
265 2303 397 2384 Gregorii
414 2304 580 2364 orationem
596 2303 804 2364 catecheticam
820 2302 851 2363 in
870 2301 1045 2365 collectione
1059 2301 1108 2364 illa
1132 2302 1308 2383 descriptam
1331 2323 1385 2366 so-

138 2407 274 2472 dalibus
308 2405 459 2467 seminarii
491 2403 649 2484 theologici
681 2404 910 2484 proposuissem
944 2403 1156 2484 explicandam.
1198 2403 1387 2468 Promissum

141 2507 238 2570 tertii
259 2505 435 2579 voluminis,
468 2504 497 2566 in
520 2523 581 2584 quo
605 2505 685 2568 locos
709 2523 879 2568 communes
902 2523 941 2566 ea
957 2507 1103 2586 patribus
1124 2509 1279 2569 universis
1301 2505 1387 2568 exhi-

146 2609 232 2671 bere
253 2605 380 2680 volebat,
400 2605 561 2684 Augustius
584 2623 643 2666 non
666 2605 800 2668 exsolvit.
845 2605 929 2680 Quae
950 2615 1070 2686 praeter
1090 2605 1303 2684 Augustianam
1335 2623 1388 2666 er-

157 2713 245 2766 stant
265 2705 519 2766 Chrestomatbiae
541 2705 724 2782 patristicae,
753 2725 855 2767 earum
876 2707 984 2785 partim
1007 2706 1116 2768 selecta
1138 2715 1255 2785 patrum
1280 2705 1390 2784 scripta

168 2804 213 2864 rel
235 2804 328 2881 capita
350 2803 386 2864 ad
408 2803 478 2863 alias
499 2803 642 2880 quasdam
664 2803 833 2882 disciplinas
855 2806 1036 2885 theologicas
1058 2806 1250 2868 illustrandas
1272 2803 1389 2866 studio·

166 2903 210 2965 sis
240 2901 448 2982 suppeditant,
476 2899 583 2980 partim
614 2904 706 2962 laetae
728 2913 798 2962 sunt
819 2903 924 2966 usibus
951 2925 1072 2978 eorum,
1100 2904 1152 2984 qui
1176 2903 1233 2965 sibi
1257 2903 1391 2968 notitiam

162 3003 293 3084 aliquam
317 3000 464 3064 rariorum
486 3007 603 3082 patrum
626 3018 808 3080 comparare,
831 3001 890 3064 hoc
910 3013 956 3066 est
977 3016 1082 3072 eorum
1098 3002 1258 3081 ingenium,
1281 3003 1391 3066 docui·

160 3123 241 3175 nam,
265 3101 437 3182 disputandi
459 3103 617 3176 rationem,
641 3101 808 3182 scripturae
827 3120 929 3164 sacrae
945 3103 1226 3184 interpretationem,
1249 3104 1390 3185 elequen-

160 3206 231 3268 tiam
266 3221 449 3282 cognoscere
483 3203 616 3282 c'upiunt
661 3201 744 3264 lilius
776 3202 894 3282 generis
924 3211 996 3264 sunt
1028 3203 1188 3266 Hermanni
1221 3205 1387 3272 Olsbausen

160 3305 320 3370 Historiae
351 3305 572 3367 ecclesiastieae
602 3307 715 3366 veteris
744 3307 916 3384 praecipuo
948 3317 1154 3380 montaureo,
1191 3305 1238 3369 Jo.
1269 3307 1389 3387 Caspari

163 3406 254 3470 Orelli
276 3403 396 3468 Selecta
414 3415 539 3484 potrum
560 3408 661 3484 capita
680 3405 721 3467 od
742 3397 949 3490 εἶσηγητικήν
966 3423 1086 3468 sacram
1105 3411 1302 3487 pertinentia,
1325 3408 1388 3472 Lu-

163 3507 258 3568 dorici
279 3505 343 3566 Pelt
372 3517 402 3566 et
423 3504 543 3566 ilenrici
564 3504 736 3566 Rheinwald
757 3505 971 3568 Homt'liariam
989 3512 1195 3587 potn'ata'caem.
1237 3509 1280 3570 td
1313 3509 1388 3571 alte-

162 3625 228 3668 rum
251 3624 346 3684 genus
368 3608 538 3668 reseruntur
559 3605 591 3666 C.
613 3605 647 3666 F.
669 3605 807 3668 llatthaei
834 3605 938 3670 Novae
964 3626 1004 3670 ee
1030 3609 1151 3672 deonna
1175 3609 1390 3688 chrysostomo

163 3707 300 3788 Belopoe,
323 3706 446 3768 loannis
468 3725 522 3767 ran
536 3705 766 3768 Vorstdoonnie
784 3707 993 3786 chrysostomi
1012 3708 1130 3783 relecta,
1153 3708 1189 3771 ll.
1201 3710 1227 3771 J.
1239 3709 1389 3790 ltoyaards

167 3807 405 3871 Chreetmnutht'c
426 3810 603 3888 patriotica,
637 3807 712 3868 Lud.
734 3807 771 3866 de
795 3805 905 3868 Sinner
926 3807 1032 3872 Novar
1055 3828 1096 3872 se.
1116 3824 1243 3891 petram
1264 3830 1391 3891 proeae-

165 3927 236 3970 rsna
263 3907 379 3970 soeculi
404 3911 510 3988 pacati
535 3906 676 3970 delectata.
721 3905 800 3967 Sunt
825 3908 914 3969 etiam
945 3908 976 3970 in
1003 3909 1109 3988 quibem
1137 3911 1246 3974 selecta
1273 3921 1388 3991 patrum

164 4026 337 4089 graecorum
360 4007 506 4081 earmina,
536 4007 706 4079 orationes,
729 4006 871 4087 epistolae
893 4027 959 4070 oum
981 4009 1046 4072 aliis
1067 4011 1170 4092 poesis
1193 4020 1224 4073 et
1246 4013 1389 4094 eloquen-

164 4109 223 4170 tiae
245 4127 368 4188 graecae
389 4106 607 4189 exemplaribus
631 4115 863 4187 componuntur,
891 4109 970 4173 velut
990 4112 1245 4192 praestantissima
1265 4113 1389 4176 loannis

164 4211 290 4272 Paursae
309 4193 606 4292 'Epeoshorroedela
626 4201 831 4294 φιλολογική.
863 4210 932 4273 lllas
954 4220 1052 4274 autem
1075 4213 1333 4288 chrestomatbias,
1359 4215 1389 4276 in

165 4310 274 4390 quibus
301 4309 360 4372 loci
388 4310 533 4385 illustres,
566 4310 732 4372 sententiae
759 4310 959 4391 dogmaticae,
990 4315 1237 4395 apophthegmata
1268 4314 1391 4377 moralia

165 4421 362 4492 excerptaque
384 4412 420 4474 ad
441 4412 580 4492 pictatem
603 4413 793 4476 christianam
816 4413 952 4476 facientia
974 4431 1010 4474 ex
1031 4423 1147 4496 patrum
1170 4415 1289 4496 scriptis
1304 4415 1390 4477 colli·

163 4522 284 4594 guntun
306 4513 394 4576 buius
415 4513 474 4576 loci
495 4531 556 4578 non
579 4523 625 4576 est
645 4515 800 4596 attingere.
