3226 5308
578 365 686 414 enarro
702 366 746 410 ιιι.
763 365 878 410 conant
891 366 1028 410 somnos.
1345 355 1407 422 581

177 522 289 588 mortui
309 521 491 592 revixerunt,
514 525 544 580 et
564 516 644 598 quod
667 515 804 597 inprimis
827 515 937 578 mirum
960 523 1016 592 est,
1039 517 1090 596 qui
1106 527 1170 582 tum
1185 518 1308 584 aderant
1321 540 1495 586 comm

181 645 238 707 qne
260 624 344 705 prius
366 625 554 701 negaverant,
576 626 682 698 postea
703 619 750 680 bis
774 617 944 698 conspectis
967 636 1037 679 vere
1059 637 1128 681 eum
1142 619 1249 683 Filium
1264 620 1319 685 Dei
1341 643 1408 688 esse

179 736 251 790 sunt
272 724 415 788 confessi.
1300 709 1303 714 ¹
1479 715 1480 720 ’

263 830 315 892 57.
360 822 449 898 Quod
471 831 569 883 autern
592 821 628 882 ad
650 820 679 881 id
702 828 816 899 spectat
831 820 911 899 qnod
926 819 1012 882 dixit:
1036 820 1073 884 Si
1086 823 1160 904 fieri
1168 835 1279 904 potest,
1303 836 1410 890 trous·

180 943 231 994 ent
260 921 357 998 cotan,
386 924 491 986 discite
518 921 668 1002 quomodo
691 920 812 982 Petrum
845 921 948 982 eadem
977 920 1124 984 dicentem
1145 923 1192 986 bis
1213 925 1412 1006 increpaverit

178 1030 302 1094 verbis.-
318 1027 389 1090 Nou
410 1030 494 1106 sopio
515 1043 591 1106 quoe
611 1023 672 1084 Dei
692 1032 774 1092 aaut,
798 1023 850 1084 sed
871 1041 947 1102 quoe
971 1022 1134 1086 bominum.
1180 1025 1333 1105 Siquidem
1351 1027 1411 1090 boc

180 1132 281 1212 ipsum
302 1127 421 1190 volebat
441 1125 506 1198 ille,
529 1123 610 1214 quod
632 1121 847 1202 deprecabatur
868 1131 898 1184 et
919 1123 1101 1204 refugiebat,
1124 1126 1233 1207 quippe
1255 1146 1322 1189 cum
1344 1147 1410 1192 eam

182 1232 223 1294 ob
251 1249 316 1292 rem
342 1228 487 1300 venisset,
521 1243 624 1286 verum
647 1223 711 1286 eius
735 1223 855 1303 quidem
877 1231 940 1284 erat
963 1225 993 1286 id
1015 1226 1104 1300 velle,
1137 1227 1174 1289 ad
1196 1229 1276 1308 quod
1298 1229 1412 1292 scilieet

181 1333 249 1412 ipse
272 1338 404 1402 venerat,
428 1326 482 1390 sed
505 1327 601 1388 caruis
624 1332 688 1387 erat
709 1343 828 1405 pavere.
871 1325 956 1388 Unde
979 1333 1012 1388 ut
1032 1327 1124 1390 homo
1146 1329 1201 1390 bas
1223 1349 1312 1393 voees
1334 1350 1407 1411 pro-

181 1421 257 1506 tudit,
280 1433 405 1514 ipseque
427 1438 585 1506 utrumque
606 1427 689 1501 dixit,
713 1435 746 1488 ut
767 1445 801 1488 se
824 1426 999 1488 ostenderet
1022 1435 1053 1488 et
1067 1429 1160 1491 Deum
1183 1449 1253 1492 esse
1274 1432 1324 1511 qui
1345 1432 1409 1493 vel—

178 1535 229 1610 let,
253 1535 413 1596 etinctum
435 1529 586 1592 bominem
609 1546 728 1590 earnem
750 1535 906 1607 paventem
928 1527 1081 1604 babuisse,
1105 1531 1189 1594 cuius
1211 1533 1303 1611 gratia
1324 1551 1411 1595 snam

178 1635 246 1716 ipse
274 1634 455 1695 voluntatem
479 1629 629 1698 humanae
657 1628 778 1690 miscuit
798 1627 976 1702 infirmitati,
1006 1638 1038 1691 ut
1060 1649 1094 1692 ea
1116 1631 1250 1694 absumta
1271 1633 1412 1696 fidentem

179 1744 212 1796 et
233 1734 374 1796 audacem
396 1731 547 1793 bominem
570 1730 714 1792 adversus
738 1738 864 1790 mortem
888 1729 1038 1792 redderet.
1085 1731 1129 1794 En
1144 1733 1233 1812 igitur
1247 1753 1310 1796 rem
1324 1735 1411 1814 plane
1501 1765 1510 1780 =

181 1835 401 1907 admirabilem
430 1832 477 1894 ilic
500 1831 657 1905 nimirum,
686 1849 774 1910 quem
798 1829 907 1891 Christi
929 1831 1036 1894 hostes
1058 1852 1130 1914 prae
1151 1834 1308 1898 timiditate
1328 1835 1409 1914 loqui

180 1937 371 2008 arbitrantur,
393 1933 566 1997 huiusmodi
588 1933 652 2013 ipse
675 1931 831 1992 timiditate
850 1931 991 1994 homines
1006 1933 1171 2013 intrepidos
1187 1943 1218 1996 et
1232 1937 1323 1997 iortes
1339 1935 1410 1996 red-

180 2039 265 2101 didit.
309 2039 386 2100 Hino
411 2035 491 2098 beati
512 2033 649 2114 Apostoli
678 2032 761 2093 hisee
788 2041 861 2110 post
887 2051 955 2094 eum
983 2033 1105 2096 animati
1132 2034 1254 2098 vocibus
1282 2043 1412 2123 mortem

179 2149 382 2212 oontemsere,
409 2147 451 2200 'ut
478 2137 565 2199 etiam
594 2135 668 2196 nibil
696 2134 732 2196 de
754 2133 900 2195 iudicibus
924 2146 1063 2198 curarent
1084 2137 1165 2212 suis,
1197 2137 1251 2201 sed
1272 2137 1411 2200 audacter

179 2242 329 2304 dicerent:
354 2241 482 2312 obedire
504 2247 626 2320 oportet
647 2237 711 2298 Deo
734 2240 829 2314 mapis
852 2255 940 2316 quom
963 2235 1142 2299 bominibus.
1179 2237 1236 2300 dlii
1250 2238 1320 2300 item
1337 2249 1497 2300 san-rano.

120 2367 122 2370 ·
173 2343 220 2405 'cti
242 2342 385 2420 Martyres
412 2347 493 2402 taam
521 2341 604 2400 tuere
626 2336 747 2398 fidentia
770 2346 800 2397 et
821 2336 1009 2412 tortitudine,
1038 2347 1071 2399 ut
1093 2357 1127 2400 se
1148 2339 1247 2418 potine
1270 2339 1301 2400 in
1322 2339 1411 2399 vitam

180 2444 310 2523 migrare
338 2461 426 2521 quam
453 2449 580 2502 mortem
612 2438 673 2518 pati
697 2437 910 2498 existimarent.
955 2437 1061 2500 Nonne
1082 2439 1172 2518 igitur
1192 2455 1335 2518 perquam
1357 2436 1411 2499 ab·

183 2545 309 2606 sendum
331 2551 393 2615 est,
423 2559 578 2602 servorum
602 2538 689 2600 Verbi
712 2537 907 2598 constentiam
930 2539 1086 2614 admirari,
1115 2539 1172 2616 ipsi
1195 2546 1293 2601 autem
1314 2537 1412 2600 Verbo
1483 2599 1487 2614 ,

181 2639 356 2706 adscribere
382 2637 585 2710 timiditatem,
618 2657 672 2718 per
702 2637 781 2716 quod
804 2647 931 2698 mortem
952 2638 995 2699 illi
1017 2637 1239 2720 despexerunt?
1283 2637 1413 2701 Proinde
1526 2625 1537 2646 ⁸

183 2759 222 2801 ex
244 2739 351 2800 invicta
372 2747 544 2800 sanctornm
565 2739 722 2818 Martyrum
746 2739 835 2800 animi
858 2739 1058 2818 magnitudine
1081 2739 1192 2802 clarum
1208 2747 1263 2812 est,
1286 2757 1347 2800 non
1363 2737 1413 2800 di·

184 2840 337 2902 vinitatem
363 2840 459 2918 ipsam
482 2838 633 2916 timuisse,
662 2840 716 2900 sed
739 2847 871 2900 nostram
895 2838 1082 2901 timiditatem
1105 2840 1199 2902 inisse
1220 2859 1237 2901 a
1261 2837 1415 2901 salvatore

104 2965 111 2971 ·
182 2940 342 3002 sublatam.
386 2939 424 3000 Ut
454 2938 531 3000 enim
559 2947 655 3000 morte
682 2949 816 3024 mortem
841 2948 870 3000 et
891 2939 1031 3002 humenis
1055 2941 1140 3002 iactis
1162 2942 1289 3002 bumana
1312 2939 1413 3002 omnia

184 3041 310 3114 delevit,
333 3041 373 3102 ita
394 3039 443 3100 illa
466 3057 519 3100 sua
541 3039 696 3102 timiditate
718 3049 851 3122 nostram
873 3039 1038 3118 prostravit
1059 3040 1263 3113 timiditatem,
1286 3039 1414 3119 iecitque

185 3150 220 3202 ut
247 3141 384 3202 bomines
412 3147 539 3202 mortem
567 3158 628 3200 non
656 3142 783 3221 amplius
812 3139 1051 3210 reformidarent.
1105 3123 1208 3220 ltaque
1237 3139 1337 3203 omnia
1363 3139 1413 3202 illa

183 3232 276 3303 simul
298 3251 326 3303 et
347 3241 442 3304 aiebat
464 3251 495 3303 et
515 3241 670 3303 efficiebat.
715 3243 866 3304 Humanae
889 3241 969 3302 enim
991 3249 1113 3304 naturae
1135 3250 1220 3304 erant
1241 3239 1413 3303 huiusmodi

183 3361 289 3404 voees:
319 3341 468 3406 Transeat
496 3343 578 3404 codic
606 3352 636 3403 et
670 3343 707 3406 Ut
728 3346 801 3425 quid
820 3362 866 3406 mc
890 3341 1101 3424 dereliquisti?
1144 3343 1204 3405 Sed
1226 3344 1292 3424 ipse
1314 3341 1414 3403 divine

182 3443 343 3516 efficiebat,
375 3451 407 3504 ut
434 3443 489 3504 sol·
502 3443 643 3505 deiiceret
665 3453 695 3504 et
716 3444 826 3506 mortni
848 3443 1070 3506 reviviscerent.
1117 3443 1150 3505 Si
1172 3444 1243 3505 item
1264 3451 1299 3506 ut
1319 3439 1410 3504 bomo

184 3543 300 3606 aiebat:
322 3543 412 3606 Nunc
433 3548 535 3606 naimo
556 3562 623 3605 men
645 3546 771 3608 turbato
794 3557 848 3618 est,
872 3543 945 3606 dixit
967 3546 1079 3626 pariter
1099 3552 1133 3606 ut
1153 3543 1249 3607 Deus:
1272 3543 1414 3606 Potesta-

185 3656 246 3708 tem
268 3644 359 3706 babeo
386 3644 523 3723 ponendi
550 3649 682 3708 animem
709 3663 821 3721 mecm,
851 3657 1089 3738 etpotestotem
1110 3645 1203 3708 babeo
1225 3649 1338 3708 iterem
1359 3661 1415 3730 staff

185 3827 223 3875 sie
247 3827 349 3888 legitor:
372 3821 419 3874 xci
442 3821 489 3875 διὰ
512 3825 595 3876 τοῦτο
620 3813 654 3887 ἦν
677 3821 774 3883 ἐλθών,
828 3827 903 3878 Penio
927 3837 985 3893 post
1009 3829 1095 3888 [terina
1116 3827 1138 3878 1.
1156 3837 1180 3878 ct
1197 3827 1296 3890 Segner.
1314 3821 1344 3876 bt
1361 3825 1417 3882 τῶν

185 3885 241 3940 etat
263 3885 347 3942 αι’ποῦ
363 3888 416 3958 μὲν
433 3881 467 3954 ἦν
483 3889 515 3942 τὸ
535 3889 650 3958 διιλιᾷν·
669 3890 713 3943 διὸ
729 3889 777 3945 καὶ
831 3893 936 3961 φωνῶν
953 3887 1068 3943 τούτων.
1104 3943 1108 3952 ,

185 3953 224 4013 ὡς
242 3951 390 4024 ἅνθρωπος
407 3971 452 4012 etc.
861 3962 885 4010 b.
904 3962 994 4023 itaet.
1012 3961 1076 4011 atSe
1094 3974 1145 4010 ner.
1164 3950 1237 4010 nice
1254 3951 1337 4012 ἄλλοι.
1371 3959 1419 4013 dlii

222 4028 245 4077 d.
264 4028 776 4090 suescat.Sequenttottaauvetetm.
828 4035 853 4076 et
871 4027 928 4078 editi
946 4021 974 4075 oi
995 4017 1061 4076 ott
1092 4039 1126 4076 ot.
1162 4027 1213 4077 tto:
1232 4029 1325 4090 liept.
1343 4029 1417 4089 sign.

189 4094 211 4143 1.
247 4094 326 4144 Ceteri
343 4102 422 4144 antem
441 4105 465 4146 et
483 4097 539 4146 editi
557 4088 691 4160 ἐλέγοντο.
829 4093 927 4152 anler.
953 4102 976 4143 et
997 4094 1101 4144 Feiekm.
1123 4096 1143 4144 l.
1166 4088 1287 4159 νομίζειν
1311 4085 1418 4148 αὐτούς.

223 4175 245 4210 e.
262 4153 344 4208 πάλιν
367 4161 435 4213 abest
459 4179 471 4212 a
491 4163 564 4224 Regio
585 4165 608 4212 1.
626 4169 649 4210 et
667 4161 778 4222 Sequar,
828 4160 874 4210 trit
894 4167 917 4210 et
935 4153 992 4210 editi
1008 4155 1130 4226 νομίζειν
1146 4153 1265 4215 ἑαυτούς.

185 4229 228 4290 qni
254 4229 324 4278 iidern
349 4229 421 4292 panio
446 4239 502 4293 poet
526 4230 615 4280 habent
633 4221 694 4276 ttae
710 4215 780 4292 γοῦν
867 4228 881 4276 i.
908 4227 1006 4283 Gobter.
1031 4237 1055 4278 et
1072 4229 1176 4280 rotatu.
1197 4228 1219 4279 1.
1240 4231 1353 4280 omittunt
1368 4225 1420 4278 eoo

184 4291 314 4360 πρᾶγμα,
323 4295 362 4343 ubi
372 4295 413 4344 aiii
422 4303 446 4345 et
454 4297 511 4346 editi
522 4287 582 4344 idea)
590 4290 645 4362 γὰρ
654 4294 778 4364 πρᾶγμα.
830 4287 964 4346 θανᾶτου.

184 4391 187 4398 ·
223 4363 239 4410 i.
260 4361 350 4424 treqt.
370 4363 502 4424 etSeqner.
520 4358 619 4412 λαλεῖν.
644 4364 689 4414 diii
708 4365 778 4414 editi·
864 4364 887 4413 k.
905 4363 962 4424 neg.
976 4363 997 4413 1.
1016 4363 1149 4426 etSegucr.
1168 4351 1254 4418 οὕτως
1270 4359 1312 4430 τῇ.
1339 4361 1420 4413 Ceteri

187 4442 237 4490 qne
253 4423 394 4476 λαλοῦντα.
828 4429 855 4480 'et
871 4431 927 4480 editi
945 4421 1016 4478 odeo
1034 4423 1080 4478 arni
1096 4429 1138 4498 τῇ.

224 4509 246 4556 q.
265 4495 322 4555 itaq.
335 4495 355 4543 l.
375 4497 474 4558 Sequar.
497 4495 594 4546 Gobier.
606 4503 629 4545 et
639 4493 743 4546 natatu.
756 4497 777 4547 i.
865 4497 882 4546 Ι.
906 4497 946 4547 Sic
964 4499 1020 4560 neg.
1044 4499 1065 4549 l.
1084 4507 1108 4549 et
1125 4499 1225 4560 Sequor.
1267 4495 1295 4546 ln
1318 4493 1372 4545 aliis
1395 4499 1422 4544 et

185 4555 388 4616 κατεσκεύαζεν.
425 4555 778 4623 λΙίὶοῑιάῑιίκατλσκευᾶζει.
833 4564 903 4614 oditis
920 4559 969 4614 eat
985 4566 1060 4615 deest.
