3234 5282
584 397 694 442 osam
708 397 741 441 u.
756 397 871 444 conum
887 400 1022 444 amnes.
1341 385 1412 452 ³8³·

260 547 311 612 to.
355 545 457 628 itaquo
471 563 533 620 ἀ,
553 561 628 628 uuae
649 566 686 610 ex
707 555 811 611 natura
833 567 888 612 sus
910 549 1106 613 substantiam
1130 551 1241 614 babent
1262 560 1492 626 creatam,r.ua.

177 655 325 711 maturas
347 647 406 710 (liri
428 657 459 710 et
478 665 550 711 vere
571 649 676 722 meari,
700 648 773 710 satis
796 669 831 710 ex
853 651 900 712 bis
916 659 1006 730 patet,
1029 670 1104 728 quae
1118 653 1404 718 commonefacieutli

175 749 268 831 matis
289 748 454 824 mimus,
486 768 554 812 cum
575 749 706 831 alioquin
728 749 900 811 huiusmodi
924 750 1105 812 testimoniis
1128 751 1214 830 plena
1236 754 1275 816 sit
1297 754 1403 836 Scrip-

175 861 249 914 tura.
294 851 380 925 Queri
414 871 484 913 vero
518 850 583 913 sola
612 850 704 913 dictio
732 854 849 914 creauit
876 867 938 912 non
962 867 1081 930 sempor
1103 861 1237 914 naturam
1260 855 1404 934 significet

175 952 222 1012 vel
243 945 399 1032 englnem,
421 951 514 1032 liquet
535 971 570 1014 cx
591 950 712 1024 Doride,
735 951 786 1030 qui
808 949 840 1012 iu
861 949 989 1014 Psalmis
1011 951 1068 1012 ait:
1097 949 1258 1016 Scrilutur
1280 955 1350 1018 baec
1370 961 1404 1020 t'tt

172 1058 395 1134 gmeron'cnent
416 1053 562 1126 ultorum,
585 1063 615 1116 et
633 1051 784 1134 populus,
806 1055 860 1132 pei
879 1053 1048 1125 orabitur,
1071 1051 1209 1116 madebit
1231 1053 1403 1130 Dominum,

174 1162 205 1216 et
225 1172 347 1217 rursus:
383 1155 443 1218 Cor
464 1155 609 1218 modum
630 1145 702 1217 creo
723 1157 757 1216 in
777 1171 834 1225 me,
857 1153 950 1216 Deos.
993 1151 1102 1216 Paulus
1125 1153 1196 1215 item
1220 1153 1345 1234 epistolt
1366 1157 1488 1222 adron.

173 1256 320 1336 Ephesios
349 1255 466 1319 scribit:
498 1256 602 1336 begam
630 1255 845 1318 mundatorum
867 1259 900 1316 in
921 1255 1049 1318 decretis
1071 1255 1239 1336 abrogans,
1269 1265 1305 1320 ut
1326 1258 1402 1322 duct

172 1360 206 1418 ἐκ
227 1361 385 1438 semetipso
408 1361 440 1419 r'n
461 1351 555 1419 unum
577 1373 692 1419 eom
714 1355 863 1418 bominem
892 1365 1026 1426 crearet,
1061 1363 1092 1416 et
1120 1354 1243 1417 iterum:
1282 1355 1404 1422 lateus

173 1475 285 1520 nucum
306 1458 469 1530 bemineru,
491 1462 545 1540 qrn'
565 1457 729 1520 semotim
752 1456 850 1518 licum
871 1466 993 1518 creuttn
1016 1465 1062 1518 eat
1083 1461 1115 1518 ie
1136 1460 1254 1519 iustitie
1276 1468 1306 1520 et
1326 1477 1404 1522 antv-

165 1563 275 1623 ctr'tatc
296 1563 448 1624 caritatis.
491 1559 592 1638 Neque
614 1557 694 1620 enim
715 1555 808 1618 liavid
830 1555 868 1619 de
888 1554 1002 1637 populo
1024 1555 1137 1636 aliquo,
1165 1557 1214 1636 qui
1237 1560 1399 1622 seminium

171 1661 367 1724 substantiam
390 1667 551 1732 crearetur,
574 1677 745 1721 sermonem
767 1655 904 1731 habebat,
927 1675 984 1720 nec
1004 1655 1117 1730 orabat,
1140 1664 1172 1718 ut
1186 1675 1240 1720 eor
1253 1661 1401 1741 acciperet

173 1760 251 1822 aliud
273 1761 309 1822 ab
332 1781 385 1835 eo,
414 1761 494 1841 quod
521 1760 580 1821 iam
607 1759 747 1833 baberet,
780 1758 834 1820 sed
862 1775 927 1822 mm
954 1775 1030 1838 quae
1052 1757 1214 1821 seeundum
1236 1757 1330 1824 Deum
1352 1767 1401 1825 est

173 1861 394 1924 renovationem
429 1860 612 1941 significabat
639 1867 669 1921 et
696 1860 950 1922 instaurationem.
994 1859 1056 1922 Nec
1086 1860 1159 1922 item
1185 1858 1294 1924 Paulus
1323 1863 1400 1926 duos

172 1961 287 2042 aliquos
310 1961 505 2042 intelligebat,
539 1963 588 2042 quvi
616 1961 779 2024 secundm
793 1960 994 2024 substantiam
1017 1961 1047 2024 iu
1069 1959 1196 2026 Domino
1219 1973 1400 2039 crearentur,

171 2083 269 2144 napus
290 2082 347 2125 uos
369 2063 551 2138 hortabatur,
573 2071 613 2126 ut
628 2061 717 2126 alium
741 2063 887 2143 quendam
906 2063 1097 2126 indueremus
1112 2063 1274 2148 bominem,
1296 2081 1400 2128 verum

55 2167 60 2174 ’
168 2185 224 2248 per
246 2167 409 2240 bominem,
431 2165 483 2246 qui
504 2165 666 2230 secundum
688 2165 782 2227 ileum
805 2173 863 2239 est,
886 2163 975 2226 vitam
997 2163 1105 2226 virtute
1127 2129 1270 2240 orbatam,
1292 2175 1324 2232 et
1344 2184 1400 2248 per
1514 2151 1521 2168 ’

168 2285 240 2341 eos,
269 2266 371 2346 quiin
394 2267 513 2330 Christo
541 2275 694 2339 creantur,
728 2265 805 2328 duos
834 2263 980 2345 populos,
1010 2265 1060 2344 qui
1082 2264 1185 2328 inille
1208 2276 1397 2340 renovantur,

166 2367 326 2432 indicabat.
369 2367 430 2430 Nec
461 2368 498 2430 ab
530 2369 586 2430 bae
616 2365 758 2445 loquendi
787 2367 883 2426 lorma
911 2363 1038 2428 alienum
1069 2372 1116 2427 est
1137 2365 1217 2428 istud
1238 2367 1398 2430 ieremias:

167 2472 292 2535 Graaor't
313 2469 463 2534 Dominus
485 2469 615 2532 celetem
637 2484 748 2528 novum
769 2468 803 2528 in
821 2466 1057 2547 plantationem,
1080 2485 1139 2548 gua
1160 2471 1193 2529 to
1214 2467 1314 2530 talete
1335 2471 1399 2530 cir-

168 2573 293 2636 cuibunt
327 2572 478 2644 tamnen
509 2569 617 2648 quibvm
651 2565 749 2628 verbis
781 2586 841 2631 nou
872 2567 1018 2648 significat
1050 2565 1245 2630 substantiam
1273 2567 1398 2647 aliquam

169 2677 338 2742 creaturae,
377 2671 429 2732 sed
461 2669 660 2731 renovandam
692 2668 723 2730 in
754 2668 925 2732 bominibus
958 2669 1102 2742 salutem,
1139 2685 1215 2748 quae
1247 2666 1335 2728 nobis
1367 2667 1398 2728 iu

170 2767 292 2830 (bristo
315 2771 392 2830 laeta
414 2777 478 2843 est,
505 2769 658 2849 praedicit.
702 2769 774 2834 Cum
797 2770 887 2850 igitur
909 2778 1024 2832 tantum
1046 2768 1164 2830 dillcrat
1184 2785 1249 2829 rem
1270 2774 1398 2830 cresum

169 2887 254 2943 mse,
284 2879 313 2931 et
339 2869 499 2932 dictionem
530 2876 644 2934 crescit
665 2871 702 2934 (le
723 2871 823 2952 aliquo
846 2869 1050 2932 tantummodo
1073 2867 1229 2947 usurpari3
1251 2868 1277 2930 si
1299 2867 1398 2948 aliquo

168 2971 201 3030 in
233 2970 299 3032 loco
333 2969 451 3032 divinae
476 2972 644 3052 Scripturas
672 2973 832 3035 Dominum
865 2979 1030 3032 creaturam
1063 2967 1204 3047 appellari
1231 2967 1398 3047 reperistis,
1467 2979 1472 3000 ¹

169 3069 305 3134 exbibete
327 3081 357 3133 et
379 3072 558 3135 coutendite.
604 3073 657 3135 Sin
685 3092 756 3135 vero
779 3063 926 3150 nusquam
948 3069 1093 3148 scriptum
1123 3074 1187 3142 ost,
1218 3067 1300 3130 illum
1329 3085 1397 3132 csse

168 3180 348 3247 creaturam,
379 3174 433 3236 sed
455 3172 554 3236 solum
574 3175 640 3254 ipse
662 3174 700 3235 de
723 3192 757 3235 se
779 3173 811 3234 in
832 3167 1002 3232 Proverbiis
1023 3169 1077 3231 ait:
1112 3169 1259 3233 Dominus
1282 3175 1397 3235 creanti

166 3291 230 3346 σισς
263 3273 429 3337 erubescite
456 3273 557 3356 itaque
578 3293 646 3338 cum
669 3273 708 3335 eb
731 3271 901 3336 huiusmodi
924 3269 1135 3343 differentiam,
1163 3278 1224 3334 tum
1245 3271 1324 3352 (prod
1346 3271 1395 3336 illa

130 3427 136 3434 .
163 3375 392 3454 proverbiorum
425 3375 521 3438 instar
553 3375 614 3437 siut
646 3375 738 3450 dicte,
774 3391 830 3436 nec
856 3373 913 3434 iam
948 3371 1074 3451 amplius
1103 3389 1139 3434 ex
1165 3371 1223 3434 boc
1251 3373 1393 3436 vocabule

164 3480 280 3538 crescit
299 3473 459 3539 Dominum
481 3477 611 3540 creatum
635 3493 703 3538 esse
724 3474 862 3554 colligite,
886 3473 939 3535 scd
961 3473 991 3536 id
1013 3473 1051 3536 de
1066 3472 1131 3536 eius
1146 3469 1274 3536 bumana
1288 3481 1395 3536 natura

165 3574 416 3656 interpretamini,
450 3579 535 3641 cuius
566 3577 679 3640 scilieet
704 3575 859 3658 proprium
888 3583 936 3636 est
964 3575 1067 3636 creari.
1111 3573 1248 3653 Alioquin
1271 3593 1309 3636 an
1331 3591 1393 3636 nou

166 3675 353 3756 iniquissime
384 3678 487 3758 agitis,
522 3679 572 3759 qui
600 3697 667 3741 cum
695 3677 773 3740 banc
801 3675 959 3739 dictionem
988 3680 1106 3737 creauit
1133 3691 1149 3734 a
1177 3673 1287 3734 Doride
1307 3675 1393 3736 vela

165 3776 257 3840 Paulo
280 3779 419 3859 usurpari
441 3779 560 3853 auditis,
583 3797 643 3842 non
665 3785 801 3840 naturam
824 3785 854 3840 et
871 3777 1018 3856 originem
1033 3761 1208 3850 intelligitis,
1232 3773 1285 3836 sed
1300 3793 1392 3838 reuo-

164 3879 322 3954 vationem,
345 3898 411 3942 cum
433 3898 505 3941 vero
527 3878 633 3942 eodem
654 3877 798 3940 vocabulo
821 3880 937 3939 creavit
951 3881 1085 3958 utentem
1099 3872 1257 3935 Dominum
1272 3874 1392 3953 auditis,

165 3977 229 4040 eius
251 3989 386 4041 naturam
409 3981 487 4041 inter
508 3997 559 4040 res
581 3987 694 4040 mentes
717 3977 832 4040 audeus
855 3971 1074 4037 annumerare?
1096 3971 1170 4036 Cum
1191 3993 1297 4040 rursus
1319 3977 1394 4042 bace

198 4207 220 4247 a.
239 4191 279 4246 Si'e
297 4199 398 4260 Segner.
416 4197 472 4262 lieg.
487 4197 665 4248 eructatus
691 4189 754 4248 Eiitl
803 4204 881 4246 σεσσο
897 4185 1051 4262 ἄνθρωπος.
1096 4215 1105 4232 ⁴

166 4257 379 4328 συνεβούλευσεν.
837 4263 862 4314 b.
881 4263 938 4326 iteg.
952 4273 976 4314 et
994 4264 1147 4316 t'eietmanni
1163 4263 1189 4314 1.
1208 4255 1336 4324 retectae
1352 4255 1391 4316 tt

198 4333 215 4382 1.
234 4333 290 4382 tide
307 4347 383 4398 snpra
400 4347 455 4399 pag.
475 4331 531 4386 1111.
549 4347 586 4386 ur.
604 4332 628 4384 1.
647 4328 715 4399 [pag.
727 4331 754 4384 8.
802 4329 862 4382 tutu.
881 4334 981 4395 signer.
1000 4333 1098 4384 Gobter.
1116 4339 1141 4381 et
1159 4331 1288 4382 tetelml
1310 4321 1393 4392 olen

165 4396 235 4448 isias
253 4395 305 4466 ed]
610 4397 613 4406 ’
802 4391 849 4448 sai
865 4397 922 4460 tric.
959 4400 1021 4450 illiti
1039 4400 1121 4451 stetit
1139 4389 1291 4458 obsessis.

196 4481 219 4528 g.
238 4467 379 4524 Segnerivn.
402 4467 499 4518 Gobler.
518 4467 625 4519 tetstm.
645 4469 666 4519 1.
677 4476 710 4536 Ιει
726 4469 751 4519 t.
837 4469 852 4520 i.
870 4469 970 4529 Seguer.
989 4464 1135 4516 erestein.
1153 4465 1177 4515 t.
1195 4457 1298 4531 ὥρασι.

161 4527 381 4601 magnianimum
397 4525 557 4600 ἄνθρωποι,
579 4543 605 4586 nt
622 4545 646 4585 et
664 4536 751 4595 legitur
835 4536 859 4585 b.
877 4536 977 4597 Segoer.
995 4523 1040 4583 ὅτι
1054 4525 1154 4598 sciptor.

163 4601 228 4664 sputi
247 4603 380 4654 terentem.
406 4603 487 4654 Ceteri
503 4611 529 4654 et
544 4604 603 4654 cleti
619 4596 751 4670 neguiti-
837 4602 854 4652 1.
872 4602 977 4654 iste-tm.
993 4600 1020 4650 t
1036 4592 1126 4649 lurni
1140 4609 1183 4663 με.
