3162 5308
501 369 656 428 sererent
670 384 689 450 ¹.-
705 384 742 427 αα
756 383 952 430 ssetrrnumr.
1274 367 1340 432 aba

113 543 232 623 spiritu
253 538 365 604 mentio
387 537 461 600 laeta
482 535 587 622 luerit,
617 534 647 596 id
675 535 712 596 de
740 534 838 615 Quo
864 533 1084 615 ursetlintorum
1113 531 1270 614 muttum
1291 534 1424 596 m-em.

111 642 303 724 telligeretr's.
347 637 525 702 Huiusmodi
546 636 595 698 ille
617 644 673 710 est,
696 637 732 700 de
754 654 812 718 qno
834 635 1039 716 apudllsataru
1059 635 1184 714 legitur:
1204 634 1342 698 comes-

108 751 159 810 sit
188 745 282 808 brom
310 761 376 806 oum
402 740 565 821 Epirotis,
594 750 623 801 ot
651 741 807 822 obstupuit
834 743 934 807 nabes
961 741 1024 801 etus
1050 748 1080 802 et
1105 741 1207 800 animo
1232 735 1344 818 populi

109 854 199 918 eane,
229 843 471 928 quemadmodum
491 845 526 903 iro
548 841 627 904 silvo
644 841 743 931 orbor
764 858 783 902 o
803 831 924 919 spiriru
938 843 1121 905 mentimur.
1167 838 1249 900 ldem
1270 838 1342 903 item

108 949 164 1012 his
193 947 293 1008 serbis
321 943 481 1006 indicetur:
520 942 671 1004 lleeitouit
699 941 846 1006 Dominus
874 945 1017 1022 spiritum
1043 945 1076 1002 tas
1101 957 1189 1004 mare
1218 947 1340 1020 propter

109 1051 231 1112 lonem.
277 1047 402 1110 Tonitru
424 1045 569 1124 siquidem
593 1052 757 1124 sequuntur
778 1043 900 1122 spiritam
920 1051 1087 1116 seniorum,
1109 1041 1154 1104 nti
1173 1039 1295 1120 contigit
1308 1040 1339 1104 in

110 1151 228 1232 pluria,
251 1167 324 1229 quae
347 1155 448 1210 cenna
465 1146 563 1208 hobab
587 1146 701 1223 oeoidit,
723 1145 968 1224 quemadmodum
988 1144 1212 1224 scriptumest:
1234 1142 1273 1204 llt
1287 1143 1425 1222 samur.

112 1264 187 1316 otus
212 1261 257 1314 est
277 1270 370 1334 usque
392 1251 449 1314 buo
471 1259 500 1311 et
520 1269 615 1331 usque
636 1248 707 1324 bue,
739 1261 768 1312 et
799 1248 875 1312 coeli
895 1249 1050 1312 oasoaoti
1069 1257 1141 1310 suast
1161 1244 1340 1319 nubibuset

110 1373 130 1416 s
156 1359 243 1418 tritu.

128 1374 153 1436 Ρ
206 1458 235 1522 9.
280 1455 410 1528 „Verum
433 1453 500 1532 quia
525 1451 644 1526 Christi,
666 1450 812 1532 inquiunt,
834 1450 968 1514 meminit
989 1449 1149 1530 Smiptura,
1172 1448 1241 1512 bine
1260 1447 1340 1510 blut

113 1557 285 1637 „spiritus
307 1557 344 1616 de
368 1573 427 1633 quo
448 1545 497 1616 bi'n
519 1561 565 1614 est
586 1553 731 1632 quaestio,
753 1553 851 1616 nullus
866 1553 941 1616 alius
958 1551 1165 1631 intelligendus
1188 1550 1229 1614 sit
1247 1567 1337 1631 prae-

115 1668 194 1732 „ter
217 1657 358 1738 spiritum
383 1661 549 1718 sanatum.“
593 1655 674 1717 ltane
703 1673 774 1734 ergo
803 1655 944 1734 Spiritum
974 1662 1107 1718 sanetum
1134 1671 1192 1719 uua
1220 1651 1338 1732 quidem

113 1780 186 1822 oum
201 1760 322 1829 Christo
344 1756 491 1820 nominari
513 1755 704 1818 attendistis?
737 1757 773 1818 tt
794 1756 913 1820 ubinam
935 1756 1016 1818 illum
1037 1767 1141 1818 namra
1161 1752 1267 1819 alito
1289 1751 1336 1814 di-

112 1862 178 1924 vidi
211 1869 241 1922 et
277 1859 406 1939 separari
445 1857 647 1932 intellexistis,
686 1858 735 1938 qui
767 1857 919 1922 Christum
954 1857 1072 1938 qnidam
1109 1874 1174 1918 rem
1210 1861 1338 1917 maetam

115 1981 180 2024 non
218 1979 302 2036 esse,
348 1959 400 2024 setl
434 1959 577 2040 Spiritum
607 1967 743 2024 sanetum
776 1979 839 2022 rem
873 1967 1001 2025 ereahm
1039 1975 1108 2020 esse
1144 1955 1258 2032 audetis
1290 1953 1337 2020 ui-

113 2061 210 2126 eere?
250 2061 418 2127 tbsmaum
434 2079 506 2125 saue
526 2061 631 2136 luerit,
662 2081 711 2134 ea,
743 2081 817 2142 quae
831 2065 936 2129 meua
956 2059 1110 2124 dissimilia
1132 2065 1217 2134 sunt,
1249 2055 1338 2123 simu

114 2165 275 2232 nominare
311 2164 472 2244 eademqne
509 2163 604 2243 gloria
645 2164 805 2228 celebrare.
861 2165 944 2238 Quae
980 2163 1060 2226 enim
1096 2159 1262 2225 commuuio
1291 2155 1338 2220 rel

114 2285 193 2348 quae
214 2265 377 2328 similitudo
397 2251 443 2330 r‘oi
462 2274 581 2328 orestae
603 2285 668 2330 oum
690 2265 849 2330 creatora?
889 2267 1027 2328 Proiecto
1050 2264 1077 2326 si
1103 2263 1144 2328 ita
1174 2271 1236 2337 est,
1263 2259 1338 2325 nihil

112 2369 196 2432 aliud
218 2376 356 2450 superest
383 2387 469 2450 quam
499 2376 532 2432 ut
552 2368 627 2430 Filio
648 2387 716 2444 res,
745 2387 818 2448 quas
850 2368 915 2448 ipse
937 2368 1060 2442 domu,
1087 2361 1339 2436 annumerasset

116 2471 313 2550 coniungens.
359 2471 459 2551 tuque
480 2472 554 2534 satis
576 2470 694 2549 quidem
718 2489 786 2532 esse
808 2469 974 2544 ridebatur,
1002 2467 1081 2548 quod
1103 2465 1181 2546 aput
1199 2462 1336 2544 Prophe·

118 2579 180 2630 tam
203 2571 343 2651 seriptum
364 2580 422 2644 est,
443 2571 482 2634 de
504 2572 610 2652 spiritu
632 2579 797 2648 ventorum,
821 2581 853 2636 ut
871 2571 931 2634 iarn
952 2571 1062 2635 dietum
1085 2575 1142 2642 est,
1163 2565 1337 2646 intelligere.

120 2671 229 2732 Verum
258 2672 495 2761 quandoquidem
524 2677 628 2738 laetam
655 2673 764 2738 ibidem
786 2674 822 2736 de
844 2673 963 2746 Christo
988 2671 1170 2750 ,mentionem
1198 2665 1337 2748 obiieitis,

119 2779 255 2836 aemurste
276 2791 326 2836 res
348 2783 395 2836 est
414 2775 501 2838 nobis
523 2777 703 2856 explicanda,
726 2776 752 2838 si
774 2778 851 2840 torto
873 2775 943 2855 quid
964 2773 1070 2836 mebus
1088 2771 1125 2833 de
1146 2769 1196 2835 illo
1217 2765 1337 2848 spiritu,
1401 2857 1403 2864 Ι

119 2872 171 2952 qui
193 2874 284 2936 creari
313 2874 434 2950 tidem,
467 2879 624 2940 ostendere
653 2878 817 2958 possimus.
860 2876 940 2949 Qtud
967 2882 1013 2938 est
1039 2873 1128 2952 igitur
1158 2867 1339 2944 annunciare

121 2976 206 3038 inter'
218 2975 355 3040 homines
371 2974 518 3043 Christum
540 2978 615 3052 eius,
637 2998 724 3059 quam
745 2979 843 3058 ipsum
856 2975 1008 3049 hominem
1023 2961 1097 3048 lteri,
1117 2972 1256 3051 idemque
1271 2986 1339 3035 esse

119 3094 155 3138 ec
174 3075 262 3140 illud:
284 3076 358 3144 Base
379 3081 465 3156 uirgo
487 3082 520 3142 ios
540 3093 628 3144 atero
652 3080 768 3142 habebit
783 3089 812 3140 ot
828 3081 932 3158 pomer
944 3077 1052 3158 filiam,
1075 3085 1104 3138 et
1118 3075 1267 3139 uocabant
1279 3089 1338 3140 aa·

74 3245 82 3272 ⁸
119 3195 188 3242 meo
210 3179 273 3240 etus
295 3169 481 3254 homost,
504 3187 534 3242 et
555 3179 620 3254 alia,
643 3195 717 3258 quae
739 3177 776 3242 de
791 3178 856 3242 eius
870 3177 1119 3258 adsentusoripta
1142 3171 1233 3241 sueti
1265 3171 1338 3239 um

122 3277 210 3357 igitur
232 3295 267 3340 eo
288 3278 347 3342 loci
368 3279 457 3342 Verbi
478 3281 509 3344 irr
528 3297 650 3344 earnem
665 3280 813 3345 adrentus
835 3281 1048 3353 annuncietur,
1069 3277 1185 3359 qudem
1207 3283 1337 3340 ormnem

122 3379 257 3460 spiritum
277 3379 443 3460 intelligere
463 3381 607 3446 debemus
628 3389 748 3462 praeter
762 3381 918 3452 hominum
949 3381 1101 3462 spiritum,
1130 3381 1180 3460 qui
1207 3376 1338 3443 refieitur
1457 3435 1460 3448 ,

120 3489 150 3544 et
169 3489 343 3554 renovatum,
374 3483 623 3561 quemadmodum
645 3483 725 3548 Deus
751 3501 807 3564 per
827 3483 1010 3548 Ezechielem
1038 3481 1195 3566 pollicitus¹
1214 3488 1261 3546 est
1288 3477 1336 3545 di-

119 3601 204 3646 oens:
233 3581 272 3646 lit
289 3583 369 3648 dota
384 3585 475 3666 ¹nobis
499 3565 552 3651 eor
573 3605 700 3660 oenum,
730 3596 759 3650 et
779 3589 922 3668 spiritam
942 3605 1055 3657 nouum
1077 3585 1152 3650 doto
1180 3581 1279 3656 volso,
1304 3589 1338 3648 tt

155 3867 177 3918 d.
195 3869 251 3930 neg.
268 3868 290 3918 t.
310 3877 332 3918 et
350 3869 449 3932 Seguer.
467 3862 524 3920 tuot
540 3865 612 3937 περὶ,
631 3866 704 3938 φασί
754 3871 858 3922 Felelrm.
878 3873 900 3922 l.
927 3873 1017 3936 buglis.
1042 3872 1098 3933 Reg.
1117 3871 1141 3922 2.
1165 3859 1336 3925 συνδοξᾶζειὺ

121 3942 166 3986 eto.
622 3977 625 3986 .
754 3939 852 3990 addunt.
886 3939 931 4000 dlii
950 3947 972 3988 et
990 3939 1061 3988 editio
1079 3939 1196 3988 Commel.
1215 3939 1336 3986 abiiciunt.

157 4017 176 4052 e.
195 4003 261 4060 Ques
285 4010 418 4065 morentur
438 3997 494 4070 1οἢ
518 4003 593 4054 νοεῖν
610 4012 654 4054 ete
673 4005 703 4054 ud
788 4008 811 4055 b.
828 4007 887 4056 Post
910 3990 959 4053 odo
981 4007 1039 4069 Reg.
1053 4007 1075 4056 l.
1094 4015 1118 4056 at
1132 4005 1274 4072 Seguntium
1290 3997 1338 4054 sol

125 4063 154 4118 τὸ
170 4066 275 4134 πνεῦμα
292 4063 323 4116 τὸ
342 4063 422 4134 ἅγιον
440 4072 527 4120 babent
544 4073 600 4133 llos.
620 4071 642 4120 l.
660 4071 703 4137 Sep
754 4073 851 4123 addunt.
1048 4131 1051 4138 Ι

126 4151 187 4197 aner.
214 4137 309 4190 Gobler.
334 4147 357 4188 et
379 4137 483 4188 Felelm.
504 4139 526 4187 l.
544 4139 631 4188 desunt
647 4153 702 4190 reto
787 4141 804 4190 i.
832 4140 946 4202 stenes.
966 4140 988 4190 l.
1007 4150 1030 4190 et
1047 4141 1145 4205 Seguer.
1180 4144 1208 4193 tt
1226 4141 1294 4195 Gobl.
1313 4151 1338 4193 at

127 4207 148 4256 iu
165 4206 216 4255 eliis
235 4215 258 4254 et
276 4205 354 4256 editis.
754 4207 860 4260 Felelm.
876 4209 899 4258 l.
914 4207 996 4257 τοῦτο
1014 4203 1045 4259 τὸ
1064 4211 1135 4272 (torte
1152 4225 1197 4276 pro
1213 4209 1264 4276 τῷ)
1281 4202 1337 4292 φά-

158 4263 704 4337 tobinendnotwttswobitotootttegb,
754 4289 815 4324 ναι·
837 4267 896 4325 laod
915 4285 959 4327 eto.
994 4279 1115 4341 tugliesn.
1140 4273 1228 4345 τούτῳ
1246 4285 1357 4346 φαναι’
1422 4273 1424 4285 “

128 4341 220 4404 Seguer.
241 4341 311 4392 llusil.
332 4342 461 4404 etbnglie.
497 4345 525 4394 tt
547 4342 586 4392 elii
606 4349 630 4392 et
647 4343 703 4393 editi
754 4337 796 4399 τὸ,
818 4336 877 4393 ἰδού
895 4353 940 4396 eto.
975 4345 1037 4396 Edit.
1061 4347 1178 4398 Commel.
1196 4347 1292 4410 otlleg.
1311 4347 1336 4398 2.

127 4411 214 4460 boboni.
251 4409 302 4460 blox
325 4411 379 4474 lisg.
401 4409 422 4460 l.
446 4411 544 4472 Segner.
565 4410 662 4464 Guhler.
680 4419 704 4461 et
753 4404 841 4478 τούτῳ
858 4405 964 4494 φέναι·
981 4405 1043 4463 laod
1061 4423 1105 4468 eto.
1137 4416 1336 4480 Paolupustpro

128 4475 225 4546 lelclm.
247 4478 267 4526 l.
286 4468 317 4526 ab
334 4470 523 4537 κατενοήσατε,
543 4469 587 4527 ὅτι
605 4487 649 4530 ete.
753 4473 897 4547 inmutatus
920 4481 1023 4534 lelelrm.
1041 4481 1065 4534 2
1084 4491 1107 4534 et
1130 4483 1201 4534 editio
1219 4482 1337 4534 Commel.

158 4558 178 4604 g.
194 4535 273 4608 ἅγιον
291 4554 314 4596 et
331 4561 384 4596 mox
402 4541 490 4611 λέγετε
507 4548 594 4597 desunt
610 4550 634 4596 in
646 4547 701 4610 lleg.
754 4543 939 4615 δημιουργίας.

129 4609 300 4674 tetsmmr
337 4615 411 4666 Paulo
429 4624 486 4681 post
504 4615 585 4676 iidem,
605 4615 702 4671 Gobler.
787 4618 811 4670 k.
830 4617 919 4684 lieni.
939 4629 962 4670 et
979 4617 1078 4684 Seguer.
1095 4607 1112 4678 ἢ
1131 4609 1163 4666 τό
1180 4624 1224 4668 ete
1255 4607 1259 4624 ‘
