3054 5236
440 365 557 410 cessas
571 365 791 412 arocsrrsasms
805 366 894 410 uena
907 367 941 410 u.
1236 352 1298 416 905

19 521 85 582 ius
114 518 256 598 quidem
279 516 315 580 de
337 515 526 580 intellectuali
548 521 654 580 natura
676 514 881 580 testimoninm
902 514 1050 594 perbibet,
1076 515 1204 580 Ioannes
1228 529 1385 582 veronam

27 623 77 682 de
107 618 269 700 organica
292 617 429 698 corperis
452 618 639 691 ostensione,
663 627 696 680 ut
717 617 804 680 ambo
828 625 921 679 toturn
945 616 1157 680 incarnationis
1186 627 1298 699 myste-

25 723 130 784 rium
159 719 349 802 praedicent.
394 719 582 782 Manifestum
606 719 685 782 enim
708 727 769 792 est,
791 717 885 780 Deum
907 717 1059 790 Verbum,
1082 719 1132 798 qui
1154 727 1222 781 ante
1244 719 1385 782 ιιι-νου.

29 832 190 886 ventum
213 821 244 882 in
267 838 357 882 oarrm
380 819 533 891 existebat,
557 837 617 880 nnn
641 825 712 882 tunc
732 818 895 894 bominem,
917 819 969 880 sed
989 818 1086 884 Deum
1107 819 1200 882 inisse
1222 821 1301 901 apud

32 926 171 996 Deum,
198 920 378 986 invisibilem
402 929 431 982 et
451 919 674 999 impassibilem.

144 1029 187 1090 2.
231 1023 421 1103 Nequaquam
445 1021 534 1101 igitur
554 1039 611 1082 vox
628 1021 768 1084 Gbrirtus
783 1037 872 1082 carne
887 1019 1006 1082 aerinas
1019 1023 1181 1101 protertur,
1204 1040 1299 1102 quan-

34 1127 230 1207 doquidem
253 1141 363 1186 nomen
385 1124 456 1186 iliud
478 1123 578 1202 passio
601 1131 632 1184 et
652 1139 734 1184 mors
757 1129 992 1202 consequuntur,
1015 1141 1083 1186 cnm
1097 1123 1205 1185 Paulus
1224 1123 1300 1186 scri·-

38 1230 118 1290 bat:
158 1225 200 1288 Si
219 1225 373 1307 possibilis
398 1226 554 1297 Christus,
588 1228 754 1304 ciprianus
785 1242 825 1286 sor
847 1227 1076 1288 resurrectione
1095 1238 1301 1298 mortuorum,

40 1341 78 1392 et
105 1328 193 1390 aiibi
215 1327 279 1406 ipse
301 1326 394 1390 dicat:
419 1327 535 1390 Posobc
556 1335 698 1390 nostrum
718 1324 893 1388 immolatus
917 1335 964 1388 est
988 1326 1138 1403 θοποιιιο,
1161 1335 1191 1389 οι
1204 1326 1301 1390 Ηοοιο

45 1433 214 1494 Christus
238 1429 338 1500 iesus,
369 1433 421 1510 qui
448 1429 528 1492 dedit
555 1430 750 1506 semetipsum
778 1429 993 1490 redemtionem
1010 1417 1073 1510 pro
1095 1430 1191 1492 nobie.
1234 1427 1302 1490 Non

43 1533 142 1613 quod
172 1531 253 1592 Deus
276 1547 337 1590 non
359 1530 413 1603 sit,
448 1530 501 1590 sed
530 1529 609 1608 quod
638 1538 669 1590 et
696 1530 787 1590 bomo
810 1527 947 1592 Christus
971 1529 1020 1591 sit.
1065 1531 1163 1604 Quare
1185 1531 1302 1598 Mereor

47 1645 146 1704 esto,
182 1631 237 1706 ait,
266 1630 367 1694 iesum
391 1631 544 1694 Cbriatum
566 1635 779 1694 resurrexisse
802 1648 821 1692 a
848 1635 988 1702 mortuis,
1012 1645 1050 1694 en
1070 1637 1180 1694 sestius
1205 1633 1304 1696 David
1397 1695 1419 1710 ,,

49 1736 238 1798 secundum
260 1749 392 1794 corneos.
435 1731 549 1793 idcirco
571 1731 723 1811 Scriptura
751 1732 788 1794 de
815 1737 943 1811 unoque
970 1732 1092 1794 nomine
1119 1735 1301 1798 mentionem
1374 1715 1377 1722 ’

52 1838 152 1904 iacit,
185 1852 244 1912 quo
268 1832 332 1894 eius
355 1832 579 1894 subsistentiam
602 1833 745 1907 declaret,
775 1833 874 1912 ipsum
895 1821 1003 1913 nempe
1024 1833 1212 1896 invisibiliter
1232 1835 1301 1914 qui-

53 1939 132 1998 dem
161 1943 196 1996 ιιι
217 1934 309 1996 Deum
340 1933 490 1996 intellectu
517 1941 631 1996 ιοιιιοιιι
659 1932 773 2014 percipi
795 1940 826 1996 et
846 1951 947 1996 revera
971 1951 1056 2004 esse,
1091 1943 1123 1996 ut
1150 1935 1302 1998 hominem

55 2046 170 2100 autem
193 2035 348 2097 visibiliter
370 2036 520 2098 attrectari
543 2045 573 2097 et
594 2053 698 2098 revera
722 2034 867 2108 existere,
894 2053 956 2096 non
984 2034 1133 2098 divisione
1154 2055 1301 2116 perenna-

6 2213 7 2222 ,
56 2159 134 2202 rum
160 2145 213 2200 aut
234 2136 456 2216 cogitationum,
479 2137 532 2198 sed
554 2137 680 2198 naturali
702 2137 894 2216 generatione
914 2123 1301 2214 etindissoInbiii'unione,

58 2251 96 2304 ut
121 2239 192 2302 cius
213 2239 355 2320 passione
376 2239 406 2300 in
430 2240 570 2302 coniesso
594 2257 662 2300 vere
684 2238 783 2300 habita
805 2238 871 2317 ipse
891 2238 1041 2318 passibilis
1064 2248 1093 2301 et
1108 2239 1302 2318 impassibilis

58 2361 174 2404 revera
198 2359 267 2404 esse
289 2341 477 2402 concedatur.
523 2340 681 2414 Quomodo
704 2340 794 2419 igitur
811 2339 940 2402 Verbum
960 2339 1040 2402 Deus
1063 2359 1128 2402 cum
1151 2349 1235 2402 esset
1255 2343 1301 2402 ia·

61 2453 149 2506 ctum
175 2450 222 2503 est
244 2441 393 2513 Christus,
416 2442 588 2522 prinsquam
612 2443 702 2502 bomo
724 2439 833 2504 fieret?
870 2441 944 2504 Nam
966 2441 993 2502 si
1012 2441 1071 2502 boc
1084 2459 1195 2502 nomen
1213 2440 1305 2504 Obri-

6 2617 7 2624 ,
63 2557 135 2608 stus
161 2541 311 2604 Divinitati
334 2561 350 2602 a
373 2561 460 2604 carne
483 2550 637 2623 separatae
659 2542 814 2622 proprium
836 2542 891 2616 sit,
922 2559 993 2621 ergo
1014 2540 1094 2604 Patri
1118 2542 1303 2622 spirituique

6 2643 7 2650 ’
64 2651 179 2706 sancte
202 2642 429 2704 attribuendum
453 2651 517 2717 est;
543 2643 647 2722 passio
676 2661 794 2724 quoque
822 2643 989 2706 communis
1020 2643 1092 2715 erit,
1124 2650 1157 2706 ut
1184 2644 1303 2722 quidam

67 2755 208 2808 errantes
231 2743 422 2806 arbitrantur.
464 2747 508 2806 bn
531 2755 560 2808 et
587 2745 686 2825 ipsum
708 2745 893 2825 impossibiie
922 2753 952 2806 et
977 2744 1187 2823 incorporeum
1209 2746 1305 2806 Deum

66 2846 203 2908 Verbum
227 2845 315 2908 etiam
338 2853 405 2906 ante
428 2846 660 2912 incarnationem
684 2856 714 2908 et
728 2849 886 2910 humanam
902 2853 1039 2910 naturam
1053 2855 1216 2908 assumtam
1232 2864 1304 2925 pas·

70 2947 169 3011 sicma
199 2955 230 3010 et
258 2947 363 3008 mortis
392 2965 527 3026 capacem
556 2967 624 3011 esse
654 2946 782 3009 dicetis?
816 2947 861 3011 ,Αι
890 2949 941 3026 qui
969 2964 1082 3026 quaeso
1110 2947 1220 3021 Filius,
1254 2947 1304 3027 qati

6 3029 8 3046 ι
69 3050 154 3112 Patri
178 3048 438 3110 consubstantialis
468 3059 497 3111 et
518 3049 554 3110 ab
577 3069 613 3110 eo
643 3049 807 3110 secundum
836 3047 964 3110 divinam
992 3055 1128 3109 naturam
1158 3047 1304 3112 indivisus

6 3161 7 3164 ’
73 3159 131 3223 est,
155 3150 306 3229 passibilis
328 3151 457 3222 dicatur,
488 3169 555 3211 cum
579 3151 619 3211 sit
641 3148 831 3212 immutabitis
854 3158 885 3211 et
906 3148 1104 3222 invariabilis,
1126 3148 1185 3212 nisi
1207 3157 1305 3212 sumta

6 3235 8 3270 ³
72 3252 104 3312 in
128 3250 229 3330 seipso
251 3269 285 3314 er
310 3250 438 3330 Virginis
460 3263 547 3312 utero
571 3257 633 3312 tota
656 3249 801 3312 humanae
823 3259 989 3312 structurae
1022 3249 1122 3330 specie
1144 3249 1235 3312 bomo
1258 3251 1304 3312 ia-

6 3351 8 3360 ‘
74 3362 139 3415 ctus
162 3352 216 3426 sit,
251 3362 283 3416 nt
310 3362 341 3415 et
367 3352 517 3414 mutabitis
545 3353 636 3416 bomo
660 3352 795 3414 essetis
817 3350 960 3432 passione
982 3357 1013 3414 et
1035 3369 1091 3412 una
1113 3351 1304 3414 immutabilis

6 3459 8 3474 “
75 3461 157 3518 esset
176 3462 324 3534 οιιοιοιιιιο
347 3453 452 3516 Deus?
922 3473 926 3480 ¹

6 3761 7 3766 ,
109 3723 130 3758 c.
150 3707 245 3759 Gobier.
270 3707 375 3755 Feicim.
394 3707 416 3756 i.
444 3715 468 3756 et
492 3707 592 3769 Segaer.
618 3699 662 3754 διὸ
716 3704 762 3770 roi.
801 3705 862 3754 iiiiii
880 3695 910 3753 ἓν
928 3695 1012 3769 αὐτῷ.
1050 3703 1218 3765 iioxSegner.
1237 3703 1306 3752 seius

77 3765 254 3841 μνημονεύειν
273 3764 379 3830 Ἰησοῦν
404 3768 592 3838 Χριστόν...
611 3772 665 3822 Ac·
716 3775 789 3822 babet
806 3764 851 3820 tra
869 3765 915 3820 arni
932 3757 1098 3838 ἄτρεπτοςῇ
1118 3765 1148 3819 ἐν
1163 3769 1201 3835 τῷ
1211 3765 1304 3825 πάθοι,

78 3837 126 3906 flio*
139 3835 250 3904 γράφοι.
289 3834 335 3886 διὰ
353 3837 434 3884 τοῦτο
454 3847 498 3888 eto.
715 3854 761 3903 pro
780 3853 828 3902 quo
847 3839 971 3901 interpres
990 3839 1078 3900 legisse
1095 3840 1187 3887 videtur
1199 3829 1243 3884 toa
1260 3831 1307 3885 καὶ

113 3909 132 3956 ι.
150 3907 209 3954 ibim
229 3907 317 3954 babeat
336 3896 351 3963 ἢ
371 3897 527 3969 ὀνομάτων.
565 3905 664 3967 Seguer.
716 3897 840 3969 speraris,
862 3905 934 3953 babet
951 3906 1014 3954 enim
1034 3906 1198 3965 concertibiiis,
1219 3907 1305 3969 etqui-

83 3975 176 4027 Gobiar.
194 3981 217 4018 οι
229 3973 334 4020 teletam.
352 3977 372 4021 t.
392 3963 406 4029 ἢ
426 3965 581 4036 νοημάτων.
614 3973 665 4022 bins
717 3973 771 4022 dem
798 3971 893 4020 meiius.
935 3971 997 4022 Editi
1021 3961 1067 4018 ἵνα
1089 3965 1135 4018 καὶ
1159 3963 1308 4039 ἄνθρωποι·

83 4043 175 4100 Segusa
195 4029 240 4084 ἵνα
259 4031 344 4086 αὐτοῦ
363 4037 411 4086 τοῦ
428 4032 544 4092 πάθους.
574 4039 665 4090 ibidem
717 4047 762 4089 etc.
799 4037 850 4087 bios
870 4037 967 4088 Gobier.
986 4038 1092 4088 ieicirm.
1113 4039 1133 4088 t.
1160 4047 1183 4087 et
1207 4043 1307 4102 Seguer.

84 4108 175 4158 Gobier.
194 4115 218 4153 et
237 4107 340 4155 Feicism.
359 4107 379 4154 i.
405 4104 454 4154 τοῦ
477 4099 584 4159 πάθους
601 4099 666 4172 ὁμο·
717 4106 807 4156 babent
829 4099 876 4153 atui
899 4095 1039 4158 ἀθάνατος
1057 4095 1096 4152 ὢν
1112 4091 1130 4171 ᾖ
1147 4097 1219 4158 θεός.
1257 4107 1308 4158 Nes

6 4211 7 4214 ,
84 4168 251 4238 λογουμένου.
288 4171 347 4224 noir
364 4157 663 4236 orimqsribusaiamemis·
717 4175 742 4222 in
766 4181 829 4222 tants
855 4173 985 4223 lectionum
1011 4173 1123 4224 varietata
1140 4181 1243 4224 vetarem
1271 4175 1308 4223 ie-

84 4245 123 4292 ais.
158 4241 245 4288 itidem
264 4241 364 4300 Segner.
387 4249 411 4290 ct
433 4241 522 4303 synon.
541 4241 665 4292 Constant
717 4241 820 4290 ctionem
840 4242 934 4304 seurruti
959 4253 1058 4299 snmus,
1086 4241 1175 4306 quippe
1200 4250 1309 4306 quaest

83 4303 126 4356 aeui
147 4301 269 4366 sciaris
290 4302 336 4355 rai
360 4297 470 4385 ἆποθὶμ
492 4307 586 4356 νοοῖιο
605 4299 666 4368 ἄλο·
717 4323 821 4370 congrua
840 4309 947 4359 rideatur
965 4315 989 4360 ct
1005 4309 1165 4374 quorumdam
1185 4323 1243 4359 mss.
1262 4324 1307 4360 sn-

85 4373 172 4430 taruie,
191 4375 416 4439 sgraod.constant.
436 4371 552 4434 αληθῶς.
591 4377 665 4426 Panto
717 4377 827 4426 ctoritate
846 4377 963 4426 firmetur.
999 4377 1090 4426 ibidem
1101 4378 1307 4439 Segnsr.Gobier.

86 4453 137 4507 post
153 4447 248 4503 Segmr,
268 4436 335 4509 πρὶν
352 4435 367 4507 ἢ
377 4438 490 4508 γένηται
500 4435 666 4512 &riporum
717 4452 741 4494 οι
759 4445 863 4494 Faiciim.
882 4445 904 4494 l.
925 4437 973 4493 διὰ
990 4443 1072 4494 τοῦτο
1089 4440 1144 4494 καί.
1181 4445 1243 4496 stin
1261 4437 1308 4492 διὰ

88 4503 110 4559 ei
124 4505 173 4575 γὰρ
189 4503 262 4564 θεός.
716 4509 798 4558 τοῦτο
816 4503 872 4590 μὰς
889 4513 943 4560 eoi.
986 4514 1051 4564 inira
1074 4515 1174 4577 chnsr.
1197 4506 1308 4577 reapt-

119 4591 140 4638 ε.
155 4580 249 4629 Gobter.
266 4579 364 4641 Seguer.
380 4579 518 4630 elicietur.
530 4578 552 4631 t.
568 4571 666 4630 ἐνέον-
716 4591 779 4639 νος·
798 4570 873 4628 ἄλλοι.
