3226 5280
441 351 956 398 srxsromnsnxensrrsmeemtn
972 351 1092 396 arrone.
1341 339 1381 400 ⁷5

157 504 300 566 sevam
324 503 405 565 ntea
426 511 512 575 sont,
540 501 677 576 ediderit,
706 502 756 582 qni
783 502 854 564 item
875 501 973 565 Patris
1000 514 1068 564 ante
1091 501 1243 583 Synodum
1273 501 1468 568 iisdemrme

156 607 195 666 nsi
213 605 350 680 inerint3
372 604 434 684 ipsi
455 611 563 679 antem,
586 604 612 666 si
634 604 734 684 ntique
754 603 884 684 possint,
906 605 1118 684 respondeant,
1140 625 1268 684 qnonnnr
1290 607 1380 669 modo

154 706 201 768 loe
220 705 424 778 rocabrdum,
447 705 526 784 qnod
547 703 665 784 quidem
686 703 717 766 in
739 705 889 784 Scriptura
911 723 974 765 non
995 713 1109 776 exstat,
1136 707 1313 784 repererint,
1335 708 1382 768 rel

153 827 200 886 qno
222 825 328 870 sensu
350 805 444 868 Deum
468 807 666 868 non-laetum
688 805 797 868 dieent.
841 803 996 884 Siquidem
1026 804 1135 866 ιιιιιιιιιι
1157 789 1227 866 boio
1248 807 1311 866 roei
1332 807 1380 868 in-

150 927 210 972 esse
233 907 478 988 significationes
499 907 605 969 audiri.
649 907 740 970 diunt
760 906 841 967 eninr
862 907 1052 968 non-laetum
1068 905 1134 976 dici,
1158 906 1238 984 qnod
1253 907 1383 969 nondum

148 1013 251 1072 neum
278 1019 343 1081 est,
365 1017 465 1088 potest
486 1017 582 1070 tamen
604 1008 687 1081 lieri3
709 1007 791 1080 item,
814 1006 894 1086 qnod
916 1024 973 1068 nee
991 1007 1099 1081 existit,
1121 1025 1178 1070 nee
1198 1005 1264 1068 lieri
1285 1015 1385 1088 potest

33 1137 54 1199 ¹2
148 1121 175 1174 nt
195 1111 253 1174 sit:
279 1111 386 1182 tertio,
409 1109 489 1189 quod
511 1109 611 1170 existit
632 1108 763 1188 quidem,
786 1125 841 1169 nee
857 1115 956 1170 temen
971 1117 1016 1170 est
1037 1109 1155 1180 laetum,
1179 1127 1276 1188 neque
1298 1108 1384 1188 prin·

147 1215 255 1292 eipinm
280 1211 390 1274 habuit
410 1219 443 1272 nt
464 1219 553 1284 esset,
578 1210 632 1272 sed
654 1210 734 1290 quod
756 1217 909 1272 aeternnm
932 1217 961 1270 et
980 1209 1183 1289 incorruptum
1207 1217 1263 1272 est.
1307 1209 1385 1270 For-

146 1316 237 1377 tassis
261 1313 387 1394 quidem
409 1313 525 1392 priores
547 1313 621 1374 duas
643 1310 873 1390 significationes
895 1311 1069 1383 reieoerim,
1098 1310 1137 1372 ob
1159 1329 1291 1391 eaquae
1315 1311 1384 1373 inde

144 1416 332 1496 proveniunt
353 1413 490 1476 absurda.
534 1413 566 1476 Si
588 1413 668 1475 enim
690 1413 784 1492 prima
806 1411 976 1474 admittatur
998 1411 1183 1492 significatio,
1206 1420 1286 1474 certe
1307 1429 1383 1492 qnae

144 1519 201 1580 iam
227 1521 311 1580 faeta
333 1525 416 1588 snnt,
446 1523 476 1576 et
497 1534 571 1594 qnae
593 1515 658 1578 lieri
681 1514 804 1588 debent,
833 1515 1003 1576 non-laeta
1025 1519 1113 1574 erum
1133 1512 1265 1576 dicenda.
1309 1513 1382 1576 Nam
1430 1533 1437 1548 ·

144 1619 231 1697 qnod
256 1617 294 1679 ad
316 1615 475 1678 mmndam
496 1615 609 1690 attinet,
634 1635 668 1678 ea
689 1615 791 1695 ntique
812 1615 906 1694 magis
928 1615 1024 1676 adbno
1038 1615 1095 1676 erit
1108 1613 1246 1676 absurde.
1279 1613 1383 1676 Restat

146 1721 255 1801 igitur,
275 1725 311 1780 nt
330 1718 445 1780 tertiam
467 1705 678 1796 amplectantur
699 1725 786 1796 etque
808 1735 844 1778 ee
866 1734 959 1777 sensu
978 1716 1055 1778 bane
1068 1734 1172 1776 reeem
1187 1717 1382 1793 ιιοιι-[ιιιιιιιιι

146 1821 329 1899 intelligant,
374 1817 481 1878 Verum
504 1818 620 1878 etiamsi
642 1818 672 1878 id
687 1817 824 1890 dixerint,
846 1815 1039 1878 nibilominus
1061 1815 1144 1895 impii
1159 1814 1288 1876 babendi
1303 1825 1382 1878 sunt.

145 1923 179 1984 Si
205 1922 289 1983 enim
311 1918 390 1999 qnod
413 1917 527 1980 nullum
548 1918 638 1979 babet
659 1916 849 1996 principium,
882 1935 918 1978 ex
940 1935 999 1994 quo
1022 1918 1077 1989 sit,
1099 1915 1239 1995 quodque
1261 1933 1317 1976 nee
1337 1917 1382 1976 la-

146 2033 235 2086 etnm
256 2021 303 2084 rel
324 2027 464 2092 ereatnm,
487 2019 541 2082 sed
564 2025 717 2081 aeternum
740 2026 796 2090 est,
818 2016 847 2078 id
870 2017 1059 2078 non-laetum
1078 2016 1234 2095 appellent,
1257 2023 1384 2078 eonten-

147 2127 285 2204 dsntqne
306 2123 360 2186 Ilei
381 2121 508 2186 Verbum
531 2119 681 2184 eonnario
704 2137 738 2182 se
761 2118 871 2180 babere
892 2117 1004 2190 modo,
1027 2115 1074 2178 eni
1096 2135 1207 2196 quaeso
1228 2135 1290 2178 non
1310 2135 1382 2197 per·

149 2225 259 2306 spinea
283 2233 330 2286 est
351 2224 508 2306 impiorum
529 2221 662 2286 astutia?
706 2221 782 2296 Quis
804 2219 872 2298 illos
894 2219 934 2280 ita
956 2218 1138 2280 insanientes
1159 2217 1304 2296 lapidibus
1321 2236 1382 2280 non

151 2323 286 2387 obruat?
330 2325 402 2386 Cum
424 2327 503 2388 enim
523 2326 643 2405 priores
666 2341 788 2386 suarum
811 2319 976 2384 tabularum
998 2319 1135 2392 voculas,
1164 2327 1288 2400 propter
1308 2334 1468 2400 quaereas.
1578 2325 1586 2338 ·

151 2427 262 2488 merito
285 2434 356 2487 sunt
376 2427 579 2500 condemnati,
602 2426 662 2487 iam
682 2426 818 2503 prolerre
840 2422 1032 2494 embescant,
1056 2420 1176 2482 easdem
1198 2437 1304 2482 rursus
1326 2421 1383 2482 elio

154 2527 249 2588 modo
281 2526 402 2588 nomine
423 2526 599 2597 non-net,
628 2533 663 2585 ιιι
683 2525 741 2603 ipsi
761 2525 937 2604 loquuntur,
969 2521 1135 2602 excogitato
1157 2521 1292 2600 ingerere
1315 2530 1386 2584 snnt

159 2626 269 2688 eonati.
311 2625 384 2684 Nam
406 2625 433 2685 si
454 2625 547 2686 Filios
569 2625 646 2686 inter
666 2643 717 2685 res
738 2627 827 2686 laetas
849 2633 1040 2696 numeretur,
1069 2629 1148 2684 certe
1181 2623 1246 2702 ipse
1267 2641 1385 2702 qnoque

165 2741 203 2782 ex
223 2721 316 2782 nibilo
338 2730 385 2782 est
404 2725 515 2796 iaetns3
537 2725 564 2785 si
585 2723 656 2784 item
676 2723 851 2804 principium
873 2725 1018 2788 existendi
1038 2724 1137 2798 babet,
1161 2741 1233 2786 sane
1247 2742 1309 2784 non
1325 2731 1387 2784 erat

165 2827 235 2883 ante
257 2839 344 2900 qoam
365 2823 480 2900 genitus
502 2831 565 2896 est3
592 2823 718 2902 deniqne
745 2825 772 2886 si
799 2833 935 2886 aeternus
963 2843 1023 2887 non
1052 2835 1113 2900 est,
1146 2825 1203 2888 luit
1231 2823 1386 2902 aliqnando

162 2939 232 2986 enm
253 2939 314 2984 non
336 2931 428 2984 esset.

245 3025 299 3087 29.
343 3023 483 3085 Proiecto
509 3021 577 3085 illos
599 3021 638 3084 ita
660 3023 758 3086 denno
781 3024 943 3086 sentientes
963 3043 1088 3104 aequem
1110 3035 1172 3089 erat
1193 3026 1300 3088 iisdem
1323 3026 1387 3088 suis

156 3124 256 3186 verbis
284 3124 438 3204 propriam
467 3123 644 3186 sententiam
673 3125 855 3204 signifioore,
887 3142 948 3186 non
975 3133 1072 3186 ιιιιιιιι
1100 3145 1181 3190 suam
1214 3128 1386 3208 pravitatem

156 3245 230 3288 roee
251 3227 401 3288 non-laeti
424 3225 573 3306 obtegere.
620 3225 727 3288 Verum
749 3227 780 3288 id
802 3244 892 3305 agere
913 3225 1070 3288 noluerunt
1089 3231 1220 3308 perversi
1236 3229 1384 3304 bomines,

158 3325 212 3388 sed
234 3325 332 3389 onmia
355 3326 479 3390 subdole
501 3327 538 3388 ad
561 3327 727 3410 exemplum
755 3327 804 3390 soi
832 3327 924 3409 patris
955 3327 1063 3391 diabob
1090 3333 1198 3394 leoere.
1242 3332 1278 3394 Ut
1306 3331 1385 3392 enlm

157 3427 208 3490 ille
229 3428 333 3490 alienis
357 3427 478 3490 indutus
499 3429 632 3492 vestibus
656 3427 756 3494 tallere
778 3430 893 3504 nititnr,
916 3429 957 3493 ita
979 3429 1029 3494 isti
1048 3431 1222 3494 vocabulum
1237 3430 1385 3494 nominee

159 3529 376 3608 excogitavere,
405 3537 437 3591 nt
467 3530 555 3610 digne
582 3531 620 3592 de
641 3530 703 3593 lieo
724 3531 806 3612 loqui
828 3530 1001 3596 simulantes
1025 3534 1139 3597 ooenlte
1161 3533 1303 3596 adversus
1323 3531 1386 3592 llo·

150 3629 271 3693 ,minum
291 3631 460 3710 proterrent
479 3629 709 3722 blasphemiam,
742 3653 829 3715 quarn
857 3635 971 3698 soilioet
997 3655 1065 3698 enm
1093 3633 1266 3696 huiusmodi
1298 3631 1386 3694 invo-

160 3729 243 3792 lnoro
266 3729 331 3793 aliis
352 3731 517 3796 innuerent.
551 3734 658 3798 Verum
681 3753 748 3799 erim
769 3737 920 3816 eognitnm
943 3735 984 3798 sit
1003 3735 1063 3796 boe
1084 3733 1203 3794 illorum
1222 3731 1386 3805 artificium,

161 3830 231 3910 qnid
259 3830 316 3892 iam
345 3831 422 3896 alind
449 3833 507 3894 sibi
535 3836 668 3913 supersit
694 3836 906 3915 respondeant.
950 3833 1140 3902 lnvenimns,
1168 3831 1304 3910 inquinet
1328 3833 1387 3894 inr-

160 3930 258 4010 probi,
281 3932 329 4011 qni
352 3932 494 3994 nimirum
515 3941 633 4010 praeter
653 3933 771 4010 priores
794 3931 1028 4010 significationes
1050 3927 1134 3990 ainnt
1154 3929 1184 3992 id
1201 3932 1388 3994 non-laetum

161 4049 240 4104 esse,
263 4032 342 4110 qnod
363 4050 426 4094 non
447 4029 539 4092 babet
560 4030 705 4092 uisendi
728 4047 847 4091 eausam
870 4029 933 4089 sire
953 4034 1115 4102 auctorem,
1141 4029 1194 4094 sed
1215 4029 1315 4111 ipsum
1335 4049 1386 4094 re-

160 4129 223 4192 bus*
239 4131 325 4194 laetis
347 4130 493 4195 existendi
516 4149 606 4194 rausa
629 4139 683 4192 est.
725 4129 837 4210 lngrati
861 4147 933 4192 sane
954 4129 996 4192 illi
1019 4147 1146 4212 vereque
1168 4133 1387 4213 Sniptnrarnm

161 4231 304 4310 imperiti,
325 4231 375 4312 qni
396 4251 457 4295 non
480 4241 512 4294 ιιι
532 4231 626 4296 [lenm
648 4231 807 4306 honorent,
830 4233 884 4295 sed
906 4230 1057 4296 etlilium
1072 4233 1234 4316 ignominia
1249 4233 1387 4302 afficiant,
1492 4234 1496 4242 ’

16 4357 23 4390 t
159 4331 234 4392 nibil
257 4349 319 4392 non
340 4333 449 4394 laoiunt
469 4333 515 4394 rel
536 4333 645 4396 dionnt.
690 4333 832 4398 Neseinnt
846 4333 990 4410 videlieet,
1014 4336 1092 4414 quod
1112 4337 1163 4417 qni
1177 4335 1283 4398 Filium
1300 4347 1388 4410 sper-

195 4498 218 4532 t-
237 4483 300 4546 tege
319 4478 432 4533 tuerer.
493 4505 497 4510 ¹
834 4503 856 4540 e.
874 4489 916 4540 se
934 4487 993 4552 ιιος.
1028 4473 1356 4540 armitenentes·

196 4549 221 4598 d.
239 4549 295 4612 [ιιι.
314 4543 424 4599 ioeroir.
