<?xml version="1.0" encoding="UTF-8"?>
<!DOCTYPE html PUBLIC "-//W3C//DTD XHTML 1.0 Transitional//EN"
    "http://www.w3.org/TR/xhtml1/DTD/xhtml1-transitional.dtd">
<html xmlns="http://www.w3.org/1999/xhtml" xml:lang="en" lang="en">
 <head>
  <title>
</title>
<meta http-equiv="Content-Type" content="text/html;charset=utf-8" />
  <meta name='ocr-system' content='tesseract 3.04.00' />
  <meta name='ocr-capabilities' content='ocr_page ocr_carea ocr_par ocr_line ocrx_word'/>
</head>
<body>
  <div class='ocr_page' id='page_1' title='image "./sanctiathanasii00athagoog_0133.png"; bbox 0 0 3226 5280; ppageno 0'>
   <div class='ocr_carea' id='block_1_1' title="bbox 141 578 218 622">
    <p class='ocr_par' dir='ltr' id='par_1_1' title="bbox 141 578 218 622">
     <span class='ocr_line' id='line_1_1' title="bbox 141 578 218 622; baseline 0.013 -2"><span class='ocrx_word' id='word_1_1' title='bbox 141 578 218 622; x_wconf 70' lang='grc' dir='ltr'><em>Μῖθ.</em></span> 
     </span>
    </p>
   </div>
   <div class='ocr_carea' id='block_1_2' title="bbox 141 779 219 823">
    <p class='ocr_par' dir='ltr' id='par_1_2' title="bbox 141 779 219 823">
     <span class='ocr_line' id='line_1_2' title="bbox 141 779 219 823; baseline -0.038 0"><span class='ocrx_word' id='word_1_2' title='bbox 141 780 166 823; x_wconf 84' lang='grc' dir='ltr'><em>Ρ.</em></span> <span class='ocrx_word' id='word_1_3' title='bbox 172 779 219 822; x_wconf 72' lang='grc'><em>240.</em></span> 
     </span>
    </p>
   </div>
   <div class='ocr_carea' id='block_1_3' title="bbox 226 397 1060 461">
    <p class='ocr_par' dir='ltr' id='par_1_3' title="bbox 226 397 1060 461">
     <span class='ocr_line' id='line_1_3' title="bbox 226 397 1060 461; baseline -0.01 0"><span class='ocrx_word' id='word_1_4' title='bbox 226 397 268 461; x_wconf 82' lang='grc'><em>86</em></span> <span class='ocrx_word' id='word_1_5' title='bbox 625 411 650 454; x_wconf 84' lang='lat' dir='ltr'><em>s.</em></span> <span class='ocrx_word' id='word_1_6' title='bbox 666 409 823 452; x_wconf 78' lang='grc' dir='ltr'><em>ιτειιιιτιι</em></span> <span class='ocrx_word' id='word_1_7' title='bbox 837 409 1060 454; x_wconf 76' lang='grc' dir='ltr'><em>ιαειιιεειεαοει</em></span> 
     </span>
    </p>
   </div>
   <div class='ocr_carea' id='block_1_4' title="bbox 228 550 1466 4070">
    <p class='ocr_par' dir='ltr' id='par_1_4' title="bbox 228 550 1466 2968">
     <span class='ocr_line' id='line_1_4' title="bbox 292 550 1457 645; baseline 0.002 -19"><span class='ocrx_word' id='word_1_8' title='bbox 292 559 327 626; x_wconf 74' lang='grc' dir='ltr'><em>ἐκ</em></span> <span class='ocrx_word' id='word_1_9' title='bbox 354 557 481 645; x_wconf 85' lang='grc' dir='ltr'><em>φωτός,</em></span> <span class='ocrx_word' id='word_1_10' title='bbox 514 555 598 624; x_wconf 87' lang='grc' dir='ltr'><em>θεὸν</em></span> <span class='ocrx_word' id='word_1_11' title='bbox 624 550 786 644; x_wconf 87' lang='grc' dir='ltr'><em>ἀληθινόν</em></span> <span class='ocrx_word' id='word_1_12' title='bbox 809 555 843 622; x_wconf 82' lang='grc' dir='ltr'><em>έκ</em></span> <span class='ocrx_word' id='word_1_13' title='bbox 864 559 948 622; x_wconf 87' lang='grc' dir='ltr'><em>θεοῦ</em></span> <span class='ocrx_word' id='word_1_14' title='bbox 971 551 1150 642; x_wconf 98' lang='grc' dir='ltr'><em>ἀληθινοῦ,</em></span> <span class='ocrx_word' id='word_1_15' title='bbox 1173 564 1387 645; x_wconf 69' lang='grc' dir='ltr'><em>γεννηθέντα,</em></span> <span class='ocrx_word' id='word_1_16' title='bbox 1417 557 1457 628; x_wconf 90' lang='grc' dir='ltr'><em>οὐ</em></span> 
     </span>
     <span class='ocr_line' id='line_1_5' title="bbox 291 649 1458 746; baseline 0.003 -20"><span class='ocrx_word' id='word_1_17' title='bbox 291 663 495 746; x_wconf 71' lang='grc' dir='ltr'><em>ποιηθέντα,</em></span> <span class='ocrx_word' id='word_1_18' title='bbox 519 653 697 742; x_wconf 90' lang='grc' dir='ltr'><em>όμοούσιον</em></span> <span class='ocrx_word' id='word_1_19' title='bbox 718 661 765 742; x_wconf 77' lang='grc' dir='ltr'><em>τῷ</em></span> <span class='ocrx_word' id='word_1_20' title='bbox 788 663 900 740; x_wconf 89' lang='grc' dir='ltr'><em>πατρί,</em></span> <span class='ocrx_word' id='word_1_21' title='bbox 924 652 971 724; x_wconf 83' lang='grc' dir='ltr'><em>δι’</em></span> <span class='ocrx_word' id='word_1_22' title='bbox 997 649 1037 722; x_wconf 85' lang='grc' dir='ltr'><em>ού</em></span> <span class='ocrx_word' id='word_1_23' title='bbox 1057 659 1101 724; x_wconf 82' lang='grc' dir='ltr'><em>τά</em></span> <span class='ocrx_word' id='word_1_24' title='bbox 1121 659 1232 726; x_wconf 89' lang='grc' dir='ltr'><em>πάντα</em></span> <span class='ocrx_word' id='word_1_25' title='bbox 1253 659 1390 745; x_wconf 76' lang='grc' dir='ltr'><em>ἐγένετο,</em></span> <span class='ocrx_word' id='word_1_26' title='bbox 1413 661 1458 730; x_wconf 86' lang='grc' dir='ltr'><em>τά</em></span> 
     </span>
     <span class='ocr_line' id='line_1_6' title="bbox 291 753 1460 848; baseline 0.003 -23"><span class='ocrx_word' id='word_1_27' title='bbox 291 785 328 826; x_wconf 93' lang='grc' dir='ltr'><em>τε</em></span> <span class='ocrx_word' id='word_1_28' title='bbox 350 759 383 825; x_wconf 81' lang='grc' dir='ltr'><em>έν</em></span> <span class='ocrx_word' id='word_1_29' title='bbox 405 762 453 844; x_wconf 76' lang='grc' dir='ltr'><em>τῷ</em></span> <span class='ocrx_word' id='word_1_30' title='bbox 475 753 604 844; x_wconf 78' lang='grc' dir='ltr'><em>οὐρανῷ</em></span> <span class='ocrx_word' id='word_1_31' title='bbox 625 760 697 824; x_wconf 80' lang='grc' dir='ltr'><em>ιικαί</em></span> <span class='ocrx_word' id='word_1_32' title='bbox 719 756 762 822; x_wconf 86' lang='grc' dir='ltr'><em>τδι</em></span> <span class='ocrx_word' id='word_1_33' title='bbox 783 757 818 823; x_wconf 85' lang='grc' dir='ltr'><em>έν</em></span> <span class='ocrx_word' id='word_1_34' title='bbox 839 760 879 844; x_wconf 81' lang='grc' dir='ltr'><em>τῇ</em></span> <span class='ocrx_word' id='word_1_35' title='bbox 901 761 950 844; x_wconf 72' lang='grc' dir='ltr'><em>γῇ,</em></span> <span class='ocrx_word' id='word_1_36' title='bbox 974 757 1032 824; x_wconf 88' lang='grc' dir='ltr'><em>τόν</em></span> <span class='ocrx_word' id='word_1_37' title='bbox 1054 754 1102 824; x_wconf 80' lang='grc' dir='ltr'><em>δι’</em></span> <span class='ocrx_word' id='word_1_38' title='bbox 1126 756 1212 846; x_wconf 80' lang='grc' dir='ltr'><em>ἡμᾶς</em></span> <span class='ocrx_word' id='word_1_39' title='bbox 1228 760 1306 840; x_wconf 85' lang='grc' dir='ltr'><em>τούς</em></span> <span class='ocrx_word' id='word_1_40' title='bbox 1321 757 1460 848; x_wconf 86' lang='grc' dir='ltr'><em>ἀνθρώ-</em></span> 
     </span>
     <span class='ocr_line' id='line_1_7' title="bbox 291 854 1466 949; baseline 0.004 -24"><span class='ocrx_word' id='word_1_41' title='bbox 291 883 378 938; x_wconf 88' lang='grc' dir='ltr'><em>πους</em></span> <span class='ocrx_word' id='word_1_42' title='bbox 404 861 458 925; x_wconf 83' lang='grc' dir='ltr'><em>καί</em></span> <span class='ocrx_word' id='word_1_43' title='bbox 490 859 546 924; x_wconf 84' lang='grc' dir='ltr'><em>διὰ</em></span> <span class='ocrx_word' id='word_1_44' title='bbox 574 858 632 944; x_wconf 82' lang='grc' dir='ltr'><em>τὴν</em></span> <span class='ocrx_word' id='word_1_45' title='bbox 653 854 813 946; x_wconf 78' lang='grc' dir='ltr'><em>ἡμετέραν</em></span> <span class='ocrx_word' id='word_1_46' title='bbox 835 865 1001 944; x_wconf 85' lang='grc' dir='ltr'><em>σωτηρίαν</em></span> <span class='ocrx_word' id='word_1_47' title='bbox 1022 860 1228 927; x_wconf 73' lang='grc' dir='ltr'><em>κατελθόντα</em></span> <span class='ocrx_word' id='word_1_48' title='bbox 1248 865 1302 928; x_wconf 82' lang='grc' dir='ltr'><em>καί</em></span> <span class='ocrx_word' id='word_1_49' title='bbox 1326 884 1466 949; x_wconf 83' lang='grc' dir='ltr'><em>σαρκω-·</em></span> 
     </span>
     <span class='ocr_line' id='line_1_8' title="bbox 291 956 1457 1052; baseline 0.003 -26"><span class='ocrx_word' id='word_1_50' title='bbox 291 966 412 1039; x_wconf 81' lang='grc' dir='ltr'><em>θέντα,</em></span> <span class='ocrx_word' id='word_1_51' title='bbox 436 959 777 1046; x_wconf 80' lang='grc' dir='ltr'><em>ι’ένανθρωπήσαντα,</em></span> <span class='ocrx_word' id='word_1_52' title='bbox 807 959 982 1039; x_wconf 81' lang='grc' dir='ltr'><em>παθόντα,</em></span> <span class='ocrx_word' id='word_1_53' title='bbox 1012 963 1066 1027; x_wconf 83' lang='grc' dir='ltr'><em>καὶ</em></span> <span class='ocrx_word' id='word_1_54' title='bbox 1089 956 1277 1029; x_wconf 82' lang='grc' dir='ltr'><em>ἀναστάντα</em></span> <span class='ocrx_word' id='word_1_55' title='bbox 1299 967 1339 1050; x_wconf 82' lang='grc' dir='ltr'><em>τῇ</em></span> <span class='ocrx_word' id='word_1_56' title='bbox 1360 961 1457 1052; x_wconf 81' lang='grc' dir='ltr'><em>τρίτῃ</em></span> 
     </span>
     <span class='ocr_line' id='line_1_9' title="bbox 291 1054 1459 1149; baseline 0.004 -23"><span class='ocrx_word' id='word_1_57' title='bbox 291 1057 415 1149; x_wconf 78' lang='grc' dir='ltr'><em>ἡμέρᾳ,</em></span> <span class='ocrx_word' id='word_1_58' title='bbox 442 1055 627 1127; x_wconf 83' lang='grc' dir='ltr'><em>ἀνελθόντα</em></span> <span class='ocrx_word' id='word_1_59' title='bbox 655 1059 704 1137; x_wconf 87' lang='grc' dir='ltr'><em>είς</em></span> <span class='ocrx_word' id='word_1_60' title='bbox 725 1054 898 1144; x_wconf 90' lang='grc' dir='ltr'><em>οὐρανούς,</em></span> <span class='ocrx_word' id='word_1_61' title='bbox 927 1063 980 1127; x_wconf 83' lang='grc' dir='ltr'><em>καὶ</em></span> <span class='ocrx_word' id='word_1_62' title='bbox 1003 1060 1176 1146; x_wconf 74' lang='grc' dir='ltr'><em>ἐρχόμενον</em></span> <span class='ocrx_word' id='word_1_63' title='bbox 1198 1074 1308 1149; x_wconf 77' lang='grc' dir='ltr'><em>κρῖναι</em></span> <span class='ocrx_word' id='word_1_64' title='bbox 1331 1066 1459 1146; x_wconf 89' lang='grc' dir='ltr'><em>ζιῦντας</em></span> 
     </span>
     <span class='ocr_line' id='line_1_10' title="bbox 291 1156 1456 1252; baseline 0.004 -25"><span class='ocrx_word' id='word_1_65' title='bbox 291 1164 346 1228; x_wconf 81' lang='grc' dir='ltr'><em>καὶ</em></span> <span class='ocrx_word' id='word_1_66' title='bbox 369 1160 507 1247; x_wconf 86' lang='grc' dir='ltr'><em>νεκρούς.</em></span> <span class='ocrx_word' id='word_1_67' title='bbox 546 1164 599 1229; x_wconf 84' lang='grc' dir='ltr'><em>καὶ</em></span> <span class='ocrx_word' id='word_1_68' title='bbox 623 1159 670 1238; x_wconf 87' lang='grc' dir='ltr'><em>είς</em></span> <span class='ocrx_word' id='word_1_69' title='bbox 691 1159 747 1225; x_wconf 68' lang='lat' dir='ltr'><em>‘cb</em></span> <span class='ocrx_word' id='word_1_70' title='bbox 770 1156 863 1244; x_wconf 78' lang='grc' dir='ltr'><em>ἅγιον</em></span> <span class='ocrx_word' id='word_1_71' title='bbox 886 1166 1024 1244; x_wconf 90' lang='grc' dir='ltr'><em>πνεῦμα.</em></span> <span class='ocrx_word' id='word_1_72' title='bbox 1061 1163 1139 1240; x_wconf 88' lang='grc' dir='ltr'><em>τοῦς</em></span> <span class='ocrx_word' id='word_1_73' title='bbox 1162 1163 1198 1230; x_wconf 84' lang='grc' dir='ltr'><em>δὲ</em></span> <span class='ocrx_word' id='word_1_74' title='bbox 1221 1167 1392 1250; x_wconf 86' lang='grc' dir='ltr'><em>λέγοντας·</em></span> <span class='ocrx_word' id='word_1_75' title='bbox 1416 1156 1456 1252; x_wconf 78' lang='grc' dir='ltr'><em>ἦν</em></span> 
     </span>
     <span class='ocr_line' id='line_1_11' title="bbox 292 1252 1457 1354; baseline 0.004 -26"><span class='ocrx_word' id='word_1_76' title='bbox 292 1287 377 1329; x_wconf 90' lang='grc' dir='ltr'><em>ποτε</em></span> <span class='ocrx_word' id='word_1_77' title='bbox 399 1259 454 1328; x_wconf 82' lang='grc' dir='ltr'><em>ὅτε</em></span> <span class='ocrx_word' id='word_1_78' title='bbox 476 1257 534 1328; x_wconf 92' lang='grc' dir='ltr'><em>οὐκ</em></span> <span class='ocrx_word' id='word_1_79' title='bbox 555 1252 603 1348; x_wconf 79' lang='grc' dir='ltr'><em>ἧν,</em></span> <span class='ocrx_word' id='word_1_80' title='bbox 627 1268 698 1328; x_wconf 91' lang='grc' dir='ltr'><em>καί·</em></span> <span class='ocrx_word' id='word_1_81' title='bbox 721 1264 801 1345; x_wconf 83' lang='grc' dir='ltr'><em>πρὶν</em></span> <span class='ocrx_word' id='word_1_82' title='bbox 823 1266 1022 1350; x_wconf 76' lang='grc' dir='ltr'><em>γεννηθῆναι</em></span> <span class='ocrx_word' id='word_1_83' title='bbox 1044 1258 1101 1330; x_wconf 88' lang='grc' dir='ltr'><em>οὐκ</em></span> <span class='ocrx_word' id='word_1_84' title='bbox 1115 1254 1164 1352; x_wconf 76' lang='grc' dir='ltr'><em>ἦν,</em></span> <span class='ocrx_word' id='word_1_85' title='bbox 1186 1264 1243 1332; x_wconf 82' lang='grc' dir='ltr'><em>καὶ</em></span> <span class='ocrx_word' id='word_1_86' title='bbox 1267 1263 1320 1332; x_wconf 81' lang='grc' dir='ltr'><em>ὅτι</em></span> <span class='ocrx_word' id='word_1_87' title='bbox 1341 1266 1377 1346; x_wconf 81' lang='grc' dir='ltr'><em>ἐξ</em></span> <span class='ocrx_word' id='word_1_88' title='bbox 1397 1263 1457 1354; x_wconf 82' lang='grc' dir='ltr'><em>οὐκ</em></span> 
     </span>
     <span class='ocr_line' id='line_1_12' title="bbox 292 1358 1460 1454; baseline 0.003 -25"><span class='ocrx_word' id='word_1_89' title='bbox 292 1361 396 1430; x_wconf 88' lang='grc' dir='ltr'><em>όντων</em></span> <span class='ocrx_word' id='word_1_90' title='bbox 429 1363 569 1449; x_wconf 76' lang='grc' dir='ltr'><em>ἐγένετο,</em></span> <span class='ocrx_word' id='word_1_91' title='bbox 602 1358 624 1448; x_wconf 82' lang='grc' dir='ltr'><em>ἢ</em></span> <span class='ocrx_word' id='word_1_92' title='bbox 651 1363 687 1442; x_wconf 85' lang='grc' dir='ltr'><em>έξ</em></span> <span class='ocrx_word' id='word_1_93' title='bbox 715 1363 827 1448; x_wconf 71' lang='grc' dir='ltr'><em>ἑτέρας</em></span> <span class='ocrx_word' id='word_1_94' title='bbox 848 1359 1064 1443; x_wconf 77' lang='grc' dir='ltr'><em>ὑποστάσεως</em></span> <span class='ocrx_word' id='word_1_95' title='bbox 1085 1359 1106 1452; x_wconf 80' lang='grc' dir='ltr'><em>ἢ</em></span> <span class='ocrx_word' id='word_1_96' title='bbox 1128 1360 1243 1444; x_wconf 79' lang='grc' dir='ltr'><em>οὐσίας</em></span> <span class='ocrx_word' id='word_1_97' title='bbox 1267 1366 1460 1454; x_wconf 80' lang='grc' dir='ltr'><em>φάσκοντας</em></span> 
     </span>
     <span class='ocr_line' id='line_1_13' title="bbox 293 1457 1454 1552; baseline 0.001 -20"><span class='ocrx_word' id='word_1_98' title='bbox 293 1460 378 1532; x_wconf 81' lang='grc' dir='ltr'><em>εἶναι</em></span> <span class='ocrx_word' id='word_1_99' title='bbox 409 1459 430 1551; x_wconf 81' lang='grc' dir='ltr'><em>ἢ</em></span> <span class='ocrx_word' id='word_1_100' title='bbox 461 1463 593 1531; x_wconf 81' lang='grc' dir='ltr'><em>κτιστύν</em></span> <span class='ocrx_word' id='word_1_101' title='bbox 621 1457 805 1550; x_wconf 83' lang='grc' dir='ltr'><em>ἢτρεπτδν</em></span> <span class='ocrx_word' id='word_1_102' title='bbox 834 1458 1059 1552; x_wconf 82' lang='grc' dir='ltr'><em>ἢάλλοιωτόν</em></span> <span class='ocrx_word' id='word_1_103' title='bbox 1089 1465 1146 1530; x_wconf 90' lang='grc' dir='ltr'><em>τὸν</em></span> <span class='ocrx_word' id='word_1_104' title='bbox 1175 1465 1247 1532; x_wconf 75' lang='grc' dir='ltr'><em>υἱόν</em></span> <span class='ocrx_word' id='word_1_105' title='bbox 1275 1471 1334 1533; x_wconf 92' lang='grc' dir='ltr'><em>τοῦ</em></span> <span class='ocrx_word' id='word_1_106' title='bbox 1357 1472 1454 1548; x_wconf 83' lang='grc' dir='ltr'><em>θεοῦ,</em></span> 
     </span>
     <span class='ocr_line' id='line_1_14' title="bbox 291 1561 958 1654; baseline -0.003 -22"><span class='ocrx_word' id='word_1_107' title='bbox 291 1561 550 1654; x_wconf 53' lang='grc' dir='ltr'><em>ίάναθεματίζει</em></span> <span class='ocrx_word' id='word_1_108' title='bbox 571 1561 590 1652; x_wconf 79' lang='grc' dir='ltr'>ἡ</span> <span class='ocrx_word' id='word_1_109' title='bbox 612 1564 775 1654; x_wconf 80' lang='grc' dir='ltr'><em>καθολικὴ</em></span> <span class='ocrx_word' id='word_1_110' title='bbox 798 1564 958 1647; x_wconf 76' lang='grc' dir='ltr'><em>ἐκκλησία.</em></span> 
     </span>
     <span class='ocr_line' id='line_1_15' title="bbox 231 1660 1453 1758; baseline 0.002 -24"><span class='ocrx_word' id='word_1_111' title='bbox 231 1753 237 1758; x_wconf 30' lang='lat'>¹</span> <span class='ocrx_word' id='word_1_112' title='bbox 315 1675 344 1734; x_wconf 88' lang='lat'><em>5.</em></span> <span class='ocrx_word' id='word_1_113' title='bbox 389 1669 457 1734; x_wconf 80' lang='grc' dir='ltr'><em>Καὶ</em></span> <span class='ocrx_word' id='word_1_114' title='bbox 486 1665 525 1752; x_wconf 87' lang='grc' dir='ltr'><em>δὴ</em></span> <span class='ocrx_word' id='word_1_115' title='bbox 553 1665 673 1753; x_wconf 84' lang='grc' dir='ltr'><em>ταύτης</em></span> <span class='ocrx_word' id='word_1_116' title='bbox 701 1669 759 1754; x_wconf 78' lang='grc' dir='ltr'><em>τῆς</em></span> <span class='ocrx_word' id='word_1_117' title='bbox 782 1669 915 1754; x_wconf 79' lang='grc' dir='ltr'><em>’γραφῆς</em></span> <span class='ocrx_word' id='word_1_118' title='bbox 943 1661 999 1731; x_wconf 77' lang='grc' dir='ltr'><em>ὐπ’</em></span> <span class='ocrx_word' id='word_1_119' title='bbox 1024 1660 1132 1734; x_wconf 85' lang='grc' dir='ltr'><em>αὐτῶν</em></span> <span class='ocrx_word' id='word_1_120' title='bbox 1155 1663 1453 1757; x_wconf 83' lang='grc' dir='ltr'><em>ῦπαγορεοθείσης,</em></span> 
     </span>
     <span class='ocr_line' id='line_1_16' title="bbox 230 1762 1455 1856; baseline 0.001 -20"><span class='ocrx_word' id='word_1_121' title='bbox 230 1765 325 1848; x_wconf 79' lang='grc' dir='ltr'><em>ὅπως</em></span> <span class='ocrx_word' id='word_1_122' title='bbox 356 1768 483 1856; x_wconf 86' lang='grc' dir='ltr'><em>είρηται</em></span> <span class='ocrx_word' id='word_1_123' title='bbox 504 1763 637 1844; x_wconf 68' lang='grc' dir='ltr'><em>ἀὐτοῖς</em></span> <span class='ocrx_word' id='word_1_124' title='bbox 668 1765 707 1832; x_wconf 87' lang='grc' dir='ltr'><em>τὸ</em></span> <span class='ocrx_word' id='word_1_125' title='bbox 736 1767 770 1833; x_wconf 85' lang='grc' dir='ltr'><em>ίκ</em></span> <span class='ocrx_word' id='word_1_126' title='bbox 798 1771 855 1852; x_wconf 80' lang='grc' dir='ltr'><em>τῆς</em></span> <span class='ocrx_word' id='word_1_127' title='bbox 883 1762 998 1846; x_wconf 90' lang='grc' dir='ltr'><em>οὐσίας</em></span> <span class='ocrx_word' id='word_1_128' title='bbox 1025 1771 1084 1834; x_wconf 89' lang='grc' dir='ltr'><em>τοῦ</em></span> <span class='ocrx_word' id='word_1_129' title='bbox 1113 1769 1241 1854; x_wconf 87' lang='grc' dir='ltr'><em>πατρὸς</em></span> <span class='ocrx_word' id='word_1_130' title='bbox 1269 1775 1321 1837; x_wconf 80' lang='grc' dir='ltr'><em>καὶ</em></span> <span class='ocrx_word' id='word_1_131' title='bbox 1345 1770 1384 1836; x_wconf 86' lang='grc' dir='ltr'><em>τὸ</em></span> <span class='ocrx_word' id='word_1_132' title='bbox 1406 1773 1455 1856; x_wconf 77' lang='grc' dir='ltr'><em>τῷ</em></span> 
     </span>
     <span class='ocr_line' id='line_1_17' title="bbox 230 1854 1456 1956; baseline 0.001 -19"><span class='ocrx_word' id='word_1_133' title='bbox 230 1873 334 1956; x_wconf 86' lang='grc' dir='ltr'><em>πατρὶ</em></span> <span class='ocrx_word' id='word_1_134' title='bbox 358 1865 544 1954; x_wconf 88' lang='grc' dir='ltr'><em>όμοούσιον,</em></span> <span class='ocrx_word' id='word_1_135' title='bbox 570 1864 627 1934; x_wconf 86' lang='grc' dir='ltr'><em>οὐκ</em></span> <span class='ocrx_word' id='word_1_136' title='bbox 650 1854 863 1947; x_wconf 73' lang='grc' dir='ltr'><em>ἀνεξέταστον</em></span> <span class='ocrx_word' id='word_1_137' title='bbox 886 1864 1000 1947; x_wconf 83' lang='grc' dir='ltr'><em>αὐτοῖς</em></span> <span class='ocrx_word' id='word_1_138' title='bbox 1022 1869 1331 1955; x_wconf 73' lang='grc' dir='ltr'><em>’κατελιμπάνομεν</em></span> <span class='ocrx_word' id='word_1_139' title='bbox 1377 1869 1456 1938; x_wconf 81' lang='grc' dir='ltr'><em>έπε-</em></span> 
     </span>
     <span class='ocr_line' id='line_1_18' title="bbox 229 1963 1456 2059; baseline 0 -21"><span class='ocrx_word' id='word_1_140' title='bbox 229 1971 388 2059; x_wconf 82' lang='grc' dir='ltr'><em>ρωτήσεις</em></span> <span class='ocrx_word' id='word_1_141' title='bbox 409 1973 583 2055; x_wconf 81' lang='grc' dir='ltr'><em>τοιγαροῦν</em></span> <span class='ocrx_word' id='word_1_142' title='bbox 604 1971 657 2034; x_wconf 80' lang='grc' dir='ltr'><em>καὶ</em></span> <span class='ocrx_word' id='word_1_143' title='bbox 682 1963 875 2054; x_wconf 84' lang='grc' dir='ltr'><em>ἀποκρίσεις</em></span> <span class='ocrx_word' id='word_1_144' title='bbox 890 1969 1044 2038; x_wconf 74' lang='grc' dir='ltr'><em>ἐντεῦθεν</em></span> <span class='ocrx_word' id='word_1_145' title='bbox 1060 1965 1276 2051; x_wconf 88' lang='grc' dir='ltr'><em>ἀνεκινοῦντο,</em></span> <span class='ocrx_word' id='word_1_146' title='bbox 1301 1970 1456 2056; x_wconf 74' lang='grc' dir='ltr'><em>ἐβασάνι-</em></span> 
     </span>
     <span class='ocr_line' id='line_1_19' title="bbox 230 2065 1458 2159; baseline 0.002 -22"><span class='ocrx_word' id='word_1_147' title='bbox 230 2071 281 2152; x_wconf 80' lang='grc' dir='ltr'><em>ζέν</em></span> <span class='ocrx_word' id='word_1_148' title='bbox 302 2096 339 2137; x_wconf 90' lang='grc' dir='ltr'><em>τε</em></span> <span class='ocrx_word' id='word_1_149' title='bbox 362 2065 379 2135; x_wconf 88' lang='grc' dir='ltr'><em>ό</em></span> <span class='ocrx_word' id='word_1_150' title='bbox 401 2069 497 2155; x_wconf 85' lang='grc' dir='ltr'><em>λόγος</em></span> <span class='ocrx_word' id='word_1_151' title='bbox 518 2068 576 2155; x_wconf 84' lang='grc' dir='ltr'><em>τὴν</em></span> <span class='ocrx_word' id='word_1_152' title='bbox 599 2070 749 2137; x_wconf 90' lang='grc' dir='ltr'><em>διάνοιαν</em></span> <span class='ocrx_word' id='word_1_153' title='bbox 769 2074 836 2136; x_wconf 89' lang='grc' dir='ltr'><em>τιῦν</em></span> <span class='ocrx_word' id='word_1_154' title='bbox 858 2069 1045 2156; x_wconf 74' lang='grc' dir='ltr'><em>εἰρημένων,</em></span> <span class='ocrx_word' id='word_1_155' title='bbox 1068 2073 1123 2137; x_wconf 84' lang='grc' dir='ltr'><em>καί</em></span> <span class='ocrx_word' id='word_1_156' title='bbox 1146 2071 1185 2158; x_wconf 77' lang='grc' dir='ltr'><em>δὴ</em></span> <span class='ocrx_word' id='word_1_157' title='bbox 1208 2072 1246 2138; x_wconf 89' lang='grc' dir='ltr'><em>τὸ</em></span> <span class='ocrx_word' id='word_1_158' title='bbox 1270 2073 1304 2140; x_wconf 83' lang='grc' dir='ltr'><em>ίκ</em></span> <span class='ocrx_word' id='word_1_159' title='bbox 1325 2077 1384 2159; x_wconf 84' lang='grc' dir='ltr'><em>τῆς</em></span> <span class='ocrx_word' id='word_1_160' title='bbox 1399 2067 1458 2139; x_wconf 86' lang='grc' dir='ltr'><em>οὐ·</em></span> 
     </span>
     <span class='ocr_line' id='line_1_20' title="bbox 229 2165 1454 2258; baseline 0.002 -22"><span class='ocrx_word' id='word_1_161' title='bbox 229 2177 305 2248; x_wconf 91' lang='grc' dir='ltr'><em>σίας</em></span> <span class='ocrx_word' id='word_1_162' title='bbox 339 2166 562 2258; x_wconf 65' lang='grc' dir='ltr'><em>ῑιῦμολογεῒτο</em></span> <span class='ocrx_word' id='word_1_163' title='bbox 595 2170 681 2256; x_wconf 89' lang='grc' dir='ltr'><em>πρὸς</em></span> <span class='ocrx_word' id='word_1_164' title='bbox 710 2165 818 2238; x_wconf 87' lang='grc' dir='ltr'><em>αῦτιῦν</em></span> <span class='ocrx_word' id='word_1_165' title='bbox 847 2170 1028 2258; x_wconf 87' lang='grc' dir='ltr'><em>δηλωτικὸν</em></span> <span class='ocrx_word' id='word_1_166' title='bbox 1057 2167 1142 2239; x_wconf 79' lang='grc' dir='ltr'><em>εἶναι</em></span> <span class='ocrx_word' id='word_1_167' title='bbox 1168 2177 1228 2237; x_wconf 90' lang='grc' dir='ltr'><em>τοῦ</em></span> <span class='ocrx_word' id='word_1_168' title='bbox 1258 2173 1293 2240; x_wconf 75' lang='grc' dir='ltr'><em>ἐκ</em></span> <span class='ocrx_word' id='word_1_169' title='bbox 1313 2175 1373 2256; x_wconf 84' lang='grc' dir='ltr'><em>μὲν</em></span> <span class='ocrx_word' id='word_1_170' title='bbox 1394 2177 1454 2240; x_wconf 89' lang='grc' dir='ltr'><em>τοῦ</em></span> 
     </span>
     <span class='ocr_line' id='line_1_21' title="bbox 229 2267 1454 2361; baseline 0.006 -26"><span class='ocrx_word' id='word_1_171' title='bbox 229 2269 357 2356; x_wconf 87' lang='grc' dir='ltr'><em>πατρὸς</em></span> <span class='ocrx_word' id='word_1_172' title='bbox 379 2267 473 2352; x_wconf 72' lang='grc' dir='ltr'><em>εἶναι,</em></span> <span class='ocrx_word' id='word_1_173' title='bbox 497 2268 535 2338; x_wconf 90' lang='grc' dir='ltr'><em>οὐ</em></span> <span class='ocrx_word' id='word_1_174' title='bbox 556 2272 620 2356; x_wconf 85' lang='grc' dir='ltr'><em>μὴν</em></span> <span class='ocrx_word' id='word_1_175' title='bbox 643 2269 688 2350; x_wconf 79' lang='grc' dir='ltr'><em>ὡς</em></span> <span class='ocrx_word' id='word_1_176' title='bbox 708 2279 808 2359; x_wconf 92' lang='grc' dir='ltr'><em>μέρος</em></span> <span class='ocrx_word' id='word_1_177' title='bbox 830 2268 987 2357; x_wconf 80' lang='grc' dir='ltr'><em>ὑπάρχειν</em></span> <span class='ocrx_word' id='word_1_178' title='bbox 1010 2273 1227 2359; x_wconf 82' lang='grc' dir='ltr'><em>τοῦπατρὸς,</em></span> <span class='ocrx_word' id='word_1_179' title='bbox 1273 2275 1394 2361; x_wconf 75' lang='grc' dir='ltr'><em>ΙΙταύτῃ</em></span> <span class='ocrx_word' id='word_1_180' title='bbox 1417 2276 1454 2342; x_wconf 77' lang='grc' dir='ltr'><em>δὲ</em></span> 
     </span>
     <span class='ocr_line' id='line_1_22' title="bbox 228 2367 1457 2463; baseline 0.003 -25"><span class='ocrx_word' id='word_1_181' title='bbox 228 2373 283 2438; x_wconf 85' lang='grc' dir='ltr'><em>καί</em></span> <span class='ocrx_word' id='word_1_182' title='bbox 312 2367 391 2458; x_wconf 79' lang='grc' dir='ltr'><em>ἡμῖν</em></span> <span class='ocrx_word' id='word_1_183' title='bbox 413 2372 520 2440; x_wconf 75' lang='grc' dir='ltr'><em>ἐδόκει</em></span> <span class='ocrx_word' id='word_1_184' title='bbox 539 2375 647 2451; x_wconf 82' lang='grc' dir='ltr'><em>καλῶς</em></span> <span class='ocrx_word' id='word_1_185' title='bbox 670 2373 753 2456; x_wconf 72' lang='grc' dir='ltr'><em>ἔχειν</em></span> <span class='ocrx_word' id='word_1_186' title='bbox 776 2378 1082 2460; x_wconf 69' lang='grc' dir='ltr'><em>συγκατατίθεσθαι</em></span> <span class='ocrx_word' id='word_1_187' title='bbox 1104 2377 1144 2459; x_wconf 82' lang='grc' dir='ltr'><em>τῇ</em></span> <span class='ocrx_word' id='word_1_188' title='bbox 1167 2375 1300 2461; x_wconf 80' lang='grc' dir='ltr'><em>διανοίᾳ</em></span> <span class='ocrx_word' id='word_1_189' title='bbox 1321 2378 1379 2463; x_wconf 77' lang='grc' dir='ltr'><em>τῆς</em></span> <span class='ocrx_word' id='word_1_190' title='bbox 1401 2370 1457 2442; x_wconf 89' lang='grc' dir='ltr'><em>εὐ-</em></span> 
     </span>
     <span class='ocr_line' id='line_1_23' title="bbox 230 2469 1453 2562; baseline 0.003 -22"><span class='ocrx_word' id='word_1_191' title='bbox 230 2477 347 2558; x_wconf 83' lang='grc' dir='ltr'><em>σεβοῦς</em></span> <span class='ocrx_word' id='word_1_192' title='bbox 370 2475 591 2552; x_wconf 82' lang='grc' dir='ltr'><em>διδασκαλίας,</em></span> <span class='ocrx_word' id='word_1_193' title='bbox 615 2471 882 2562; x_wconf 77' lang='grc' dir='ltr'><em>ἀπαγορευούσης</em></span> <span class='ocrx_word' id='word_1_194' title='bbox 903 2473 938 2540; x_wconf 83' lang='grc' dir='ltr'><em>έκ</em></span> <span class='ocrx_word' id='word_1_195' title='bbox 958 2476 1019 2539; x_wconf 88' lang='grc' dir='ltr'><em>τοῦ</em></span> <span class='ocrx_word' id='word_1_196' title='bbox 1041 2473 1169 2559; x_wconf 88' lang='grc' dir='ltr'><em>πατρὸς</em></span> <span class='ocrx_word' id='word_1_197' title='bbox 1191 2469 1277 2541; x_wconf 81' lang='grc' dir='ltr'><em>εἶναι</em></span> <span class='ocrx_word' id='word_1_198' title='bbox 1297 2474 1355 2542; x_wconf 88' lang='grc' dir='ltr'><em>τὸν</em></span> <span class='ocrx_word' id='word_1_199' title='bbox 1370 2476 1453 2556; x_wconf 78' lang='grc' dir='ltr'><em>οἶόν,</em></span> 
     </span>
     <span class='ocr_line' id='line_1_24' title="bbox 230 2569 1454 2663; baseline 0.002 -22"><span class='ocrx_word' id='word_1_200' title='bbox 230 2569 267 2641; x_wconf 90' lang='grc' dir='ltr'><em>οὐ</em></span> <span class='ocrx_word' id='word_1_201' title='bbox 289 2573 354 2663; x_wconf 80' lang='grc' dir='ltr'><em>μην</em></span> <span class='ocrx_word' id='word_1_202' title='bbox 375 2582 474 2661; x_wconf 88' lang='grc' dir='ltr'><em>μέρος</em></span> <span class='ocrx_word' id='word_1_203' title='bbox 496 2570 596 2641; x_wconf 89' lang='grc' dir='ltr'><em>αὐτοῦ</em></span> <span class='ocrx_word' id='word_1_204' title='bbox 617 2579 676 2662; x_wconf 86' lang='grc' dir='ltr'><em>τῆς</em></span> <span class='ocrx_word' id='word_1_205' title='bbox 698 2569 813 2654; x_wconf 78' lang='grc' dir='ltr'><em>οὐσίας</em></span> <span class='ocrx_word' id='word_1_206' title='bbox 834 2574 1017 2661; x_wconf 83' lang='grc' dir='ltr'><em>τυγχάνειν·</em></span> <span class='ocrx_word' id='word_1_207' title='bbox 1041 2575 1160 2660; x_wconf 89' lang='grc' dir='ltr'><em>διόπερ</em></span> <span class='ocrx_word' id='word_1_208' title='bbox 1181 2579 1221 2662; x_wconf 80' lang='grc' dir='ltr'><em>τῇ</em></span> <span class='ocrx_word' id='word_1_209' title='bbox 1245 2577 1377 2663; x_wconf 81' lang='grc' dir='ltr'><em>διανοίᾳ</em></span> <span class='ocrx_word' id='word_1_210' title='bbox 1398 2579 1454 2643; x_wconf 81' lang='grc' dir='ltr'><em>καὶ</em></span> 
     </span>
     <span class='ocr_line' id='line_1_25' title="bbox 230 2671 1453 2764; baseline 0 -20"><span class='ocrx_word' id='word_1_211' title='bbox 230 2671 324 2744; x_wconf 84' lang='grc' dir='ltr'><em>αὐτοὶ</em></span> <span class='ocrx_word' id='word_1_212' title='bbox 346 2679 624 2758; x_wconf 73' lang='grc' dir='ltr'><em>ἰσυνετιθέμεθα,</em></span> <span class='ocrx_word' id='word_1_213' title='bbox 649 2671 686 2741; x_wconf 91' lang='grc' dir='ltr'><em>οὐ</em></span> <span class='ocrx_word' id='word_1_214' title='bbox 711 2676 747 2742; x_wconf 79' lang='grc' dir='ltr'><em>δέ</em></span> <span class='ocrx_word' id='word_1_215' title='bbox 768 2675 827 2761; x_wconf 83' lang='grc' dir='ltr'><em>τὴν</em></span> <span class='ocrx_word' id='word_1_216' title='bbox 849 2675 963 2764; x_wconf 79' lang='grc' dir='ltr'><em>φωνὴν</em></span> <span class='ocrx_word' id='word_1_217' title='bbox 984 2679 1043 2743; x_wconf 88' lang='grc' dir='ltr'><em>τοῦ</em></span> <span class='ocrx_word' id='word_1_218' title='bbox 1067 2673 1246 2760; x_wconf 87' lang='grc' dir='ltr'><em>όμοοοσίοο</em></span> <span class='ocrx_word' id='word_1_219' title='bbox 1268 2678 1453 2763; x_wconf 77' lang='grc' dir='ltr'><em>παραιτοῦ·</em></span> 
     </span>
     <span class='ocr_line' id='line_1_26' title="bbox 228 2772 1454 2866; baseline 0 -21"><span class='ocrx_word' id='word_1_220' title='bbox 228 2801 333 2863; x_wconf 86' lang='grc' dir='ltr'><em>μενοι,</em></span> <span class='ocrx_word' id='word_1_221' title='bbox 356 2781 415 2844; x_wconf 88' lang='grc' dir='ltr'><em>τοῦ</em></span> <span class='ocrx_word' id='word_1_222' title='bbox 436 2781 494 2864; x_wconf 84' lang='grc' dir='ltr'><em>τῆς</em></span> <span class='ocrx_word' id='word_1_223' title='bbox 516 2777 643 2866; x_wconf 74' lang='grc' dir='ltr'><em>εἰρήνης</em></span> <span class='ocrx_word' id='word_1_224' title='bbox 665 2781 793 2844; x_wconf 82' lang='grc' dir='ltr'><em>σκοποῦ</em></span> <span class='ocrx_word' id='word_1_225' title='bbox 815 2776 883 2863; x_wconf 91' lang='grc' dir='ltr'><em>πρὸ</em></span> <span class='ocrx_word' id='word_1_226' title='bbox 906 2772 1095 2865; x_wconf 78' lang='grc' dir='ltr'><em>ὀφθαλμῶν</em></span> <span class='ocrx_word' id='word_1_227' title='bbox 1117 2773 1195 2862; x_wconf 76' lang='grc' dir='ltr'><em>ἡμῖν</em></span> <span class='ocrx_word' id='word_1_228' title='bbox 1215 2785 1374 2862; x_wconf 83' lang='grc' dir='ltr'><em>κειμένου,</em></span> <span class='ocrx_word' id='word_1_229' title='bbox 1398 2781 1454 2845; x_wconf 81' lang='grc' dir='ltr'><em>καί</em></span> 
     </span>
     <span class='ocr_line' id='line_1_27' title="bbox 228 2875 915 2968; baseline -0.001 -22"><span class='ocrx_word' id='word_1_230' title='bbox 228 2883 288 2946; x_wconf 90' lang='grc' dir='ltr'><em>τοῦ</em></span> <span class='ocrx_word' id='word_1_231' title='bbox 309 2879 354 2968; x_wconf 77' lang='grc' dir='ltr'><em>μὴ</em></span> <span class='ocrx_word' id='word_1_232' title='bbox 376 2884 434 2968; x_wconf 81' lang='grc' dir='ltr'><em>τῆς</em></span> <span class='ocrx_word' id='word_1_233' title='bbox 456 2875 562 2966; x_wconf 78' lang='grc' dir='ltr'><em>ὀρθῆς</em></span> <span class='ocrx_word' id='word_1_234' title='bbox 583 2878 735 2946; x_wconf 69' lang='grc' dir='ltr'><em>ἐκπεσεῖν</em></span> <span class='ocrx_word' id='word_1_235' title='bbox 758 2879 915 2958; x_wconf 81' lang='grc' dir='ltr'><em>διανοίας.</em></span> 
     </span>
    </p>

    <p class='ocr_par' dir='ltr' id='par_1_5' title="bbox 228 2974 1456 3768">
     <span class='ocr_line' id='line_1_28' title="bbox 315 2974 1456 3068; baseline -0.002 -19"><span class='ocrx_word' id='word_1_236' title='bbox 315 2989 343 3049; x_wconf 90' lang='grc'><em>6.</em></span> <span class='ocrx_word' id='word_1_237' title='bbox 389 2981 485 3049; x_wconf 85' lang='grc' dir='ltr'><em>Κατὰ</em></span> <span class='ocrx_word' id='word_1_238' title='bbox 509 2980 552 3048; x_wconf 87' lang='grc' dir='ltr'><em>τὰ</em></span> <span class='ocrx_word' id='word_1_239' title='bbox 581 2978 664 3046; x_wconf 86' lang='grc' dir='ltr'><em>αὐτὰ</em></span> <span class='ocrx_word' id='word_1_240' title='bbox 693 2982 729 3046; x_wconf 84' lang='grc' dir='ltr'><em>δὲ</em></span> <span class='ocrx_word' id='word_1_241' title='bbox 758 2982 812 3046; x_wconf 82' lang='grc' dir='ltr'><em>καί</em></span> <span class='ocrx_word' id='word_1_242' title='bbox 843 2979 881 3046; x_wconf 84' lang='grc' dir='ltr'><em>τό</em></span> <span class='ocrx_word' id='word_1_243' title='bbox 909 2985 1109 3067; x_wconf 90' lang='grc' dir='ltr'><em>γεννηθέντα</em></span> <span class='ocrx_word' id='word_1_244' title='bbox 1129 2982 1182 3045; x_wconf 84' lang='grc' dir='ltr'><em>καὶ</em></span> <span class='ocrx_word' id='word_1_245' title='bbox 1205 2974 1244 3045; x_wconf 89' lang='grc' dir='ltr'><em>οὐ</em></span> <span class='ocrx_word' id='word_1_246' title='bbox 1265 2985 1456 3068; x_wconf 87' lang='grc' dir='ltr'><em>ποιηθέντα</em></span> 
     </span>
     <span class='ocr_line' id='line_1_29' title="bbox 228 3075 1455 3170; baseline -0.002 -22"><span class='ocrx_word' id='word_1_247' title='bbox 228 3082 485 3168; x_wconf 83' lang='grc' dir='ltr'><em>κατεδεξάμεθα,</em></span> <span class='ocrx_word' id='word_1_248' title='bbox 510 3081 624 3170; x_wconf 77' lang='grc' dir='ltr'><em>ἐπειδὴ</em></span> <span class='ocrx_word' id='word_1_249' title='bbox 647 3081 686 3147; x_wconf 91' lang='grc' dir='ltr'><em>τό</em></span> <span class='ocrx_word' id='word_1_250' title='bbox 707 3083 854 3168; x_wconf 78' lang='grc' dir='ltr'><em>ποιηθὲν</em></span> <span class='ocrx_word' id='word_1_251' title='bbox 875 3081 985 3147; x_wconf 89' lang='grc' dir='ltr'><em>κοινόν</em></span> <span class='ocrx_word' id='word_1_252' title='bbox 999 3079 1163 3167; x_wconf 71' lang='grc' dir='ltr'><em>Ιιίιμασκεν</em></span> <span class='ocrx_word' id='word_1_253' title='bbox 1180 3075 1265 3146; x_wconf 76' lang='grc' dir='ltr'><em>εἶναι</em></span> <span class='ocrx_word' id='word_1_254' title='bbox 1280 3080 1455 3168; x_wconf 87' lang='grc' dir='ltr'><em>πρόςρημα</em></span> 
     </span>
     <span class='ocr_line' id='line_1_30' title="bbox 228 3171 1455 3269; baseline 0.002 -23"><span class='ocrx_word' id='word_1_255' title='bbox 228 3186 295 3248; x_wconf 90' lang='grc' dir='ltr'><em>τιῦν</em></span> <span class='ocrx_word' id='word_1_256' title='bbox 327 3184 456 3251; x_wconf 81' lang='grc' dir='ltr'><em>λοιπῶν</em></span> <span class='ocrx_word' id='word_1_257' title='bbox 488 3184 675 3269; x_wconf 90' lang='grc' dir='ltr'><em>κτισμάτων</em></span> <span class='ocrx_word' id='word_1_258' title='bbox 707 3185 773 3250; x_wconf 86' lang='grc' dir='ltr'><em>τῶν</em></span> <span class='ocrx_word' id='word_1_259' title='bbox 801 3180 858 3249; x_wconf 84' lang='grc' dir='ltr'><em>διὰ</em></span> <span class='ocrx_word' id='word_1_260' title='bbox 883 3183 943 3246; x_wconf 87' lang='grc' dir='ltr'><em>τοῦ</em></span> <span class='ocrx_word' id='word_1_261' title='bbox 965 3181 1038 3246; x_wconf 79' lang='grc' dir='ltr'><em>υἱοῦ</em></span> <span class='ocrx_word' id='word_1_262' title='bbox 1059 3187 1255 3266; x_wconf 86' lang='grc' dir='ltr'><em>γενομένων,</em></span> <span class='ocrx_word' id='word_1_263' title='bbox 1289 3171 1335 3248; x_wconf 81' lang='grc' dir='ltr'><em>ὧν</em></span> <span class='ocrx_word' id='word_1_264' title='bbox 1357 3175 1455 3248; x_wconf 77' lang='grc' dir='ltr'><em>οὐδὲν</em></span> 
     </span>
     <span class='ocr_line' id='line_1_31' title="bbox 231 3275 1450 3368; baseline 0.002 -23"><span class='ocrx_word' id='word_1_265' title='bbox 231 3275 349 3364; x_wconf 84' lang='grc' dir='ltr'><em>όμοιον</em></span> <span class='ocrx_word' id='word_1_266' title='bbox 380 3283 463 3362; x_wconf 69' lang='grc' dir='ltr'><em>ἔχειν</em></span> <span class='ocrx_word' id='word_1_267' title='bbox 494 3283 553 3350; x_wconf 87' lang='grc' dir='ltr'><em>τὸν</em></span> <span class='ocrx_word' id='word_1_268' title='bbox 581 3283 666 3350; x_wconf 82' lang='grc' dir='ltr'><em>υἱόν·</em></span> <span class='ocrx_word' id='word_1_269' title='bbox 700 3283 753 3349; x_wconf 88' lang='grc' dir='ltr'><em>διὸ</em></span> <span class='ocrx_word' id='word_1_270' title='bbox 778 3281 832 3367; x_wconf 84' lang='grc' dir='ltr'><em>Ιδὴ</em></span> <span class='ocrx_word' id='word_1_271' title='bbox 860 3281 905 3368; x_wconf 78' lang='grc' dir='ltr'><em>μὴ</em></span> <span class='ocrx_word' id='word_1_272' title='bbox 929 3276 1014 3348; x_wconf 78' lang='grc' dir='ltr'><em>εἶναι</em></span> <span class='ocrx_word' id='word_1_273' title='bbox 1035 3277 1135 3348; x_wconf 86' lang='grc' dir='ltr'><em>αὐτὸν</em></span> <span class='ocrx_word' id='word_1_274' title='bbox 1157 3288 1287 3368; x_wconf 89' lang='grc' dir='ltr'><em>ποίημα</em></span> <span class='ocrx_word' id='word_1_275' title='bbox 1308 3292 1380 3360; x_wconf 85' lang='grc' dir='ltr'><em>τοῖς</em></span> <span class='ocrx_word' id='word_1_276' title='bbox 1401 3275 1450 3347; x_wconf 80' lang='grc' dir='ltr'><em>δι’</em></span> 
     </span>
     <span class='ocr_line' id='line_1_32' title="bbox 230 3375 1455 3470; baseline 0.002 -24"><span class='ocrx_word' id='word_1_277' title='bbox 230 3375 331 3446; x_wconf 91' lang='grc' dir='ltr'><em>αὐτοῦ</em></span> <span class='ocrx_word' id='word_1_278' title='bbox 363 3387 550 3465; x_wconf 88' lang='grc' dir='ltr'><em>γενομένοις</em></span> <span class='ocrx_word' id='word_1_279' title='bbox 576 3383 759 3470; x_wconf 77' lang='grc' dir='ltr'><em>ΙΙΙἐμφερές,</em></span> <span class='ocrx_word' id='word_1_280' title='bbox 792 3388 976 3466; x_wconf 87' lang='grc' dir='ltr'><em>κρείττονος</em></span> <span class='ocrx_word' id='word_1_281' title='bbox 1005 3381 1040 3447; x_wconf 85' lang='grc' dir='ltr'><em>δὲ</em></span> <span class='ocrx_word' id='word_1_282' title='bbox 1068 3375 1089 3465; x_wconf 83' lang='grc' dir='ltr'><strong><em>ἢ</em></strong></span> <span class='ocrx_word' id='word_1_283' title='bbox 1116 3381 1200 3448; x_wconf 87' lang='grc' dir='ltr'><em>κατά</em></span> <span class='ocrx_word' id='word_1_284' title='bbox 1226 3385 1295 3448; x_wconf 83' lang='grc' dir='ltr'><em>πᾶν</em></span> <span class='ocrx_word' id='word_1_285' title='bbox 1322 3387 1455 3468; x_wconf 87' lang='grc' dir='ltr'><em>ποίημα</em></span> 
     </span>
     <span class='ocr_line' id='line_1_33' title="bbox 229 3476 1453 3568; baseline 0.002 -22"><span class='ocrx_word' id='word_1_286' title='bbox 229 3497 242 3522; x_wconf 82' lang='lat'><em>¹¹</em></span> <span class='ocrx_word' id='word_1_287' title='bbox 252 3479 420 3566; x_wconf 83' lang='grc' dir='ltr'><em>τυγχάνειν</em></span> <span class='ocrx_word' id='word_1_288' title='bbox 442 3476 565 3559; x_wconf 89' lang='grc' dir='ltr'><em>οὐσίας,</em></span> <span class='ocrx_word' id='word_1_289' title='bbox 588 3479 626 3568; x_wconf 79' lang='grc' dir='ltr'><em>ἢν</em></span> <span class='ocrx_word' id='word_1_290' title='bbox 649 3482 684 3548; x_wconf 81' lang='grc' dir='ltr'><em>έκ</em></span> <span class='ocrx_word' id='word_1_291' title='bbox 704 3483 763 3546; x_wconf 90' lang='grc' dir='ltr'><em>τοῦ</em></span> <span class='ocrx_word' id='word_1_292' title='bbox 778 3479 906 3566; x_wconf 85' lang='grc' dir='ltr'><em>πατρὸς</em></span> <span class='ocrx_word' id='word_1_293' title='bbox 920 3483 1137 3567; x_wconf 82' lang='grc' dir='ltr'><em>γεγεννῆσθαι</em></span> <span class='ocrx_word' id='word_1_294' title='bbox 1151 3481 1193 3547; x_wconf 88' lang='grc' dir='ltr'><em>τά</em></span> <span class='ocrx_word' id='word_1_295' title='bbox 1206 3487 1289 3550; x_wconf 83' lang='grc' dir='ltr'><em>θεία</em></span> <span class='ocrx_word' id='word_1_296' title='bbox 1304 3480 1453 3548; x_wconf 79' lang='grc' dir='ltr'><em>διδάσκει</em></span> 
     </span>
     <span class='ocr_line' id='line_1_34' title="bbox 229 3577 1455 3668; baseline 0 -22"><span class='ocrx_word' id='word_1_297' title='bbox 229 3580 340 3666; x_wconf 88' lang='grc' dir='ltr'><em>λόγια,</em></span> <span class='ocrx_word' id='word_1_298' title='bbox 363 3583 422 3646; x_wconf 85' lang='grc' dir='ltr'><em>τοῦ</em></span> <span class='ocrx_word' id='word_1_299' title='bbox 444 3578 571 3665; x_wconf 84' lang='grc' dir='ltr'><em>τρόπον</em></span> <span class='ocrx_word' id='word_1_300' title='bbox 593 3583 651 3668; x_wconf 82' lang='grc' dir='ltr'><em>τῆς</em></span> <span class='ocrx_word' id='word_1_301' title='bbox 671 3577 850 3667; x_wconf 83' lang='grc' dir='ltr'><em>γεννήσεως</em></span> <span class='ocrx_word' id='word_1_302' title='bbox 872 3579 1098 3668; x_wconf 84' lang='grc' dir='ltr'><em>ἀνεκφράστοο</em></span> <span class='ocrx_word' id='word_1_303' title='bbox 1121 3584 1174 3647; x_wconf 82' lang='grc' dir='ltr'><em>καὶ</em></span> <span class='ocrx_word' id='word_1_304' title='bbox 1198 3577 1455 3667; x_wconf 87' lang='grc' dir='ltr'><em>ἀνεπιλογίστου</em></span> 
     </span>
     <span class='ocr_line' id='line_1_35' title="bbox 229 3678 842 3768; baseline -0.005 -20"><span class='ocrx_word' id='word_1_305' title='bbox 229 3680 321 3768; x_wconf 79' lang='grc' dir='ltr'><em>πάσῃ</em></span> <span class='ocrx_word' id='word_1_306' title='bbox 344 3683 476 3768; x_wconf 78' lang='grc' dir='ltr'><em>ογενητῇ</em></span> <span class='ocrx_word' id='word_1_307' title='bbox 500 3679 599 3767; x_wconf 80' lang='grc' dir='ltr'><em>φύσει</em></span> <span class='ocrx_word' id='word_1_308' title='bbox 620 3678 842 3764; x_wconf 88' lang='grc' dir='ltr'><em>τυγχάνοντος.</em></span> 
     </span>
    </p>

    <p class='ocr_par' dir='ltr' id='par_1_6' title="bbox 228 3774 1456 4070">
     <span class='ocr_line' id='line_1_36' title="bbox 315 3774 1456 3864; baseline 0.001 -15"><span class='ocrx_word' id='word_1_309' title='bbox 315 3789 343 3848; x_wconf 85' lang='grc'><em>7.</em></span> <span class='ocrx_word' id='word_1_310' title='bbox 394 3779 489 3849; x_wconf 83' lang='grc' dir='ltr'><em>Οῦτω</em></span> <span class='ocrx_word' id='word_1_311' title='bbox 513 3782 548 3848; x_wconf 76' lang='grc' dir='ltr'><em>δὲ</em></span> <span class='ocrx_word' id='word_1_312' title='bbox 570 3783 624 3848; x_wconf 84' lang='grc' dir='ltr'><em>καί</em></span> <span class='ocrx_word' id='word_1_313' title='bbox 647 3777 686 3845; x_wconf 87' lang='grc' dir='ltr'><em>τὸ</em></span> <span class='ocrx_word' id='word_1_314' title='bbox 708 3774 886 3863; x_wconf 90' lang='grc' dir='ltr'><em>όμοούσιον</em></span> <span class='ocrx_word' id='word_1_315' title='bbox 909 3775 994 3850; x_wconf 77' lang='grc' dir='ltr'><em>εἶναι</em></span> <span class='ocrx_word' id='word_1_316' title='bbox 1009 3781 1067 3844; x_wconf 89' lang='grc' dir='ltr'><em>τοῦ</em></span> <span class='ocrx_word' id='word_1_317' title='bbox 1083 3780 1210 3864; x_wconf 87' lang='grc' dir='ltr'><em>πατρὸς</em></span> <span class='ocrx_word' id='word_1_318' title='bbox 1224 3783 1282 3848; x_wconf 90' lang='grc' dir='ltr'><em>τόν</em></span> <span class='ocrx_word' id='word_1_319' title='bbox 1297 3783 1368 3849; x_wconf 78' lang='grc' dir='ltr'><em>υἱὸν</em></span> <span class='ocrx_word' id='word_1_320' title='bbox 1385 3782 1456 3862; x_wconf 84' lang='grc' dir='ltr'><em>έξε-</em></span> 
     </span>
     <span class='ocr_line' id='line_1_37' title="bbox 228 3876 1452 3969; baseline 0.001 -21"><span class='ocrx_word' id='word_1_321' title='bbox 228 3880 405 3966; x_wconf 87' lang='grc' dir='ltr'><em>ταζόμενος</em></span> <span class='ocrx_word' id='word_1_322' title='bbox 428 3877 446 3949; x_wconf 91' lang='grc' dir='ltr'><em>ό</em></span> <span class='ocrx_word' id='word_1_323' title='bbox 467 3882 564 3968; x_wconf 87' lang='grc' dir='ltr'><em>λόγος</em></span> <span class='ocrx_word' id='word_1_324' title='bbox 584 3888 803 3969; x_wconf 72' lang='grc' dir='ltr'><em>Ρσονίστησιν,</em></span> <span class='ocrx_word' id='word_1_325' title='bbox 827 3876 865 3948; x_wconf 90' lang='grc' dir='ltr'><em>οὐ</em></span> <span class='ocrx_word' id='word_1_326' title='bbox 887 3879 971 3948; x_wconf 85' lang='grc' dir='ltr'><em>κατὰ</em></span> <span class='ocrx_word' id='word_1_327' title='bbox 984 3880 1041 3947; x_wconf 89' lang='grc' dir='ltr'><em>τὸν</em></span> <span class='ocrx_word' id='word_1_328' title='bbox 1056 3883 1122 3947; x_wconf 84' lang='grc' dir='ltr'><em>τιῦν</em></span> <span class='ocrx_word' id='word_1_329' title='bbox 1137 3881 1299 3965; x_wconf 88' lang='grc' dir='ltr'><em>σωμάτων</em></span> <span class='ocrx_word' id='word_1_330' title='bbox 1314 3882 1452 3968; x_wconf 86' lang='grc' dir='ltr'><em>τρόπον,</em></span> 
     </span>
     <span class='ocr_line' id='line_1_38' title="bbox 230 3977 1455 4070; baseline 0.001 -23"><span class='ocrx_word' id='word_1_331' title='bbox 230 3977 307 4049; x_wconf 83' lang='grc' dir='ltr'><em>οὐδὲ</em></span> <span class='ocrx_word' id='word_1_332' title='bbox 335 3993 406 4060; x_wconf 82' lang='grc' dir='ltr'><em>τοῖς</em></span> <span class='ocrx_word' id='word_1_333' title='bbox 433 3989 574 4070; x_wconf 77' lang='grc' dir='ltr'><em>θνητοῖς</em></span> <span class='ocrx_word' id='word_1_334' title='bbox 597 3982 693 4063; x_wconf 86' lang='grc' dir='ltr'><em>ζιύοις</em></span> <span class='ocrx_word' id='word_1_335' title='bbox 715 3984 976 4070; x_wconf 85' lang='grc' dir='ltr'><em>παραπλησίως·</em></span> <span class='ocrx_word' id='word_1_336' title='bbox 1005 3979 1081 4050; x_wconf 83' lang='grc' dir='ltr'><em>οὐτε</em></span> <span class='ocrx_word' id='word_1_337' title='bbox 1101 3981 1163 4068; x_wconf 84' lang='grc' dir='ltr'><em>γὰρ</em></span> <span class='ocrx_word' id='word_1_338' title='bbox 1184 3982 1268 4049; x_wconf 87' lang='grc' dir='ltr'><em>κατὰ</em></span> <span class='ocrx_word' id='word_1_339' title='bbox 1290 3986 1455 4067; x_wconf 90' lang='grc' dir='ltr'><em>διαίρεσιν</em></span> 
     </span>
    </p>
   </div>
   <div class='ocr_carea' id='block_1_5' title="bbox 228 4194 1455 4601">
    <p class='ocr_par' dir='ltr' id='par_1_7' title="bbox 264 4194 1455 4342">
     <span class='ocr_line' id='line_1_39' title="bbox 264 4194 1455 4264; baseline 0 -13"><span class='ocrx_word' id='word_1_340' title='bbox 264 4217 285 4252; x_wconf 79' lang='grc' dir='ltr'><em>τ.</em></span> <span class='ocrx_word' id='word_1_341' title='bbox 304 4203 383 4253; x_wconf 72' lang='lat' dir='ltr'><strong>Gelan.</strong></span> <span class='ocrx_word' id='word_1_342' title='bbox 402 4195 437 4249; x_wconf 87' lang='grc' dir='ltr'><em>τά</em></span> <span class='ocrx_word' id='word_1_343' title='bbox 455 4215 491 4250; x_wconf 86' lang='grc' dir='ltr'><em>τε.</em></span> <span class='ocrx_word' id='word_1_344' title='bbox 755 4211 765 4228; x_wconf 92' lang='grc'><em>·</em></span> <span class='ocrx_word' id='word_1_345' title='bbox 865 4205 955 4253; x_wconf 80' lang='grc' dir='ltr'><em>Τίιοοδ.</em></span> <span class='ocrx_word' id='word_1_346' title='bbox 975 4204 1032 4252; x_wconf 84' lang='lat' dir='ltr'>ibid.</span> <span class='ocrx_word' id='word_1_347' title='bbox 1052 4194 1067 4260; x_wconf 75' lang='grc' dir='ltr'><em>ἡ</em></span> <span class='ocrx_word' id='word_1_348' title='bbox 1092 4195 1159 4264; x_wconf 80' lang='grc' dir='ltr'><em>ἀγία</em></span> <span class='ocrx_word' id='word_1_349' title='bbox 1175 4196 1304 4261; x_wconf 60' lang='lat' dir='ltr'><em>zamam}</em></span> <span class='ocrx_word' id='word_1_350' title='bbox 1322 4198 1369 4250; x_wconf 77' lang='grc' dir='ltr'><em>καὶ</em></span> <span class='ocrx_word' id='word_1_351' title='bbox 1387 4195 1455 4251; x_wconf 82' lang='grc' dir='ltr'><em>ἀπο-</em></span> 
     </span>
     <span class='ocr_line' id='line_1_40' title="bbox 264 4261 1122 4342; baseline -0.002 -26"><span class='ocrx_word' id='word_1_352' title='bbox 264 4269 287 4317; x_wconf 87' lang='lat' dir='ltr'><em>b.</em></span> <span class='ocrx_word' id='word_1_353' title='bbox 307 4271 387 4319; x_wconf 73' lang='lat' dir='ltr'><strong>Gelas.</strong></span> <span class='ocrx_word' id='word_1_354' title='bbox 415 4270 480 4318; x_wconf 82' lang='grc' dir='ltr'><em>οδδίι</em></span> <span class='ocrx_word' id='word_1_355' title='bbox 503 4269 549 4314; x_wconf 76' lang='grc' dir='ltr'><em>καί</em></span> <span class='ocrx_word' id='word_1_356' title='bbox 572 4276 596 4316; x_wconf 80' lang='grc' dir='ltr'><em>ει</em></span> <span class='ocrx_word' id='word_1_357' title='bbox 621 4283 674 4317; x_wconf 78' lang='lat' dir='ltr'><em>mox</em></span> <span class='ocrx_word' id='word_1_358' title='bbox 691 4277 746 4330; x_wconf 78' lang='lat' dir='ltr'><strong>post</strong></span> <span class='ocrx_word' id='word_1_359' title='bbox 763 4283 813 4316; x_wconf 85' lang='grc' dir='ltr'><em>πα·</em></span> <span class='ocrx_word' id='word_1_360' title='bbox 866 4261 972 4325; x_wconf 76' lang='grc' dir='ltr'><em>στολιιιῆ</em></span> <span class='ocrx_word' id='word_1_361' title='bbox 991 4261 1122 4342; x_wconf 69' lang='grc' dir='ltr'><em>ίιιιιλησίη.</em></span> 
     </span>
    </p>

    <p class='ocr_par' dir='ltr' id='par_1_8' title="bbox 228 4327 1167 4400">
     <span class='ocr_line' id='line_1_41' title="bbox 228 4327 1167 4400; baseline -0.003 -19"><span class='ocrx_word' id='word_1_362' title='bbox 228 4327 318 4382; x_wconf 88' lang='grc' dir='ltr'><em>θόντα</em></span> <span class='ocrx_word' id='word_1_363' title='bbox 337 4335 401 4384; x_wconf 74' lang='lat' dir='ltr'>addit</span> <span class='ocrx_word' id='word_1_364' title='bbox 419 4329 551 4400; x_wconf 79' lang='grc' dir='ltr'><em>ταφέντα.</em></span> <span class='ocrx_word' id='word_1_365' title='bbox 588 4335 638 4382; x_wconf 81' lang='lat' dir='ltr'><em>Mox</em></span> <span class='ocrx_word' id='word_1_366' title='bbox 659 4335 813 4384; x_wconf 64' lang='lat' dir='ltr'><strong>Theodonet</strong></span> <span class='ocrx_word' id='word_1_367' title='bbox 899 4351 921 4381; x_wconf 88' lang='grc' dir='ltr'><em>ε.</em></span> <span class='ocrx_word' id='word_1_368' title='bbox 940 4335 1060 4382; x_wconf 74' lang='grc' dir='ltr'><em>ΤΙιιοδοτ.</em></span> <span class='ocrx_word' id='word_1_369' title='bbox 1080 4331 1167 4382; x_wconf 77' lang='grc' dir='ltr'><em>ανθιε.</em></span> 
     </span>
    </p>

    <p class='ocr_par' dir='ltr' id='par_1_9' title="bbox 229 4389 1454 4601">
     <span class='ocr_line' id='line_1_42' title="bbox 229 4389 1452 4466; baseline -0.007 -17"><span class='ocrx_word' id='word_1_370' title='bbox 229 4402 298 4451; x_wconf 81' lang='lat' dir='ltr'>Socr.</span> <span class='ocrx_word' id='word_1_371' title='bbox 313 4403 361 4449; x_wconf 81' lang='grc' dir='ltr'><em>καί</em></span> <span class='ocrx_word' id='word_1_372' title='bbox 376 4403 489 4452; x_wconf 73' lang='lat' dir='ltr'><em>omittunt</em></span> <span class='ocrx_word' id='word_1_373' title='bbox 508 4410 562 4449; x_wconf 75' lang='lat' dir='ltr'><em>ante</em></span> <span class='ocrx_word' id='word_1_374' title='bbox 580 4393 738 4466; x_wconf 83' lang='grc' dir='ltr'><em>ίρχόμενον.</em></span> <span class='ocrx_word' id='word_1_375' title='bbox 900 4401 915 4447; x_wconf 88' lang='grc' dir='ltr'><em>ί.</em></span> <span class='ocrx_word' id='word_1_376' title='bbox 935 4399 1055 4446; x_wconf 81' lang='grc' dir='ltr'><em>ΤΙιιοδοι.</em></span> <span class='ocrx_word' id='word_1_377' title='bbox 1074 4407 1096 4447; x_wconf 80' lang='grc' dir='ltr'><em>ει</em></span> <span class='ocrx_word' id='word_1_378' title='bbox 1115 4400 1183 4446; x_wconf 73' lang='lat' dir='ltr'><strong>Soet.</strong></span> <span class='ocrx_word' id='word_1_379' title='bbox 1202 4389 1452 4462; x_wconf 82' lang='grc' dir='ltr'><em>καταλιμπάναμεν,</em></span> 
     </span>
     <span class='ocr_line' id='line_1_43' title="bbox 262 4457 1452 4531; baseline -0.005 -13"><span class='ocrx_word' id='word_1_380' title='bbox 262 4483 283 4518; x_wconf 82' lang='grc' dir='ltr'><em>ε.</em></span> <span class='ocrx_word' id='word_1_381' title='bbox 301 4469 414 4518; x_wconf 73' lang='lat' dir='ltr'><em>Socrates</em></span> <span class='ocrx_word' id='word_1_382' title='bbox 432 4462 463 4515; x_wconf 82' lang='grc' dir='ltr'><em>τὸ</em></span> <span class='ocrx_word' id='word_1_383' title='bbox 481 4465 589 4531; x_wconf 78' lang='grc' dir='ltr'><em>πνεῦμα</em></span> <span class='ocrx_word' id='word_1_384' title='bbox 606 4461 637 4513; x_wconf 85' lang='grc' dir='ltr'><em>τὸ</em></span> <span class='ocrx_word' id='word_1_385' title='bbox 656 4457 744 4530; x_wconf 82' lang='grc' dir='ltr'><em>ἀγιον.</em></span> <span class='ocrx_word' id='word_1_386' title='bbox 866 4466 944 4515; x_wconf 71' lang='lat' dir='ltr'><strong>Gelas.</strong></span> <span class='ocrx_word' id='word_1_387' title='bbox 963 4457 1214 4530; x_wconf 76' lang='grc' dir='ltr'><em>καταλαμβάνομεν.</em></span> <span class='ocrx_word' id='word_1_388' title='bbox 1252 4463 1311 4512; x_wconf 70' lang='lat' dir='ltr'><strong>ibid.</strong></span> <span class='ocrx_word' id='word_1_389' title='bbox 1329 4463 1452 4512; x_wconf 78' lang='grc' dir='ltr'><em>Τδιοδοι.</em></span> 
     </span>
     <span class='ocr_line' id='line_1_44' title="bbox 262 4523 1454 4601; baseline -0.007 -17"><span class='ocrx_word' id='word_1_390' title='bbox 262 4535 285 4584; x_wconf 93' lang='grc' dir='ltr'><em>δ.</em></span> <span class='ocrx_word' id='word_1_391' title='bbox 304 4537 417 4585; x_wconf 79' lang='lat' dir='ltr'><strong>Socrates</strong></span> <span class='ocrx_word' id='word_1_392' title='bbox 442 4527 549 4585; x_wconf 75' lang='grc' dir='ltr'><em>τούτοις</em></span> <span class='ocrx_word' id='word_1_393' title='bbox 575 4525 768 4599; x_wconf 80' lang='grc' dir='ltr'><em>ἀναθεματίζει</em></span> <span class='ocrx_word' id='word_1_394' title='bbox 797 4525 812 4592; x_wconf 75' lang='grc' dir='ltr'><strong><em>ἦ</em></strong></span> <span class='ocrx_word' id='word_1_395' title='bbox 864 4523 1015 4601; x_wconf 74' lang='grc' dir='ltr'><em>ἐρωτήσειε.</em></span> <span class='ocrx_word' id='word_1_396' title='bbox 1045 4533 1095 4580; x_wconf 70' lang='lat' dir='ltr'><em>Mox</em></span> <span class='ocrx_word' id='word_1_397' title='bbox 1111 4530 1231 4580; x_wconf 82' lang='lat' dir='ltr'><strong>Theodor.</strong></span> <span class='ocrx_word' id='word_1_398' title='bbox 1251 4539 1275 4579; x_wconf 82' lang='lat' dir='ltr'><em>et</em></span> <span class='ocrx_word' id='word_1_399' title='bbox 1293 4530 1373 4580; x_wconf 74' lang='lat' dir='ltr'><strong>Gelas.</strong></span> <span class='ocrx_word' id='word_1_400' title='bbox 1391 4523 1454 4592; x_wconf 70' lang='grc' dir='ltr'><em>ἔβα-</em></span> 
     </span>
    </p>
   </div>
   <div class='ocr_carea' id='block_1_6' title="bbox 127 4581 1127 4664">
    <p class='ocr_par' dir='ltr' id='par_1_10' title="bbox 127 4581 1127 4664">
     <span class='ocr_line' id='line_1_45' title="bbox 127 4581 1127 4664; baseline -0.003 -14"><span class='ocrx_word' id='word_1_401' title='bbox 127 4581 131 4590; x_wconf 66' lang='grc'><strong>’</strong></span> <span class='ocrx_word' id='word_1_402' title='bbox 226 4596 357 4662; x_wconf 77' lang='grc' dir='ltr'><em>καθολικὴ</em></span> <span class='ocrx_word' id='word_1_403' title='bbox 400 4595 445 4649; x_wconf 79' lang='grc' dir='ltr'><em>καὶ</em></span> <span class='ocrx_word' id='word_1_404' title='bbox 480 4591 645 4660; x_wconf 76' lang='grc' dir='ltr'><em>ἀποστολικὴ</em></span> <span class='ocrx_word' id='word_1_405' title='bbox 680 4591 812 4657; x_wconf 74' lang='grc' dir='ltr'><em>ἐκκλησία.</em></span> <span class='ocrx_word' id='word_1_406' title='bbox 865 4595 987 4654; x_wconf 77' lang='grc' dir='ltr'><em>σανίζιτο</em></span> <span class='ocrx_word' id='word_1_407' title='bbox 1008 4591 1127 4664; x_wconf 74' lang='grc' dir='ltr'><em>ὀλίγος.</em></span> 
     </span>
    </p>
   </div>
   <div class='ocr_carea' id='block_1_7' title="bbox 0 0 1618 5280">
    <p class='ocr_par' dir='ltr' id='par_1_11' title="bbox 0 0 1618 5280">
     <span class='ocr_line' id='line_1_46' title="bbox 0 0 1618 5280; baseline 0 0"><span class='ocrx_word' id='word_1_408' title='bbox 0 0 1618 5280; x_wconf 95' lang='lat' dir='ltr'><em> </em></span> 
     </span>
    </p>
   </div>
  </div>
 </body>
</html>
