3226 5280
459 368 603 413 sersrou
618 368 656 413 ns
670 367 815 412 oscnsrrs
829 369 975 413 armenes
989 369 1108 415 serrem.
1359 357 1400 422 dh

163 518 269 592 luerit,
300 517 402 597 ipsum
424 517 507 580 illum
529 535 614 590 esse,
642 519 692 598 qui
719 527 766 580 εει
795 539 830 583 er
847 520 948 583 Ῥειεε.
994 519 1147 601 Siquidem
1167 541 1218 586 res
1239 522 1485 586 universaeeaae

166 621 232 682 eius
254 625 328 680 sunt
348 617 525 698 participes,
558 637 624 680 cerm
647 619 740 681 sancti
763 619 892 700 Spiritus
914 619 1075 701 participes
1097 621 1272 686 efficiuntur.
1316 623 1398 686 'l'slis

165 727 266 782 autem
289 735 356 780 coru
379 719 435 791 sit,
463 721 596 798 prolecto
617 737 654 780 er
674 719 768 781 nihilo
790 739 859 782 esse
880 737 943 781 non
964 727 1082 799 potest,
1111 721 1155 783 uti
1183 741 1237 784 nec
1257 742 1307 786 res
1328 741 1399 788 esse

165 827 277 892 mesta,
300 819 354 880 sed
376 818 475 898 potius
497 837 585 882 verus
607 827 637 882 et
657 821 798 901 proprius
819 829 867 882 est
889 837 926 882 ex
947 819 1035 882 Patre
1056 822 1152 894 lctus,
1175 838 1236 882 non
1258 841 1344 886 seors
1365 841 1400 886 ae

165 919 312 1002 splendor
335 938 371 981 ex
392 918 467 982 loce.

253 1127 306 1188 25.
351 1121 452 1201 ltaque
475 1139 541 1184 cum
564 1121 668 1184 Patres
689 1120 836 1182 Nicaenee
858 1120 964 1200 synodi
985 1121 1026 1183 ita
1048 1121 1204 1196 sentirent,
1228 1123 1399 1187 huiusmodi

166 1224 314 1288 dictiones
336 1221 394 1284 illis
415 1222 546 1284 seribere
567 1221 664 1284 visum
688 1229 744 1283 est
789 1219 878 1294 Quod
905 1239 977 1282 vero
1003 1221 1062 1302 ipsi
1090 1240 1142 1284 eas
1170 1240 1233 1286 non
1263 1223 1322 1286 sihi
1345 1243 1399 1288 er·

167 1323 377 1406 cogitaverint,
408 1333 442 1384 ut
468 1321 509 1384 illi
541 1322 661 1402 quidem
688 1321 847 1396 obiiciunt,
881 1321 935 1384 sed
963 1321 1000 1384 ab
1029 1322 1094 1385 aliis
1122 1341 1156 1383 se
1178 1323 1398 1404 antiquioribus

166 1423 346 1507 acceperint,
369 1440 423 1501 aqe
444 1422 474 1485 id
496 1439 617 1502 quoque
639 1423 839 1495 ostendemus,
862 1439 900 1484 ue
921 1422 968 1483 vel
989 1423 1062 1484 baec
1083 1424 1146 1502 ipsa
1168 1425 1315 1488 incusatio
1337 1425 1397 1488 dlis

165 1526 310 1608 supersit.
354 1523 466 1586 Discite
487 1523 594 1602 igitur,
617 1541 635 1584 o
658 1521 768 1585 Christi
789 1523 894 1586 hostes
913 1521 1033 1597 Ariani,
1056 1523 1279 1603 theognostum
1299 1527 1397 1590 virum

168 1627 317 1690 eruditum
339 1624 460 1686 minime
487 1624 634 1704 refugisse
666 1621 703 1684 ab
725 1623 780 1684 hec
801 1623 866 1702 ipsa
886 1622 1015 1686 dictione
1037 1643 1076 1688 em
1097 1625 1277 1690 substantio.
1321 1627 1397 1690 liam

167 1728 198 1790 iu
220 1726 354 1791 wcundo
374 1724 616 1806 llppotyposeeie
636 1723 711 1786 haec
731 1723 769 1786 de
789 1723 865 1786 lilio
887 1725 1006 1787 scibit:
1030 1725 1118 1798 „Non
1141 1727 1325 1788 extrinsecus
1341 1727 1397 1790 sd·

167 1829 315 1904 „inuenta
344 1833 391 1888 est
417 1825 484 1886 Filii
512 1825 677 1887 substantie
705 1841 801 1904 neque
829 1843 865 1886 es
892 1825 985 1887 nihilo
1007 1825 1127 1899 educa,
1157 1826 1212 1888 sed
1242 1843 1278 1888 ex
1299 1825 1398 1889 Patris

168 1927 364 2006 „substantia
387 1934 455 1987 nata
477 1933 538 2000 est,
568 1934 601 1988 ut
628 1925 703 1987 lucis
733 1925 926 2005 splenderet
947 1943 1041 2005 aquae
1062 1944 1171 2006 repor3
1199 1925 1399 2007 nequeenim

167 2077 188 2106 „
196 2029 340 2110 splendor
365 2035 415 2089 aut
437 2045 530 2107 vapor
550 2026 615 2108 ipsa
637 2045 712 2107 aqua
733 2026 779 2086 vel
802 2025 867 2104 ipse
889 2025 935 2088 sol
957 2031 1021 2100 est3
1043 2043 1140 2106 neque
1161 2045 1265 2090 narsus
1287 2027 1399 2108 aliquid

167 2138 245 2206 „est
265 2129 403 2200 alienum,
427 2128 479 2190 sed
503 2137 549 2190 est
571 2127 679 2208 aliquid
702 2143 845 2190 emaoaus
868 2143 904 2188 ex
917 2126 1017 2188 Petris
1036 2125 1210 2202 substantia,
1231 2129 1271 2191 ita
1286 2137 1396 2203 umen,

166 2239 230 2308 „ut
251 2229 361 2291 nubam
385 2227 561 2292 divisionem
584 2229 686 2291 eedem
708 2227 806 2290 Patris
828 2227 994 2290 substantie
1017 2227 1058 2290 sit
1077 2245 1229 2308 perpessa.
1265 2227 1303 2292 Ut
1317 2229 1397 2293 euim

109 2387 119 2396 .
165 2331 242 2407 „sol
263 2329 341 2392 idem
363 2347 485 2392 manens
508 2329 599 2392 radiis
620 2329 657 2392 ab
678 2329 746 2410 ipso
768 2327 989 2409 profluentibus
1011 2345 1072 2389 nou
1094 2328 1252 2406 minuitur3
1276 2330 1318 2393 ita
1339 2349 1396 2393 ne·

167 2449 256 2510 „que
277 2429 373 2490 Patris
395 2429 560 2490 substantia
574 2429 767 2492 mutationem
785 2429 871 2492 ullam
893 2429 1014 2510 patitur,
1037 2447 1103 2490 cunr
1118 2429 1224 2492 lilium
1238 2429 1397 2512 suiipsius

167 2529 357 2608 „imaginem
378 2528 498 2589 hahet.“
545 2528 596 2590 Sic
625 2527 714 2606 igitur
741 2529 953 2608 Thcoqnostus
981 2547 1066 2591 suem
1095 2529 1161 2610 ipse
1189 2539 1320 2592 urentem
1348 2529 1398 2590 his

168 2627 275 2690 verbis
297 2626 422 2704 aperuit,
444 2643 510 2686 oum
533 2643 567 2686 es
588 2643 664 2703 quae
685 2635 771 2688 antea
792 2637 997 2708 proposuerat,
1020 2646 1081 2690 nou
1102 2629 1161 2690 uisi
1177 2627 1399 2691 exercitationis
1509 2679 1516 2690 .

175 2724 273 2804 gratia
294 2723 492 2800 expendisset
535 2723 608 2784 Cum
629 2723 698 2786 item
714 2726 869 2806 Dionysius
884 2728 1076 2790 alexandriae
1099 2729 1261 2807 episcopos
1283 2739 1320 2788 ex
1341 2725 1401 2797 his,

175 2841 256 2905 quae
277 2821 419 2883 adversos
442 2821 600 2884 Sabelliuur
622 2824 796 2903 scripserat,
823 2827 930 2904 quihus
957 2845 1065 2905 nempe
1087 2825 1248 2888 Salvatoris
1277 2824 1401 2902 dispen-

152 2924 325 2988 'sationcm
355 2921 517 2986 secundum
545 2939 662 2984 munem
690 2925 844 3003 permultis
871 2925 1043 3004 explanabat
1069 2943 1104 2986 ae
1132 2923 1203 2984 inde
1234 2921 1404 2984 confutabat

170 3025 359 3091 Sabellianos
384 3021 632 3103 ostendebatque,
655 3041 716 3084 non
739 3021 855 3084 Patrem
875 3025 984 3086 lactum
1006 3041 1075 3084 esse
1096 3039 1232 3093 caruem,
1254 3021 1307 3083 sed
1329 3021 1401 3083 ller-

168 3129 252 3201 bum,
276 3126 320 3188 uti
342 3125 476 3202 loannes
493 3123 580 3199 dicit,
603 3143 686 3197 oum,
710 3124 840 3202 inquam,
864 3123 894 3184 in
917 3122 1118 3201 suspicionem
1141 3121 1270 3186 uenisset
1290 3121 1400 3186 dixisse

170 3229 277 3290 Filium
299 3243 362 3288 rem
385 3225 490 3287 lactem
513 3234 543 3288 et
564 3233 693 3288 creatam
717 3243 802 3298 esse,
834 3241 895 3284 non
918 3241 989 3284 vero
1010 3221 1091 3284 Patri
1112 3221 1396 3300 consubstantialem,

170 3327 270 3390 literas
298 3327 380 3388 dedit
407 3326 443 3388 ad
471 3327 583 3388 llomae
603 3325 787 3406 Episcopum
810 3322 982 3403 llionpsiom
1004 3341 1123 3404 quoque
1144 3323 1333 3404 appellatum,
1367 3325 1397 3386 in

172 3429 279 3508 quihus
302 3445 337 3489 se
364 3443 530 3506 expurgans
558 3425 765 3498 asseverabat,
792 3423 966 3486 calumniam
993 3424 1069 3486 banc
1095 3441 1164 3486 esse
1191 3425 1334 3486 adversus
1363 3443 1396 3486 se

174 3529 342 3602 confidam
370 3543 522 3605 nunquam
551 3525 629 3588 enim
657 3545 691 3587 se
713 3524 820 3586 Filium
844 3525 953 3588 ledum
975 3524 1101 3600 dixisse,
1131 3524 1185 3586 sed
1212 3525 1293 3586 illum
1316 3523 1396 3586 Patri

172 3677 220 3728 sori
239 3670 401 3742 ἀπολογίαν,
421 3671 450 3726 ἰν
467 3671 758 3744 γυμνοοῖαελόγφκοῖ
808 3677 834 3728 le
851 3681 947 3742 septimo
965 3685 1042 3729 eutem
1060 3679 1174 3736 orations,
1196 3691 1264 3738 quom
1283 3681 1304 3723 el
1316 3675 1404 3732 dellei,

173 3739 205 3796 eri
222 3740 303 3806 δόξης
320 3745 406 3794 τοῦτο
423 3741 572 3810 npcrsdsis·
601 3746 627 3796 ld
638 3755 689 3794 est:
704 3747 759 3796 dees
809 3747 898 3808 opificio
921 3747 1046 3804 inscribit,
1070 3745 1147 3804 saepis
1170 3745 1209 3804 pie
1226 3757 1278 3792 esst
1294 3743 1323 3790 de
1341 3743 1397 3792 aliis

174 3815 202 3864 ele
219 3815 282 3864 Filio
307 3816 419 3874 disserit,
447 3829 497 3863 ειοο
520 3828 568 3863 sem
590 3822 691 3864 erectm
707 3829 758 3862 esse
808 3815 876 3862 redsa
900 3819 948 3861 tuns
969 3815 1093 3874 proeeqm
1116 3811 1142 3856 is
1164 3810 1209 3870 pne
1233 3811 1347 3858 orationis
1368 3811 1397 3858 ds

174 3882 290 3942 desierat,
319 3883 423 3944 solisque
446 3883 515 3928 sehse
538 3882 628 3928 ratione
645 3881 758 3942 praeditis
810 3877 870 3926 Filio
901 3879 1012 3939 disputet.
1057 3875 1117 3932 eris
1145 3887 1221 3936 porro
1249 3875 1321 3923 luerit
1352 3875 1396 3922 iste

171 3949 318 4012 praesidere,
345 3955 365 3997 et
384 3949 433 3996 elio
450 3947 577 4010 quaedum,
596 3953 620 3993 et
640 3945 758 4006 driqenes,
812 3943 989 4002 theognostus,
1008 3953 1035 3990 et
1047 3941 1322 4002 trascriptonaeiosdem
1330 3941 1397 4003 Ope·

174 4015 234 4064 Filio
253 4017 358 4078 otpaqit,
379 4017 428 4064 sios
445 4014 525 4062 eedem
542 4027 569 4062 ee
586 4011 628 4060 ille
644 4013 761 4074 impietate
813 4010 846 4056 ris
864 4009 926 4072 spud
946 4007 1056 4056 l'hotinm
1075 4010 1205 4060 bertwinus.
1224 4007 1264 4054 uhi
1283 4008 1342 4054 tense
1361 4007 1397 4054 le·

174 4083 287 4146 insectus,
317 4083 364 4131 sice
382 4088 406 4130 st
425 4081 477 4143 quis
494 4083 554 4142 sorte
572 4079 658 4126 dixerit
682 4077 715 4126 ed
730 4077 761 4124 il-
813 4083 913 4134 quntur:
943 4065 1103 4138 ἀνεγνώσθη
1129 4067 1310 4134 Θεογνειοιοο
1330 4063 1397 4122 'Aie-

175 4149 221 4198 ten
245 4155 361 4211 utrunque
379 4149 556 4210 detentorem,
575 4147 631 4194 hoec
649 4145 764 4194 esnello·
813 4134 949 4206 ξανδριυε
971 4136 1049 4220 ,λόγοι
1065 4133 1143 4218 ἕπεο,
1170 4123 1235 4219 eiij
1253 4131 1396 4253 lnerpopi

175 4217 246 4265 tionis
264 4219 348 4278 pretio,
367 4229 414 4264 soe
432 4221 507 4262 eutem
526 4213 658 4276 exproprie
670 4217 761 4260 senten·
814 4207 1009 4276 saepemque
1020 4203 1311 4272 Θεογνωστοολλιξον
1329 4203 1399 4274 pisas·

177 4283 209 4330 tie
225 4283 381 4346 proposuerit.
418 4279 446 4328 lit
465 4281 487 4326 in
507 4279 566 4328 tine:
585 4271 615 4326 Is
632 4269 760 4341 adepte
813 4269 857 4323 sai
874 4269 1005 4338 ἐξηγητοῦ
1022 4267 1218 4328 iussoneiests.
1255 4275 1399 4324 lectoessnt

177 4341 270 4414 δόμῳ,
300 4361 332 4393 ον
355 4359 400 4393 και
418 4359 480 4412 περι
498 4345 563 4394 deco
582 4338 763 4410 δημιουργίαι
815 4345 951 4406 lireoqsoeti
976 4346 1126 4394 Alexandrini
1156 4343 1276 4392 Orationes
1304 4347 1397 4404 septem,

176 4407 341 4480 ἱπιγρᾶφιι,
367 4403 557 4476 classicano
573 4425 631 4464 nore
653 4405 718 4476 usqi
734 4423 763 4458 ss
814 4413 879 4462 euius
890 4411 971 4474 Operis
988 4413 1045 4460 teee
1062 4417 1094 4458 ert
1112 4411 1233 4472 inscriptio
1239 4423 1249 4468 ,·
1266 4407 1331 4456 lieeti
1342 4407 1399 4454 rte-

177 4481 234 4528 τοῖν
252 4475 342 4528 ἄλλων
359 4472 554 4544 διαλαμβάνει,
580 4474 626 4527 ssi
641 4471 763 4543 poitiers
813 4479 905 4540 apacati
926 4477 1077 4526 remeasset
1100 4485 1121 4524 et
1145 4475 1277 4539 interpretis
1294 4471 1398 4534 lisposu-

177 4541 246 4614 nete
263 4546 302 4613 aqi
320 4543 389 4596 τέλει
406 4545 455 4594 τοῦ
472 4536 761 4612 liyeuueqiaosiciaei.
811 4559 889 4607 poseo.

208 4635 335 4677 tentasset
346 4645 398 4680 ere.
408 4643 479 4677 naen.
492 4644 541 4676 ιιι.
1179 4621 1195 4672 b
