3054 5236
445 375 561 420 corruo
575 377 793 422 tronernonrnrr
808 377 895 424 uranu
912 380 944 423 u.
1181 381 1187 390 '
1239 371 1302 436 oto

16 533 161 591 enoris
192 535 266 589 erat.
309 527 471 607 Postquam
495 536 592 590 autern
614 527 667 590 Dei
689 528 860 593 mandatum
881 538 1088 609 transgressus
1111 541 1171 607 eet,
1203 536 1234 598 in
1255 539 1301 600 ri·
1311 552 1388 600 non.

26 633 162 694 tiosas
192 631 297 709 lapsus
320 638 367 691 est
390 630 595 709 cogitationes,
617 649 679 692 non
702 630 782 710 quod
804 630 883 692 Deus
905 631 969 692 illas
992 633 1206 710 cogitationes,
1229 655 1304 716 quae

20 751 104 793 nos
141 732 179 792 in
208 729 403 811 captivitatem
426 731 572 810 redigunt,
596 731 771 802 condiderit,
796 730 848 791 sed
871 731 949 808 quod
972 731 1106 794 diabolus
1122 735 1224 798 fraude
1239 737 1303 802 illae
1365 811 1368 816 ¹

24 835 67 894 in
100 832 262 894 rationali
291 832 445 893 hominum
474 841 577 893 natura
607 831 638 892 in
666 831 919 909 praevaricatione
948 833 1108 894 constituta
1138 845 1167 896 et
1195 853 1212 896 a
1239 837 1301 902 Deo

23 935 193 1014 expulsa
216 932 300 1013 quasi
324 932 453 994 alienum
475 951 577 994 semen
600 931 760 998 induxerit.
783 931 824 993 ita
845 939 878 992 ut
899 931 1035 994 diabolus
1063 933 1159 1014 legem
1188 939 1301 1015 peooati

27 1037 67 1096 in
100 1043 229 1098 natura
251 1033 382 1095 hominis
406 1032 592 1096 constituerit
614 1051 731 1112 unaque
753 1040 893 1107 mortem,
920 1051 993 1112 quae
1015 1053 1070 1114 per
1091 1053 1167 1114 opus
1189 1040 1300 1117 peceati

29 1137 69 1197 in
101 1137 168 1197 itta
196 1135 379 1196 dominatum
403 1143 546 1196 exerceat.
591 1133 737 1207 Quocirca
759 1135 839 1196 veuit
852 1134 945 1196 Filius
960 1119 1024 1223 Dei,
1046 1143 1080 1196 ut
1101 1138 1196 1200 solvat
1212 1156 1301 1217 opera

33 1236 191 1299 diaboli.
237 1235 295 1298 Sed
319 1236 451 1298 instetis:
480 1237 563 1310 „iam
586 1236 690 1309 solvit,
714 1253 780 1298 oum
802 1253 863 1296 non
885 1237 1083 1315 peeearerit.“
1128 1241 1165 1298 tt
1185 1257 1300 1319 nequa-

34 1355 153 1416 quam
181 1345 230 1398 est
251 1336 322 1398 iilud
344 1345 496 1416 peecatum
518 1338 646 1399 solvere.
690 1337 792 1416 Neque
814 1337 893 1398 eninr
916 1337 952 1398 ab
974 1336 1060 1398 initio
1088 1347 1240 1418 peecatum
1268 1342 1301 1404 iu

37 1440 103 1500 illo
136 1446 284 1518 operatus
307 1446 353 1500 est
375 1438 521 1512 diabotus,
544 1445 577 1500 ut
597 1439 736 1499 veniente
757 1437 855 1500 Verbo
878 1437 908 1499 in
930 1439 1072 1500 mundum
1096 1447 1126 1502 et
1145 1459 1206 1502 non
1227 1461 1300 1521 peo-

38 1547 149 1601 oaute
175 1541 344 1601 solveretur
365 1545 535 1618 peceatum,
565 1538 619 1600 aed
641 1539 671 1599 in
694 1538 830 1600 rationali
854 1547 884 1601 et
905 1538 1097 1602 intellectuali
1114 1549 1219 1605 natura
1240 1543 1299 1604 ho-

42 1641 156 1702 minis
181 1659 240 1718 per
260 1640 412 1702 inductum
435 1657 537 1701 semen
560 1638 695 1701 diabolus
718 1647 871 1720 peceatum
899 1648 944 1702 est
965 1649 1115 1719 operatus.
1160 1643 1299 1722 Quapro-

42 1751 129 1820 pter
155 1741 345 1820 impossibile
366 1741 422 1803 tuit
444 1748 566 1804 naturae
587 1741 739 1815 rationali,
772 1759 848 1820 quae
870 1759 922 1802 sua
946 1751 1053 1820 sponte
1074 1751 1246 1822 peceaverat
1267 1762 1302 1807 ao

11 1887 12 1894 ι
47 1841 177 1904 mortis
202 1841 382 1904 damnationi
412 1841 541 1904 subiecta
564 1851 644 1915 erat,
674 1859 743 1904 sese
770 1841 800 1904 iu
828 1841 995 1904 libertatern
1022 1861 1178 1916 revocare,
1207 1851 1240 1905 ut
1261 1845 1302 1906 ait

12 2009 13 2014 γ
49 1943 248 2022 Apostolus:
270 1942 450 2025 Nam'pnod
470 1944 656 2024 impossibile
678 1952 745 2006 erot
769 1942 840 2022 tegi,
869 1948 901 2005 ia
925 1963 985 2023 pun
1008 1944 1225 2024 infirmabatur
1244 1963 1302 2024 per

53 2063 203 2110 earnem,
249 2044 438 2125 Quapropter
452 2033 539 2108 'venit
560 2045 626 2124 ipse
647 2044 702 2106 Dei
724 2042 826 2118 Filius,
849 2051 882 2107 ut
904 2063 968 2106 eam
990 2044 1020 2106 in
1043 2052 1148 2106 natura
1171 2062 1224 2106 sua
1246 2061 1301 2124 per

11 2223 12 2230 ἵ
50 2165 175 2208 novam
200 2145 344 2224 originem
368 2154 398 2207 et
419 2145 582 2208 mirabilem
605 2145 827 2225 generationem
849 2153 1039 2208 restauraret.
1076 2146 1143 2208 Nou
1159 2164 1218 2225 quo
1235 2130 1383 2212 oam'rnu.

55 2267 141 2327 quae
165 2247 203 2308 ab
225 2245 311 2309 initio
332 2249 406 2310 faeta
429 2254 492 2309 erat
513 2245 758 2310 constitutionem
780 2245 944 2320 divideret,
967 2247 1020 2308 sed
1043 2259 1103 2326 quo
1125 2265 1298 2325 super-se-

55 2349 209 2410 minatam
232 2348 454 2426 abrogationem
477 2348 643 2427 abrogaret,
664 2354 699 2409 ut
719 2354 842 2410 testatur
865 2347 1012 2428 Propheta
1036 2347 1154 2408 dicens:
1187 2347 1299 2410 Prius-

11 2489 12 2492 =
58 2469 155 2532 quom
180 2461 340 2530 cognoseat
364 2450 520 2531 porrulos
549 2450 659 2512 bonnm
681 2449 730 2510 vet
750 2449 877 2522 motum,
909 2450 1058 2530 reprobat
1087 2447 1233 2510 molitione
1261 2448 1301 2510 ori

61 2551 238 2629 eligendum
260 2552 380 2612 bonnm.
425 2550 512 2622 Quod
536 2551 561 2612 si
585 2551 616 2612 in
638 2543 751 2624 natura,
775 2569 850 2630 quae
865 2556 1045 2629 peccaverat,
1068 2548 1298 2628 impeccabilitas

11 2629 13 2644 ¹
60 2669 129 2714 nou
152 2647 356 2729 apparuisset,
385 2669 438 2711 our
459 2659 612 2729 peecatum
634 2651 664 2712 in
687 2669 775 2714 carne
797 2651 966 2712 damnatum
988 2658 1084 2724 esset,
1114 2669 1180 2712 eum
1202 2668 1298 2728 neque

11 2827 13 2836 y
65 2769 139 2814 earo
160 2750 272 2829 peceati
294 2756 390 2811 aetum
405 2750 523 2824 habeat,
545 2769 641 2831 neque
655 2753 685 2814 iu
701 2752 885 2814 divinitatem
900 2758 1052 2829 peecatum
1068 2747 1175 2811 eadat?
1198 2748 1297 2822 Quare

63 2851 230 2931 Apostolus
253 2850 338 2912 dieit:
366 2849 423 2914 tlon·
434 2853 599 2916 abundavit
616 2864 783 2933 peceatum,
805 2852 849 2913 tot
869 2851 1129 2930 superabundavit
1144 2860 1174 2912 et
1185 2855 1296 2931 gretia,

11 3021 12 3024 ,
66 2971 131 3016 nou
152 2953 250 3016 locum
271 2952 422 3026 iudicans,
445 2953 497 3014 sed
519 2957 655 3016 naturam
678 2949 873 3030 significans?
920 2950 958 3014 Ut
980 2955 1073 3022 stent,
1107 2948 1223 3028 inquit‚-
1238 2967 1299 3030 per
1408 2967 1413 2980 ¹

11 3045 13 3052 ’
68 3073 165 3116 unum
187 3054 333 3115 homonem
352 3065 509 3134 peceatum
529 3059 563 3117 ia
584 3055 664 3117 itone
685 3053 830 3116 mundum
850 3055 990 3129 introvit,
1017 3061 1045 3114 et
1063 3069 1122 3132 per
1139 3059 1298 3133 percomta

71 3172 164 3224 moro,
186 3158 229 3216 ito
247 3171 307 3234 per
327 3172 423 3216 onom
445 3155 591 3218 hominem
613 3154 715 3217 lerum
738 3151 892 3214 Christum
917 3155 1021 3232 gratio
1043 3161 1149 3231 regnet
1166 3169 1226 3232 per
1246 3155 1297 3214 to-

71 3258 183 3318 rtitiam
203 3260 238 3317 in
259 3257 352 3316 eitam
374 3263 546 3330 oeternum,
567 3261 602 3315 ut
621 3272 677 3335 per
698 3271 786 3333 quam
808 3260 941 3314 naturam
963 3260 1116 3333 peceatum
1138 3251 1296 3330 prooessit,

11 3431 12 3442 ἵ
70 3373 126 3435 per
147 3356 266 3418 eandem
289 3355 419 3418 iustitiae
441 3356 592 3435 specimen
615 3355 752 3427 daretur,
780 3361 811 3416 et
838 3353 886 3416 sie·
909 3356 1036 3416 humana
1058 3361 1162 3416 natura
1184 3372 1201 3414 a
1222 3371 1295 3433 pet:-

72 3462 136 3518 oato
156 3455 274 3520 liberata
297 3456 406 3518 dioboli
429 3475 519 3536 opere
541 3457 729 3520 solverentur
749 3456 871 3534 Deoque
894 3455 987 3536 gloria
1009 3455 1139 3517 daretur.

156 3760 183 3819 7.
223 3756 401 3818 erroreum
424 3755 537 3818 dicitis:
568 3757 624 3830 „Si
647 3757 738 3818 homo
761 3764 806 3818 eet
828 3755 981 3839 chriptus,
1003 3773 1074 3836 pars
1098 3755 1155 3816 erit
1174 3755 1293 3832 mundi3

80 3873 167 3936 „paro
187 3863 283 3916 eutem
306 3855 409 3918 mnndi
430 3855 574 3918 muudum
597 3856 710 3918 salvum
732 3858 830 3917 faeere
851 3855 985 3934 nequit.“
1023 3855 1194 3918 Ofellaoiae
1209 3873 1293 3918 oom-

112 4041 133 4088 εἰ.
154 4040 189 4088 Sie
210 4039 308 4100 Seguer.
333 4037 431 4088 Gobler.
459 4047 483 4089 et
499 4040 607 4090 Fetetrm.
631 4041 653 4090 t.
705 4029 971 4105 inepareptooenoer.
1025 4036 1088 4086 Editi
1119 4051 1174 4104 repo
1205 4044 1229 4088 et
1252 4037 1293 4087 etit

69 4106 138 4157 'Editi
147 4114 215 4156 rotem
228 4098 274 4153 διὰ
286 4099 394 4172 σαρκὸς,
410 4099 456 4153 διὰ
464 4105 546 4154 τοῦτο
564 4091 652 4166 ἢλθεν.
704 4098 939 4169 ὕπεπερίσσευσεν.
989 4103 1294 4164 perseueranter.

83 4175 146 4254 lptra'
157 4173 246 4224 Gobter.
271 4181 294 4222 et
313 4174 417 4224 Fetetm.
430 4173 452 4222 l.
471 4181 495 4224 et
512 4174 536 4224 5.
553 4172 654 4242 rgoeprir
703 4172 795 4233 ungue.
815 4180 839 4222 et
855 4172 960 4222 tuctu.
981 4171 1002 4222 l.
1022 4161 1054 4220 οὒ
1071 4163 1159 4219 τόπον
1174 4162 1295 4239 ὑπογρά-

83 4257 99 4289 e
132 4255 165 4294 ις.
730 4253 777 4287 ων.

100 4255 144 4308 w
699 4253 728 4374 Ᾰφ
738 4322 760 4385 g.
779 4306 869 4384 nuptie.
888 4307 987 4368 Segner.
1002 4305 1099 4358 Gobier.
1117 4314 1140 4356 et
1151 4306 1256 4358 Feletro.
1268 4307 1290 4358 1.

703 4368 750 4422 δια
767 4389 875 4434 rovorr-
913 4375 1003 4424 ibidem
1025 4369 1073 4421 καί
1089 4375 1157 4424 deest
1174 4375 1198 4425 in
1217 4373 1291 4424 norit.

139 4493 143 4502 ,
589 4462 597 4471 ·
703 4443 778 4492 Penio
791 4452 854 4524 poet
870 4443 970 4505 Seguer.
993 4433 1219 4510 ὶλευθερουμένης
1241 4437 1290 4499 τῆς

115 4513 129 4560 t.
145 4512 178 4562 Sio
193 4513 290 4576 Segner.
325 4511 388 4561 Editi
406 4519 431 4562 et
447 4503 648 4576 ntiicipnpriar.
702 4499 862 4575 ἄνθρωπον.
900 4509 996 4560 Gobter.
1016 4518 1039 4560 et
1056 4511 1161 4560 Fetetm.
1181 4512 1203 4561 t.
1221 4501 1291 4556 ἕλευ·

88 4577 150 4628 Panlo
163 4589 211 4644 port
228 4583 327 4643 Segoer.
347 4579 445 4630 notter.
470 4589 493 4631 et
510 4579 649 4632 Feiotm.1.
701 4574 871 4646 θερωθείσης
887 4575 935 4638 τῆς
953 4566 1136 4643 ἀνθρωπίνης.

116 4665 223 4714 Διιιιιιιι
234 4678 285 4712 err.
295 4679 366 4713 root.
379 4678 428 4712 ιιι..
1052 4659 1085 4710 58

114 4359 132 4392 e.
148 4343 177 4393 lto
194 4341 331 4404 Segnerien.
354 4341 451 4393 Gohtor.
470 4348 494 4392 ot
510 4339 608 4392 Fetctm
628 4343 651 4392 t.

84 4403 308 4466 nutriremur,
328 4401 344 4469 ἢ
362 4403 451 4456 κακόν.
