3258 5276
223 328 287 393 270
623 337 650 380 s.
665 335 821 380 ιτσεαεεσ
835 333 1061 378 ιαοσιεειεαονι

134 485 462 571 εωεκατερχόμενοι,
484 483 564 566 περὶ
586 481 623 547 δὲ
643 483 704 548 τοῦ
726 480 800 547 υίοῦ
823 499 923 566 φησι·
951 476 1008 544 καί
1028 477 1350 566 προςκυνησάτωσαν
1366 474 1456 568 αὐτῷ

220 585 345 664 πάντες
367 583 499 670 ἄγγελοι
520 585 603 650 θεοῦ
614 587 650 662 ι)·
673 581 727 648 καί
751 577 808 647 ὅτε
828 581 888 665 μὲν
912 575 1044 666 άγγελοι
1066 579 1267 660 διακονοῦσι,
1290 579 1454 666 λέγουσιν,

220 683 293 752 ’ότι
315 679 506 772 ἀπεστάλην
528 682 614 771 πρὸς
636 688 683 763 σέ,
706 683 760 750 καί
781 680 894 768 κύριος
908 677 1108 762 ἐνετείλατο,
1132 677 1204 749 όδὲ
1217 681 1289 760 υίὸς
1303 675 1362 770 κᾷν
1377 683 1454 770 λέγῃ

220 781 464 874 ἀνθρωπίνως,
486 781 563 852 ι’δτι
585 779 776 868 ἀπεστάλην
798 784 853 848 καί
877 781 1005 879 ἔρχεται
1026 782 1065 850 τὸ
1088 782 1181 871 ἐ’ργον
1202 785 1378 851 τελειῶσαι
1399 782 1456 849 καὶ

220 887 424 976 διακονῆσαι,
449 889 536 974 λέγει
558 882 649 971 ὅμως
670 881 734 964 “ῶς
755 882 853 970 λόγος
873 887 929 950 καί
952 883 1047 952 είκῶν
1068 879 1242 972 όπάρχων·
1265 883 1328 970 ἐγὼ
1351 883 1385 951 ἒν
1406 885 1454 970 τῷ

219 987 325 1076 πατρί
344 993 399 1056 καί
423 985 441 1055 ό
463 987 574 1075 πατὴρ
597 987 631 1056 έν
653 986 729 1071 ἐμοί
751 984 838 1066 ἐστι,
861 992 933 1053 καί·
956 983 974 1051 ὃ
997 985 1150 1072 ἑωρακὼς
1171 985 1229 1072 ἐμὲ
1251 984 1375 1072 ἑώρακε
1395 983 1454 1052 τὸν

219 1095 359 1178 πατέρα,
381 1095 454 1157 καί·
483 1086 502 1155 ὁ
529 1087 640 1176 πατὴρ
668 1087 724 1154 “ἒν
754 1085 830 1171 ἐμοὶ
849 1092 958 1172 μένων
980 1081 1080 1166 αὐτὸς
1101 1087 1144 1155 τά
1166 1087 1244 1173 ἔργα
1264 1091 1403 1167 ποιείἿ·
1431 1083 1455 1152 ἃ

218 1191 280 1280 γὰρ
303 1191 338 1260 έν
359 1194 399 1278 τῇ
422 1190 525 1259 εἰκόνι
546 1215 598 1269 τις
619 1189 721 1276 ταύτῃ
744 1194 880 1274 θεωρεῖ,
902 1191 1008 1256 ταῦτα
1028 1192 1088 1255 τοῦ
1111 1189 1240 1276 πατρός
1260 1188 1350 1257 ἔστιν
1366 1187 1452 1276 ἐ’ργα.

141 1358 146 1367 ,
219 1293 292 1361 έστι
312 1293 372 1377 μὲν
395 1281 452 1358 οὗν
475 1290 572 1358 ἱκανά
592 1291 697 1356 ταῦτα
719 1289 915 1374 δυςωπῆσαι
928 1289 1006 1369 τοὺς
1020 1295 1226 1376 μαχομένους
1246 1290 1332 1377 πρὸς
1353 1283 1453 1374 αὐτὴν

218 1391 277 1480 τὴν
300 1387 473 1478 ἀληθειαν,
498 1391 528 1458 εἰ
550 1387 583 1458 δ’
610 1386 664 1457 ὅτι
677 1396 878 1476 γέγραπται·
900 1392 1075 1477 γενόμενος
1088 1397 1254 1478 κρείττων,
1269 1389 1455 1477 τὸγενόμε-

217 1515 275 1570 νος
296 1485 334 1558 οὐ
357 1493 517 1560 θέλουσιν
540 1487 586 1570 ῶς
606 1490 684 1578 περί
707 1490 799 1558 ὐἱοῦ
814 1489 988 1577 λεγόμενον
1005 1487 1078 1560 ίσον
1094 1487 1234 1560 άκοϋσαι
1253 1492 1453 1577 γεγενῆσθαι

217 1593 273 1658 καί
293 1591 395 1673 ἐ’στιν,
418 1585 440 1678 ἢ
462 1591 520 1659 διὰ
540 1592 580 1658 τὸ
601 1594 801 1678 γεγενῆσθαι
821 1591 881 1679 τὴν
895 1598 1067 1679 κρείττονα
1081 1587 1249 1659 διακονίαν
1264 1590 1303 1656 τὸ
1317 1588 1451 1676 γενόμε-

128 1713 208 1758 αισι.
217 1715 275 1772 νος
297 1695 411 1780 λαβεῖν
431 1695 487 1760 καί
509 1702 597 1760 νοεῖν
620 1689 730 1778 ὥςπερ
761 1693 916 1778 ε’ίπομεν,
946 1689 1031 1762 ἀλλὰ
1057 1694 1247 1779 νομίζουσιν
1276 1690 1311 1760 έκ
1331 1688 1453 1778 ταύτης

216 1796 276 1882 τῆς
298 1795 417 1875 λέξεως
437 1793 571 1881 γενητὸν
587 1792 744 1878 εἰρῆσθαι
758 1793 816 1861 τὸν
837 1792 951 1880 λόγον·
974 1789 1182 1862 άκουέτωσαν
1198 1791 1350 1878 συντόμῳ
1364 1791 1453 1879 λόγῳ

216 1898 323 1963 ταῦτα
343 1894 456 1975 πάλιν,
480 1893 596 1982 ἐπειδὴ
619 1895 685 1960 τῶν
708 1893 903 1981 ἐἰρημένων
926 1895 1146 1964 ἐπελάθοντο.
1475 1899 1477 1906 '

303 2003 354 2065 62.
399 1996 441 2063 Εί
461 1996 522 2080 μὲν
545 1995 580 2062 έκ
601 1997 667 2061 τῶν
691 1991 834 2080 ἀγγέλων
858 1993 949 2062 ἐστίν
972 1991 991 2061 ὅ
1014 1996 1094 2076 υἱός,
1117 1995 1224 2064 «έστω
1245 1996 1300 2063 καί
1322 1988 1374 2062 ἐπ’
1392 1989 1452 2060 αδ-

215 2099 275 2164 τοῦ
298 2091 344 2175 ῶς
366 2090 417 2163 ἐπ’
442 2095 573 2163 ἐκείνων
595 2093 634 2161 τό
656 2095 838 2180 γενόμενος,
861 2098 915 2162 καί
937 2096 1040 2183 μηδὲν
1063 2091 1172 2163 αὐτῶν
1199 2096 1285 2162 κατὰ
1306 2094 1365 2183 τὴν
1387 2093 1450 2182 φό-

216 2217 271 2264 σιν
293 2198 496 2285 διαφερέτω·
520 2189 589 2263 ἇλλ’
607 2196 757 2264 ἔστωσαν
780 2190 821 2281 ίῆ
840 2198 894 2263 καί
911 2185 1005 2262 οὗτοι
1019 2196 1087 2262 υίοί
1103 2192 1124 2282 ἢ
1140 2193 1290 2283 κᾷκεϊνος
1305 2193 1455 2282 άγγελος,Ι

214 2300 269 2364 καί
291 2300 384 2386 κοινῇ
412 2296 537 2376 πάντες
563 2297 825 2378 καθεζέοθωσαν
853 2295 889 2363 ἐκ
916 2296 1034 2374 δεξιῶν
1061 2297 1122 2362 τοῦ
1144 2295 1290 2381 πατρός,
1319 2292 1342 2383 ἢ
1366 2295 1451 2382 μετὰ

214 2396 351 2465 πάντων
372 2401 426 2465 καί
450 2395 469 2464 ό
490 2397 563 2477 υίὸς
584 2399 831 2487 ἰπαρεστηκέτω
847 2392 892 2477 ῶς
911 2395 1131 2484 λειτουργικὸν
1146 2399 1288 2482 πνεῦμα,
1313 2397 1362 2472 είς
1376 2399 1450 2464 δια-

213 2503 327 2565 κονίαν
350 2492 670 2584 άττοστελλόμενοςἿ
692 2499 749 2566 καὶ
770 2495 870 2577 αὐτὸς
891 2493 1038 2582 Ι(ὁμοίως
1053 2492 1192 2565 ἐκείνων.
1223 2497 1254 2566 εί
1269 2499 1306 2564 δὲ
1320 2497 1450 2583 διΐστη-

214 2621 268 2667 σιν
298 2595 317 2666 ό
339 2601 476 2679 Παῦλος
503 2599 561 2666 τὸν
588 2599 661 2666 υίὸν
691 2595 761 2666 άπὸ
789 2603 856 2667 τῶν
885 2601 1028 2688 γενητῶν
1056 2599 1173 2684 λέγων·
1202 2603 1271 2664 τίνι
1289 2597 1350 2686 γὰρ
1374 2591 1450 2664 εἶπέ

211 2721 298 2768 ποτε
319 2701 401 2767 ιτῶν
423 2695 578 2786 ἀγγέλων,
600 2700 673 2778 υἱός
692 2723 757 2785 μου
781 2695 812 2767 εί
826 2700 886 2782 σό,·
907 2701 963 2766 καὶ
986 2689 1083 2778 οὗτος
1104 2701 1164 2785 μέν
1187 2700 1378 2787 δημιουργεῖ
1392 2698 1452 2766 τὸν
1607 2727 1625 2778 d

212 2794 353 2888 οὐρανὸν
374 2803 428 2868 καί
450 2799 509 2887 τὴν
531 2803 601 2888 γῆν,
625 2797 719 2867 αὐτοὶ
744 2802 781 2868 δὲ
802 2795 881 2888 παρ’
906 2795 1008 2867 αὐτοῦ
1023 2807 1181 2887 γίνονται,
1205 2800 1261 2867 καί
1276 2797 1376 2881 αὐτὸς
1390 2802 1450 2885 μίν

211 2900 297 2986 μετὰ
316 2903 376 2968 τοῦ
398 2901 527 2990 πατρὸς
547 2901 741 2983 καθίζεται,
770 2902 804 2969 οί
826 2901 861 2968 δὲ
883 2899 1142 2989 “παρεστήκασι
1170 2903 1450 2990 λειτουργοῦντες·

155 3063 159 3075 x
211 3009 279 3070 τίνι
299 3001 403 3070 πάλιν
425 2999 484 3072 οδκ
507 3003 579 3071 ἔστι
600 3001 760 3092 φανερόν,
790 2998 843 3069 ὅτι
872 2997 930 3070 οὐκ
957 3002 1015 3070 ἐστί
1043 3006 1102 3090 τῆς
1130 2997 1248 3082 οὗσίας
1268 3006 1329 3070 τοῦ
1351 3003 1450 3089 λόγου

211 3102 322 3188 ’έλεγε
342 3103 382 3170 τὸ
403 3103 593 3191 γενόμενος,
617 3098 686 3172 ἀλλ’
713 3101 772 3173 ἐπὶ
793 3106 851 3192 τῆς
873 3098 915 3170 δι’
940 3097 1042 3170 αὐτοῦ
1064 3104 1448 3190 γενομένηςδιακονίαςς

212 3197 258 3278 ῶς
279 3201 341 3287 γὰρ
364 3203 461 3288 λόγος
483 3200 529 3270 ῶν
550 3212 662 3291 γέγονε
685 3205 783 3294 σάρξ,
813 3201 900 3273 οότω
927 3203 1103 3290 γενόμενος
1130 3200 1316 3288 ἄνθρωπος
1336 3209 1448 3290 γέγονε

210 3298 362 3386 τοσούτῳ
383 3308 539 3388 κρείττων
562 3305 596 3372 έν
617 3308 658 3392 τῇ
682 3307 834 3392 διακονίᾳ
855 3309 914 3393 τῆς
935 3304 994 3371 διὰ
1020 3308 1086 3373 τῶν
1110 3297 1253 3390 ἀγγέλων
1273 3311 1450 3390 γενομένης

212 3399 390 3480 διακονίας,
415 3397 485 3487 όσῳ
507 3403 660 3491 διαφέρει
683 3401 811 3472 δούλων
832 3405 925 3483 0υἱός
946 3404 1003 3472 καὶ
1025 3406 1062 3473 δὲ
1084 3401 1281 3496 δημωυργὸς
1300 3406 1367 3472 τῶν
1390 3403 1449 3490 δη-

209 3506 487 3586 μιουργουμένων.
526 3499 608 3580 ῶςτε
629 3503 887 3573 παυσάσθωσαν
911 3503 968 3572 ίπί
989 3509 1049 3592 τῆς
1064 3503 1181 3586 οὐσίας
1194 3508 1254 3572 τοῦ
1275 3505 1348 3573 υἱοῦ
1365 3505 1449 3590 λαμ-

211 3601 325 3688 βάνειν
346 3602 385 3671 τὸ
408 3601 591 3692 γενόμενος,
616 3599 675 3671 οὐκ
697 3605 769 3673 έστι
789 3604 851 3694 γὰρ
873 3609 940 3674 τῶν
954 3612 1107 3695 γενητῶν,
1130 3607 1187 3676 καί
1200 3607 1378 3694 γνώτωσαν
1394 3602 1447 3673 ὅτε

280 3795 305 3856 1)
323 3792 398 3846 Ησόσ.
418 3797 441 3858 1,
459 3795 483 3847 6.
554 3791 665 3856 2J10an.
687 3793 829 3857 14,1ο.9.
850 3795 889 3846 10.
960 3793 1181 3860 ³)flehr.1,1⁴.
1241 3795 1447 3858 4)flebr.1,5.

244 3944 267 3980 ε.
285 3929 385 3992 Βοηαιν.
405 3929 504 3982 Gobler.
523 3937 547 3980 ει
562 3929 670 3982 Felckm.
687 3929 709 3980 1.
728 3930 803 3982 omit·
854 3929 934 3992 Ceteri
958 3937 1038 3982 autem
1065 3940 1090 3983 ει
1107 3931 1164 3983 editi
1183 3923 1198 3978 ὃ
1216 3923 1246 3980 ἒν
1263 3924 1326 3999 ἐμοὶ
1342 3925 1445 3996 μένων,

209 4004 264 4048 tunt
282 3989 333 4046 δτι.
591 4010 598 4023 ·
854 3992 888 4046 τά
905 3990 921 4048 ἓ
936 4013 975 4063 γα
992 3999 1072 4050 ποιεί.
1109 3999 1169 4049 ίίιίδ.
1187 3999 1289 4063 8εςιιεε.
1308 3989 1327 4047 ά
1343 3991 1398 4064 γὰρ
1416 3991 1447 4046 ἐν

241 4063 269 4114 b.
287 4061 385 4116 Gobler.
403 4071 428 4114 οἱ
442 4064 551 4142 felckm.
565 4065 588 4115 1.
607 4058 800 4133 ἀνθρωπίνας,
852 4064 887 4132 τῇ
904 4012 988 4115 είίτάνι
1005 4080 1047 4121 τις
1063 4059 1158 4132 ταύτῃ.
1196 4067 1223 4116 ln
1248 4067 1302 4117 aliis
1327 4073 1352 4116 εί
1375 4065 1447 4118 editis

209 4123 333 4190 ἐστάλην.
351 4131 424 4181 Βεείί.
435 4125 580 4192 απεστόλη.
599 4133 690 4183 Ibidem
701 4135 801 4197 δεεσσε.
853 4135 922 4185 deest
939 4129 1032 4201 ταύτῃ.

210 4199 310 4250 Gohler.
329 4205 352 4248 ει
370 4198 474 4248 Felckm.
491 4199 512 4247 1.
530 4193 576 4246 καί
593 4191 710 4266 ἔρχεται.
736 4202 800 4251 Ειίίίί
887 4216 909 4252 ε.
927 4202 1028 4263 Seguor.
1054 4195 1118 4267 περί
1137 4191 1236 4260 Ἰησοῦ.
1273 4201 1326 4250 Mox
1344 4198 1445 4260 Seguer.

210 4274 235 4316 οι
253 4266 293 4315 ulii
313 4258 360 4312 καί
377 4255 491 4331 ἄγεται.
852 4267 950 4319 Gobler.
970 4275 994 4318 et
1012 4267 1189 4318 Felckman.1.
1207 4263 1376 4332 γεγενῆσθαι
1395 4259 1447 4311 τὸν
1550 4313 1556 4327 ,

244 4348 265 4383 ε.
284 4324 321 4385 δε
338 4333 407 4382 abest
425 4348 438 4383 ε
457 4333 557 4396 Seguer.
576 4333 800 4384 Gobl.etFelckm.
850 4330 1002 4401 κρείττονα.
1029 4335 1172 4386 Felekm.5.
1190 4337 1248 4386 item
1264 4329 1443 4448 γεγενῆσθαί·
1616 4349 1625 4386 ε

209 4401 235 4450 1.
269 4397 322 4449 Mox
341 4400 412 4450 iidem
431 4393 462 4449 έν
478 4393 543 4466 ίμοί
557 4391 624 4450 ίστι.
659 4400 686 4450 {n
705 4399 759 4452 nliis
777 4409 801 4452 et
851 4403 895 4452 Alii
912 4410 936 4452 et
954 4403 1010 4453 editi
1027 4398 1160 4467 γενέσθαι
1176 4397 1226 4452 τὸν
1243 4411 1367 4468 κρεττω.

207 4466 281 4518 edilis
299 4468 368 4517 δεεει
385 4461 452 4519 ἐστί.
886 4470 903 4520 ί.
922 4469 1021 4533 Seguer.
1046 4483 1115 4536 σροε
1145 4467 1262 4538 ημένων.
1299 4463 1444 4517 Ιοίδ.ίλεεί1.

243 4535 267 4590 δ.
293 4535 333 4586 Sic
357 4536 456 4598 Seguer.
484 4535 582 4588 Gobler.
608 4543 632 4586 et
647 4535 754 4588 Felckm.
774 4536 799 4588 1.
850 4537 944 4600 λσςΙίσ.
964 4545 987 4590 et
1004 4485 1154 4591 relckmfss.
1171 4531 1314 4589 ἕσέλαθον.
