3258 5276
212 357 277 422 282
612 370 638 412 ε.
654 369 807 412 nummu
822 369 1047 412 ιιιιειεειειονι
1610 320 1621 373 s

124 541 201 588 αισι.
212 519 277 606 ζωὴ
299 520 353 585 καί
376 517 503 604 ἐγένετο
527 515 676 599 ἱλασμός,
699 515 775 583 τότε
790 511 809 601 ἡ
825 509 910 601 ὑπὲρ
925 511 1018 604 ἡμῶν
1034 509 1136 582 αὐτοῦ
1152 515 1324 601 οἰκονομία
1338 524 1446 603 κρείτ·
1624 469 1625 510 ἰ

210 645 277 688 των
298 625 409 707 γέγονε
429 621 515 684 ’τῶν
537 611 691 704 άγγέλων,
715 620 769 684 καί
793 615 918 702 ἰγένετο
943 612 1022 696 όόὸς
1038 619 1092 684 καὶ
1108 616 1235 703 ἐγένετο
1250 612 1442 698 άνάστασις.

209 724 263 790 καὶ
287 717 397 807 ὥςπερ
418 719 458 786 τὸ
478 721 573 805 γενοῦ
594 742 655 803 μοι
677 719 725 798 εἰς
746 718 830 786 θεὸν
851 714 1105 805 ῦπερασπιστὴν
1137 713 1196 786 οὐκ
1219 714 1335 800 οὐσίας
1354 726 1444 808 γένε-

211 846 264 891 σιν
287 827 440 910 σημαίνει
462 815 564 888 αὐτοῦ
584 823 644 888 τοῦ
665 823 760 900 θεοῦ,
785 814 872 888 ὐλλὰ
892 819 950 906 τὴν
973 816 1246 908 φιλανθρωπίαν,
1270 817 1380 909 ὥςπερ
1396 824 1444 891 εἰ·

210 948 322 1011 ρηται,
353 918 459 1000 οῦτως
485 919 542 988 καὶ
570 923 627 988 νῦν
656 920 696 988 τὸ
722 920 898 1007 γενόμενος
919 928 1074 1008 κρείττων
1102 924 1189 989 ιτῶν
1218 917 1362 1008 ἆγγέλων
1390 927 1443 991 καὶ

211 1025 337 1113 ἐγένετο
359 1022 414 1091 καὶ
436 1021 585 1109 τοσούτῳ
606 1029 763 1108 κρείττων
784 1028 914 1109 γέγονεν
938 1023 1051 1110 ἔγγυος
1074 1018 1091 1089 ὁ
1110 1016 1234 1112 Ἰησοῦς
1249 1018 1288 1090 οὐ
1310 1023 1369 1113 τὴν
1388 1019 1446 1092 οὐ-

212 1133 287 1195 σίαν
308 1127 368 1193 τοῦ
390 1123 488 1211 λόγου
510 1122 645 1212 γενητὴν
668 1130 831 1212 σημαίνει,
854 1124 899 1213 μὴ
921 1131 1059 1211 γένοιτο,
1084 1119 1169 1192 άλλὰ
1190 1125 1248 1213 τὴν
1269 1131 1444 1214 γενομένην

211 1227 246 1296 ἐκ
267 1231 325 1316 τῆς
346 1225 635 1324 ένανθρωπήσεως
656 1219 758 1292 αὐτοῦ
781 1225 828 1305 εἰς
849 1222 937 1314 ἡμᾶς
959 1221 1160 1312 εὐεργεσίαν,
1189 1221 1249 1313 κᾷν
1271 1221 1445 1314 άχόριοτοι

210 1329 413 1418 τυγχάνωσιν
436 1328 470 1396 οἱ
492 1328 649 1416 αἰρετικοί
672 1330 726 1395 καί
750 1327 936 1415 φιλόνεικοι
959 1328 1062 1416 ’πρὸς
1085 1323 1248 1415 ἀσέβειαν.

399 1547 537 1616 dTOY
561 1550 753 1615 ΑΥΤΟΥ
779 1550 937 1614 ΚΑΤΑ
964 1549 1254 1614 ΑΡΕΙΛΝΩΝ
1333 1609 1337 1618 .

269 1741 281 1780 ·
665 1685 781 1734 ΛΟΙῸΣ
796 1685 993 1736 ΔΕΥΤΕΡΟΣ.

299 1842 326 1902 1.
367 1828 446 1920 Ἐγὼ
473 1835 533 1918 μὲν
563 1830 655 1921 η’ἰμην
682 1831 761 1913 τοῦς
789 1837 848 1920 τῆς
865 1829 997 1923 Ἀρείου
1024 1841 1146 1920 μανίας
1177 1829 1358 1920 ὑποκριτὰς
1386 1833 1444 1901 ἰπὶ

211 1939 283 2016 τοῖς
304 1939 556 2023 προειρημένοις
578 1933 645 2022 πρὸ
667 1933 787 2002 τούτου
809 1931 879 2002 κατ’
904 1930 1013 2003 αὐτῶν
1037 1936 1180 2022 ἐλέγχοις
1200 1934 1257 2003 καὶ
1276 1945 1352 2015 ταῖς
1366 1933 1446 2021 περὶ

211 2041 269 2124 τῆς
291 2031 453 2123 ἀληθείας
475 2029 686 2118 άποόείξεσιν
702 2030 890 2124 άρκεῖσθαι,
914 2036 970 2103 καί
985 2044 1194 2122 παυομένους
1209 2036 1330 2104 λοιπὸν
1343 2062 1446 2123 μετα-

210 2135 381 2222 γινώσκειν
395 2130 454 2224 ·έφ’
479 2132 531 2216 οἷς
553 2137 739 2225 έφρόνησάν
761 2141 873 2206 τεκαὶ
896 2138 1060 2224 ἐλάλησαν
1075 2141 1182 2218 κακῶς
1200 2141 1278 2226 περί
1301 2141 1360 2205 τοῦ
1376 2162 1445 2205 σω-
1523 2161 1526 2166 “

211 2239 326 2324 τῆρος·
350 2233 446 2304 αὐτοὶ
462 2238 507 2319 δέ,
531 2233 589 2305 οὐκ
608 2233 675 2306 οἶδ’
701 2235 804 2320 ὅπως,
829 2231 906 2306 οὐδὲ
921 2235 1027 2318 οῦτως
1041 2238 1269 2319 καταδύονται,
1295 2234 1364 2308 ἀλλ’
1381 2235 1445 2319 ’ὥς

209 2348 320 2423 χοῖροι
340 2342 395 2406 καί
416 2339 509 2419 κύνες
530 2339 610 2428 περὶ
630 2338 672 2408 τὰ
694 2342 766 2408 ἴδια
789 2340 972 2428 έξεράματα
991 2339 1048 2408 καὶ
1066 2339 1124 2406 τὸν
1140 2339 1266 2406 ἑαυτῶν
1280 2340 1445 2428 βόρβορον

211 2439 400 2524 κυλιόμενοι
419 2442 546 2526 μᾶλλον
568 2441 818 2529 έφευρίσκουσιν
835 2442 966 2522 έαυτοίς
981 2440 1133 2520 ἐπινοίας
1147 2439 1194 2520 εἰς
1210 2437 1373 2526 ἀσέβειαν.
1396 2441 1444 2529 μὴ

210 2544 363 2622 νοοῦντες
389 2547 467 2628 γοῦν
495 2542 578 2632 μήτε
604 2542 643 2609 τὸ
673 2543 706 2610 έν
737 2555 813 2624 ταῖς
840 2549 1039 2632 παροιμίαις
1059 2547 1294 2628 γεγραμμένον·
1331 2540 1443 2625 κάρτος

212 2642 319 2710 έκτισέ
333 2669 376 2728 με
398 2640 497 2730 ἀρχὴν
521 2640 608 2711 ὁδῶν
630 2638 733 2710 αὐτοῦ
756 2644 803 2723 εἷς
826 2645 904 2731 ἐ’ργα
926 2640 1026 2711 αὐτοῦ
1036 2648 1067 2725 ¹),
1090 2641 1172 2729 μήτε
1192 2640 1246 2708 ετὸ
1268 2639 1362 2730 παρὰ
1383 2644 1444 2709 τοῦ

212 2738 403 2812 ἀποστόλου
426 2746 610 2833 εἰρημένον·
633 2744 755 2813 πιστὸν
778 2743 859 2812 ὄντα
873 2747 921 2831 τῷ
937 2744 1119 2832 ποιήσαντι
1133 2739 1273 2824 αὐτόν’),
1297 2743 1447 2830 φιλονει-

211 2847 325 2912 κοῦσιν
348 2841 473 2925 ἆπλιῦς,
498 2847 646 2932 λέγοντες
661 2853 793 2935 ποίημα
810 2847 863 2912 καὶ
879 2851 1001 2929 κτίσμα
1017 2841 1102 2914 εἶναι
1116 2845 1174 2912 τὸν
1188 2848 1247 2912 τοῦ
1262 2848 1347 2929 θεοῦ
1362 2843 1443 2912 υἱόν.

211 2945 267 3015 καὶ
281 2945 372 3034 ἤρκει
386 2948 447 3032 μέν
462 2941 532 3014 άπὸ
546 2949 633 3015 Ιτῶν
648 2951 899 3035 προειρημένων
913 2942 1033 3026 αὐτοὺς
1047 2948 1202 3026 συνιδεῖν,
1225 2945 1255 3013 εἰ
1268 2944 1313 3032 μὴ
1335 2947 1446 3013 τέλεον

212 3051 266 3116 καί
288 3047 349 3127 τὰς
370 3046 548 3134 αἰσθήσεις
571 3039 759 3128 ἇπώλεσαν,
783 3044 829 3128 ιῦς
850 3051 908 3135 τῆς
932 3043 1095 3136 ἀληθείας
1113 3046 1377 3134 μαρτυρησάσης,
1399 3045 1445 3132 μὴ

214 3143 300 3214 εἰναι
321 3149 357 3228 έξ
377 3143 436 3216 οὐκ
463 3148 567 3218 όντων
590 3153 674 3241 μηδὲ
697 3145 783 3231 ὅλως
803 3153 870 3217 τῶν
893 3153 1035 3237 γενητῶν
1063 3147 1140 3215 ΙΙτὸν
1168 3146 1240 3214 νίὸν
1268 3146 1362 3226 (θεὸς
1383 3146 1455 3234 γὰρ·

127 3239 261 3326 Νηῦν
284 3241 343 3312 οὐκ
365 3241 405 3311 άν
428 3251 479 3335 ε’ίη
502 3257 648 3338 ποίημα,
673 3245 750 3320 οὐδέ
771 3257 873 3336 θέμις
894 3253 999 3335 λέγειν
1021 3247 1121 3316 αὐτὸν
1142 3254 1278 3334 κτίσμα·
1306 3246 1447 3333 κτισμά-

214 3370 280 3412 των
303 3343 365 3432 γόρ
386 3351 441 3413 καί
464 3349 662 3433 ποιημάτων
685 3351 772 3415 ἰ’διον
793 3349 833 3414 τὸ
855 3352 1013 3433 λέγεσθαι
1042 3347 1078 3428 ἒξ
1104 3344 1163 3416 οὐκ
1186 3347 1289 3417 όντων
1310 3351 1364 3414 καί
1387 3343 1445 3414 οὐκ

213 3435 253 3534 ἦν
284 3449 365 3533 πρὶν
390 3452 563 3536 γεννηθῇγ·
593 3445 661 3516 ἀλλ’
693 3447 810 3534 ἐπειδὴ
846 3445 957 3535 ὥςπερ
986 3449 1132 3529 δεδιότες
1160 3446 1348 3538 ἀποστῆναι
1373 3450 1446 3534 ῑτῆς

214 3547 301 3626 ἰδίας
321 3549 581 3632 μυθοπλαστίας
603 3547 871 3635 προφασίζονται
900 3548 1055 3638 συνήθως
1075 3549 1118 3618 τὰ
1143 3556 1367 3640 προειρημένα
1388 3551 1447 3638 ῥη-

212 3648 255 3717 τὰ
268 3652 335 3716 τιῦν
349 3655 456 3717 θείων
470 3651 617 3738 γραφῶν,
639 3649 682 3716 τὰ
696 3650 804 3729 καλῶς
826 3653 905 3735 Ι(μέν
924 3657 1138 3737 γεγραμμένα,
1162 3654 1447 3740 ῥᾳδιουρμγθέντα
1559 3647 1562 3654 ’

284 3839 308 3896 l)
327 3840 393 3892 Ριοι.
413 3839 439 3904 8,
457 3841 499 3892 22.
569 3839 594 3901 2)
613 3841 686 3890 Hebr.
705 3838 730 3902 ³,
749 3839 773 3890 2.

248 3990 270 4024 ε.
289 3975 389 4038 δεςαεε.
407 3972 504 4042 γέγονε
521 3975 579 4025 τοῖν
596 3969 692 4026 ἄλλων.
793 3985 803 4006 ·
890 3976 913 4025 d.
932 3976 973 4026 Sic
992 3975 1086 4036 Regius.
1105 3975 1177 4026 ΒιεὶΙ.
1197 3977 1254 4026 item
1274 3979 1345 4026 habet
1367 3966 1448 4041 λόγος

856 4035 989 4108 όεόιεροε.
1025 4043 1193 4092 Τὴεοέοιειαε
1211 4044 1324 4094 εἰωίΙίιιτ
1351 4042 1447 4104 dialogo

856 4103 1009 4176 όσῦγχοτος
1034 4113 1170 4174 inconfusus
1195 4111 1312 4174 inscripto
1346 4111 1448 4162 eandem

214 4209 271 4271 λος.
291 4209 362 4262 nasu.
382 4213 473 4273 λοςίἰε.
488 4219 516 4261 εἰ
533 4211 638 4262 ῦεΙεΙιω.
650 4211 675 4261 ό.
693 4207 807 4276 γέγονεν
857 4172 1317 4312 ῦσῐγίἳοῖἷᾝξᾙὲᾛγὲἰῖγέζγίἵέ,
1331 4169 1449 4292 Ἑαῖἴυ

214 4271 806 4412 mamamfysszessfffflssszffffless:
857 4304 1448 4446 ιιιιιιοῑιαιιιιινοιι,κ

215 4415 260 4464 ⁸⁰¹¹
280 4417 303 4465 ⁸²
321 4416 377 4465 ’Μ
394 4409 510 4480 γέγονεν
527 4403 649 4478 ἀγγέλων
667 4401 806 4472 Hm·
858 4450 960 4497 secunda
983 4450 1095 4498 adversus
1118 4451 1232 4498 λιιιιειν.
1273 4445 1371 4508 Seguer.
1397 4439 1448 4492 τοῦ

249 4529 271 4564 ε.
289 4515 481 4578 sieSeguerian.
516 4515 545 4564 λι
561 4513 603 4564 elii
621 4520 646 4563 ιι
663 4511 720 4564 editi
737 4505 808 4578 πρὸς
858 4505 943 4562 αὐτοῦ
968 4508 1039 4562 κατὰ
1062 4505 1207 4582 ’.έρειανιῑν
1234 4505 1315 4579 λόγος
1345 4503 1448 4579 τρίτος.

215 4573 269 4640 τὴν(
283 4571 430 4645 εὐσέβειαν.
859 4581 938 4634 Ceteri
955 4595 1053 4646 quoquo
1070 4590 1095 4632 ιι
1112 4583 1169 4634 udin
1186 4575 1267 4650 λόγος
1284 4573 1384 4648 τρίτος·
1420 4579 1449 4630 ln

148 4090 153 4096 ·
248 4075 272 4126 b.
291 4075 389 4138 Seguer.
415 4086 439 4128 et
456 4079 513 4140 fleg.
539 4076 594 4126 τῶν
613 4069 743 4143 ἀγγέλων.
778 4078 806 4127 ln

214 4141 285 4194 oditis
312 4143 415 4208 ιίἰίιηιιι
438 4147 508 4195 deest
533 4143 598 4194 τῶν,
636 4147 688 4196 Μαι
706 4147 806 4207 Smer.
