3236 5286
398 1216 626 1290 SANCTI
659 1217 884 1290 totuis
919 1217 1147 1292 uostttt

552 1377 1003 1492 ATHANASH

453 1533 779 1587 ancntut‘tscot’t
799 1533 1101 1588 stnxsxnutsu

486 1655 779 1716 iuvunsns
814 1655 1062 1718 anttsos

634 1790 775 1842 ouillo
801 1791 920 1840 t’fltn.
1064 1742 1076 1758 ⁸

616 1981 929 1993 m-

251 2181 279 2238 l.
325 2177 437 2238 Omnes
459 2177 575 2255 quidem
598 2177 750 2250 haereses,
773 2182 921 2256 quotquot
941 2175 1082 2238 hactenus
1104 2198 1120 2238 a
1141 2179 1262 2241 veritate
1285 2199 1474 2254 seces-m.

163 2296 248 2352 sere,
279 2279 399 2340 evidens
423 2287 470 2340 est
489 2279 611 2340 insanas
634 2277 691 2340 sibi
715 2279 903 2356 excogitasse
930 2277 1105 2356 opiniones,
1134 2279 1305 2360 illarumque
1326 2283 1387 2344 im·

161 2379 254 2460 pietas
278 2379 415 2442 omnibus
437 2380 494 2440 iam
517 2379 629 2441 dudum
651 2387 699 2440 est
719 2380 874 2456 patefacta.
918 2376 1050 2440 Dubitari
1078 2381 1158 2440 enim
1186 2400 1246 2442 uon
1278 2391 1389 2462 potest,

161 2481 230 2560 quin
253 2499 353 2544 earnm
375 2489 513 2542 auctores
535 2499 575 2542 eor
598 2481 684 2540 nobis
707 2483 849 2548 exierint,
873 2479 1120 2558 quemadmodum
1143 2482 1265 2562 scripsit
1284 2483 1390 2546 beatus

161 2581 298 2656 loannes,
321 2581 560 2660 qnandoquidem
582 2597 680 2656 neque
700 2578 754 2640 luit
775 2597 922 2658 unquam,
946 2599 1044 2660 neque
1066 2599 1146 2642 nuuc
1166 2582 1324 2644 nobiscum
1345 2591 1394 2643 est

161 2681 280 2742 illorum
303 2681 446 2740 doctrina.
492 2679 615 2750 idcirco,
638 2687 670 2739 ut
691 2679 762 2740 dixit
783 2681 934 2753 Salvator,
957 2701 1021 2744 nos
1044 2682 1217 2760 colligentes
1240 2683 1394 2744 notem

167 2782 345 2860 disperqnat
366 2797 432 2840 cum
454 2779 590 2850 diabolo,
612 2779 851 2861 dormientesque
873 2779 1042 2850 observant,
1065 2793 1098 2842 ιιι
1120 2799 1229 2859 sparso
1252 2799 1309 2840 suo
1332 2780 1395 2840 exi-

168 2879 230 2941 tiali
256 2897 372 2940 veneno
399 2879 501 2939 mortis
531 2878 630 2938 socios
657 2877 784 2940 habeant
805 2881 961 2959 plurimos.
1006 2881 1083 2953 Quia
1112 2899 1184 2940 vero
1206 2897 1266 2939 una
1289 2888 1318 2938 et
1338 2897 1395 2957 po-

167 2987 279 3041 strema
300 2979 467 3044 haeresum.
490 2996 564 3057 qnae
586 2979 704 3057 praevia
724 2979 907 3040 Antichristo
929 2981 1020 3040 modo
1043 2989 1146 3040 exorta
1169 2988 1217 3039 est
1234 2979 1397 3057 Arianaque

168 3079 339 3160 appellatur,
364 3081 442 3140 valra
465 3087 494 3140 et
516 3079 630 3152 callida,
653 3079 892 3140 animadvertens
914 3079 1098 3157 antiquiores
1124 3097 1157 3138 se
1180 3096 1303 3138 sorores
1325 3078 1395 3142 alias

164 3182 305 3244 haereses
326 3180 421 3261 palam
451 3189 583 3254 notatas,
616 3181 681 3259 ipsa
710 3199 780 3242 sese
803 3179 1023 3257 Scripturarum
1051 3179 1200 3240 vocabulis
1228 3179 1274 3240 sui
1303 3181 1393 3260 patris

162 3281 272 3345 diaboli
295 3282 428 3361 exemplo
452 3281 589 3344 simulate
610 3282 717 3356 induit,
742 3281 877 3359 nihilque
899 3298 959 3340 non
982 3279 1117 3352 molitur,
1140 3289 1172 3342 ut
1193 3280 1223 3340 in
1244 3279 1392 3344 Ecclesiae

160 3385 331 3464 paradisum
355 3384 412 3446 sibi
435 3384 551 3462 regredi
571 3383 675 3456 liceat,
699 3393 730 3446 nt
752 3383 920 3444 Christiana
946 3383 1045 3461 specie
1065 3391 1195 3444 assumta
1216 3382 1331 3462 aliquos
1353 3383 1390 3445 ad

162 3504 249 3564 prave
272 3485 309 3546 de
332 3484 450 3546 Christo
480 3486 668 3546 sentiendum
696 3485 797 3565 possit
818 3484 901 3545 salsis
922 3483 1223 3562 argumentationibus
1246 3484 1392 3546 adducere

164 3587 320 3668 (siquidem
342 3585 416 3646 nibil
438 3587 469 3648 iu
491 3605 523 3648 se
544 3587 634 3648 babet
655 3586 733 3666 quod
755 3586 864 3648 rationi
888 3585 926 3648 sit
949 3593 1210 3662 consentaneum),
1233 3605 1318 3654 αιιιι.
1342 3585 1391 3644 in·

164 3707 260 3768 quam
284 3687 475 3749 nibilominus
498 3687 657 3749 nonnullos
679 3687 854 3768 insipientes
876 3687 933 3750 iam
954 3687 1181 3750 circumvenerit
1202 3686 1288 3760 (adeo
1304 3692 1338 3746 ut
1352 3683 1394 3746 illi

164 3807 223 3850 non
248 3798 357 3850 tantum
380 3788 501 3850 auribus
523 3789 584 3850 siut
605 3789 769 3869 depravati,
800 3789 853 3850 sed
882 3789 970 3850 etiam
992 3789 1070 3849 Erae
1098 3785 1212 3848 similes
1240 3793 1393 3866 acceptum

165 3907 296 3951 errorem
319 3889 509 3968 gustaverint,
532 3889 659 3968 indeque
681 3891 845 3968 ignorantia
868 3888 1018 3950 obcoecati
1037 3903 1178 3948 omnm
1192 3884 1277 3948 dales
1298 3884 1392 3947 aesti-

200 4155 220 4189 ι.
249 4141 336 4202 Regios
368 4133 455 4188 πάλαι
482 4131 619 4208 πρόδηλος
643 4133 750 4201 γέγονε.
839 4137 856 4186 ι.
874 4137 915 4186 Sic
933 4137 1073 4198 seguem
1092 4137 1190 4189 Gobler.
1210 4145 1234 4188 et
1250 4134 1391 4186 lelelml.

164 4206 218 4256 Ιοι
236 4209 339 4269 Seguers
356 4202 419 4260 robe
438 4199 540 4266 ταύτην
557 4199 732 4274 lqeupo'nnc.
803 4209 831 4254 tt
849 4205 890 4254 alii
909 4211 932 4254 et
949 4205 1008 4255 editi
1026 4198 1127 4258 adroic.

198 4275 222 4324 d.
241 4275 282 4324 Sic
301 4289 359 4324 mss.
384 4285 485 4340 excepto
509 4275 615 4325 Feleitu.
634 4274 675 4334 2,
702 4273 752 4338 qui,
836 4287 859 4334 g·
878 4273 977 4335 Segser.
1004 4273 1102 4324 Gobler.
1128 4271 1234 4322 Felsina.
1255 4271 1277 4318 l.
1300 4259 1391 4326 αιἰιῆι.

166 4349 190 4390 ιι
208 4351 233 4391 et
250 4343 316 4402 editi,
335 4345 421 4394 omittit
440 4335 502 4392 οὔτε
520 4328 562 4404 ἦν,
582 4342 648 4407 qood
666 4343 689 4392 io
705 4343 751 4392 Bt·
802 4339 877 4392 Paulo
895 4351 951 4404 pest
969 4340 1109 4396 Gobleriau.
1127 4349 1151 4388 et
1169 4337 1274 4388 Felcim.
1295 4337 1317 4386 1.
1335 4343 1393 4399 post

165 4409 257 4460 siliens.
277 4411 366 4459 receuti
381 4426 453 4476 manu
463 4411 569 4462 additum
581 4419 626 4460 est.
652 4411 752 4472 Segoer.
801 4403 1016 4486 περιβαλλομένη
1026 4407 1118 4457 addunt
1127 4407 1213 4455 iterum
1221 4397 1312 4456 δόλιος
1323 4413 1392 4451 eoos

165 4477 237 4527 babet
256 4467 313 4526 οὔτ’
335 4463 376 4536 ἦν.
802 4489 847 4524 aar
864 4487 1030 4538 nmmos·
1125 4537 1129 4546 ¹
1367 4535 1371 4543 Ι

199 4559 220 4594 s.
239 4545 346 4595 l'eleltm.
360 4545 383 4594 2,
403 4553 427 4594 et
445 4545 517 4596 editio
537 4545 654 4595 Commel.
674 4555 753 4608 σκορ-
839 4545 863 4592 ιι.
880 4555 912 4606 γε
936 4541 1006 4590 deest
1030 4542 1055 4588 io
1073 4539 1155 4614 Regrp.
1193 4536 1259 4612 ldsm
1277 4544 1303 4612 ιι
1318 4533 1392 4584 Bastl.

165 4603 302 4668 πιάζουσι.
337 4615 438 4675 Segoer.
456 4613 514 4662 ibid.
530 4605 601 4678 μετὰ
614 4603 751 4674 decedito.
805 4609 896 4672 buglis.
915 4615 940 4658 et
957 4607 1063 4656 Feleim.
1082 4603 1106 4654 b.
1126 4615 1263 4667 αφρινιιν
1286 4595 1336 4659 qdq
1354 4609 1395 4646 ss·

199 4699 327 4744 trstsnu
341 4709 393 4743 οη.
406 4709 478 4742 noes.
492 4709 541 4742 ιιι.
1160 4683 1191 4732 to
