3226 5280
229 385 290 451 108
561 447 565 456 .
620 401 647 444 ε.
663 399 817 446 ιτειαιειι
831 399 1055 445 nemausum

138 546 282 633 μεικτὶγν
304 545 338 614 ἐν
359 546 461 629 καιρῷ
483 543 714 615 διδασκαλίαν·
737 540 843 624 οότως
864 538 939 611 ὀόκ
956 537 1128 629 Ἀρριανὸς
1151 536 1170 608 5
1192 538 1374 624 Διονύσιος
1390 542 1452 615 διὰ
1547 531 1570 558 ’

221 645 280 730 τὴν
306 643 392 729 πρὸς
412 639 611 732 Εὐφράνορα
636 643 693 712 καὶ
715 639 907 729 Ἀμμώνιον
935 643 1018 715 κατόν
1045 644 1226 729 Σαβελλίου
1255 641 1450 730 ἐπιστολήν.

221 746 251 821 εί
271 743 411 831 γὰρ’καλ
432 756 604 826 ταπεινοῖς
625 745 784 832 ἐχρήσατο
806 745 918 832 λόγοις
934 749 993 812 καί
1015 745 1295 831 παραδείγμασιν,
1320 737 1390 810 ἀλλ’
1415 744 1453 816 ἐκ

220 848 287 914 τῶν
311 839 505 932 εὐαγγελίων
528 845 599 914 ἐστὶ
620 847 675 914 καί
696 849 809 926 ταῦτα,
832 849 887 914 καὶ
907 844 1081 932 πρόφασιν
1097 845 1163 928 ἔχει
1176 843 1300 918 τούτων
1315 842 1375 931 τὴν
1389 847 1451 915 τοῦ

222 949 369 1034 σωτῆρος
392 945 547 1030 ἐνσαρκον
569 953 768 1034 παρουσίαν,
791 943 852 1013 1’δι’
876 945 915 1033 ἣν
937 949 1118 1016 καὶταῦτα
1139 947 1193 1012 καί
1215 943 1257 1012 τὰ
1279 940 1382 1030 ὅμοια
1395 950 1452 1030 75·

219 1071 377 1134 γραπται.
420 1049 474 1114 καί
496 1047 557 1132 γὰρ
580 1043 690 1132 ὥςπερ
713 1045 808 1132 λόγος
830 1045 902 1113 ἐστὶ
922 1050 981 1114 τοῦ
1003 1049 1098 1126 θεοῦ,
1122 1041 1227 1124 οὕτως
1246 1043 1330 1129 μετὰ
1344 1047 1452 1115 ταῦτα

222 1145 241 1216 5
263 1148 360 1234 λόγος
383 1145 467 1232 σὰρξ
488 1147 660 1230 ἐγένετο)
682 1148 753 1214 ικαὶ
776 1145 810 1214 ἐν
831 1140 913 1233 ἀρχῇ
935 1148 996 1230 μίν
1017 1136 1057 1232 ἢν
1080 1141 1249 1230 ὃλόγος),
1272 1141 1346 1233 ἡδὲ
1360 1169 1452 1232 παρ’

221 1255 323 1332 θένος
345 1246 403 1314 ἐπὶ
423 1249 593 1334 συντελείᾳ
614 1250 681 1314 τῶν
703 1246 833 1314 αἰώνων
856 1246 890 1313 ἐν
911 1249 1028 1332 γαστρί
1051 1247 1166 1329 ἕρκε’),
1201 1249 1255 1317 καὶ
1276 1252 1407 1332 γέγονεν
1430 1243 1451 1314 5

220 1348 332 1434 κόριος
354 1345 545 1432 ἄνθρωπος.
589 1346 644 1414 καὶ
665 1343 714 1426 εἷς
734 1353 795 1430 μίν
817 1346 906 1418 ἐστιν
930 1343 948 1414 5
972 1347 1007 1427 ἐξ
1028 1341 1225 1435 ἀμφοτέρων
1247 1347 1451 1434 σημαινόμε-

193 1483 203 1494 ·
220 1470 292 1526 νος·
322 1443 340 1511 5
361 1447 422 1532 γὰρ
444 1445 549 1532 λόγος.
563 1447 645 1533 σὰρξ
666 1447 791 1532 ἐγένετο
801 1451 839 1527 1)·
861 1447 904 1514 τὰ
925 1449 962 1514 δὲ
983 1450 1141 1534 περὶτῆς
1162 1447 1325 1534 θεότητος
1346 1442 1449 1516 αὐτοῦ

221 1551 274 1619 καί
296 1551 354 1636 τῆς
372 1547 657 1634 ἐνανθρωπήσεως
672 1548 826 1634 εἰρημένα
840 1547 971 1634 ῥήματα
991 1547 1078 1626 ἰδίαν
1093 1550 1148 1614 καὶ
1162 1547 1365 1635 κατάλληλον
1380 1548 1449 1631 ἔχει

221 1647 307 1734 πρὸς
335 1649 471 1717 ἕκαστον
499 1651 565 1712 τῶν
592 1649 775 1734 λεγομένων
796 1647 876 1738 ἆτὴν
905 1648 1092 1736 ἑρμηνείαν,
1123 1645 1181 1714 καί
1207 1643 1226 1714 5
1248 1648 1290 1716 τὰ
1307 1643 1448 1734 ,ἀνθρώ-

221 1773 307 1817 πινα
327 1752 386 1814 τοῦ
406 1747 506 1834 λόγου
528 1747 664 1836 γράφων
685 1743 757 1816 οἶδε
777 1751 832 1816 καὶ
853 1749 897 1816 τό
918 1751 996 1835 περὶ
1010 1752 1067 1838 τῆς
1081 1747 1243 1835 θεότητος
1257 1743 1368 1827 αάτσῦ,
1391 1745 1449 1817 καί

225 1844 243 1918 5
265 1852 422 1937 περὶτῆς
444 1848 606 1936 θεότητος
628 1849 841 1936 ἐξηγούμενος
859 1845 921 1918 οόκ
943 1847 1055 1936 ἀγνοεῖ
1075 1849 1117 1916 τὰ
1139 1848 1212 1916 ἰ’δια
1233 1852 1308 1937 ’τῆς
1329 1845 1449 1933 ἐντόρ-

223 1973 281 2021 κσυ
312 1958 500 2034 παρουσίας
531 1943 648 2032 αὐτοῦ,
683 1945 751 2017 ἀλλ’
784 1952 920 2018 ἕκαστον
950 1948 996 2031 ὥς
1024 1949 1215 2037 ἐπιστήμων
1237 1951 1290 2016 καί
1314 1946 1450 2031 δόκιμος

222 2049 419 2135 τραπεζίτης
452 2051 626 2136 διακρίνων
659 2046 726 2118 κατ’
759 2047 865 2138 ὀρθὸν
892 2055 950 2137 τῆς
979 2047 1146 2137 εὐσεβείας
1172 2051 1348 2136 βαδιεῖται.
1395 2043 1450 2118 ὅτε

222 2154 301 2236 γοῦν
331 2145 430 2218 αὐτὸν
458 2153 614 2221 κλαίοντα
635 2153 737 2237 λέγει,
767 2147 856 2221 οἶδεν
879 2149 933 2218 ὅτι
954 2149 1138 2236 ἅνθρωπος
1158 2149 1331 2237 γενόμενος
1354 2143 1372 2217 5
1392 2145 1448 2214 κό-

223 2274 295 2336 ριος
317 2250 459 2318 δείκνυσι
480 2250 519 2317 τό
541 2255 600 2336 μὲν
621 2249 746 2319 κλαίειν
767 2256 826 2318 τοῦ
849 2249 1076 2336 ἀνθρωπίνου,
1102 2251 1219 2337 ἐγείρει
1241 2253 1277 2318 δὲ
1288 2249 1447 2334 Λάζαρον

157 2381 159 2386 ·
224 2345 269 2430 ὦς
294 2351 391 2430 θεός,
419 2354 474 2419 καλ
502 2356 670 2420 πεινῶντα
696 2355 756 2437 μὲν
778 2347 954 2436 αάτδνικαλ
975 2352 1129 2436 διψῶντα
1151 2347 1222 2419 οἶδε
1244 2354 1447 2436 σωματικῶς,

223 2456 346 2531 θεϊκιῦς
368 2453 404 2519 δὲ
424 2453 625 2538 χορτάζοντα
647 2447 717 2518 ἀπὸ
739 2458 839 2520 πέντε
861 2451 969 2538 ἀρτων
992 2452 1282 2535 πεντακιςχιλίους,
1305 2454 1360 2519 καλ
1381 2457 1449 2518 κεί-

223 2577 321 2638 μενον
342 2555 401 2637 μὲν
425 2549 512 2620 οἶδεν
535 2553 569 2621 ἐν
589 2560 736 2642 μνημείῳ
760 2557 856 2638 σῶμα
879 2549 1104 2640 ἀνθρώπινον,
1129 2551 1334 2639 ἐγειρόμενον
1350 2553 1386 2618 δέ
1401 2548 1447 2630 ὥς

223 2656 307 2724 θεοῦ
330 2657 427 2739 σῶμα
448 2649 527 2739 παρ’
552 2649 653 2723 αὐτοῦ
676 2655 750 2722 ’τοῦ
772 2653 881 2740 λόγου.

273 2817 276 2822 ι
312 2764 359 2826 10.
408 2758 520 2824 Ταῦτα
540 2758 594 2822 καί
617 2754 796 2836 Διονύσιος
819 2755 984 2824 διδάσκων
1007 2754 1041 2822 ἐν
1062 2754 1123 2838 μὲν
1144 2756 1183 2839 τῇ
1205 2751 1292 2838 πρὸς
1313 2747 1449 2840 Εάφρά-

224 2879 305 2943 νορα
334 2854 391 2924 καί
408 2852 597 2940 Ἀμμώνιον
630 2855 790 2944 ἐπιστολῇ
823 2858 901 2940 περ)
930 2859 997 2922 τῶν
1021 2851 1243 2938 ἀνθρωπίνως
1271 2851 1448 2940 εἰρημένων

139 2959 302 3042 ο.ιω.περί
324 2961 382 3024 τοῦ
405 2960 553 3044 σωτῆρος
574 2955 631 3027 διὰ
647 2959 827 3044 Σαβίλλιον
850 2957 993 3044 ἐγραψεν
1016 2950 1252 3041 (ἀνθρωπίνως
1271 2952 1333 3040 γάρ
1356 2953 1446 3022 ἐστιν

226 3057 379 3145 είρημένα
406 3062 484 3144 περὶ
513 3052 613 3126 αὐτοῦ
643 3057 682 3123 τὸ
710 3057 794 3144 ῑέγόν
821 3053 841 3143 ἡ
865 3055 1029 3142 ἀμπελος,
1055 3051 1073 3122 5
1095 3053 1204 3140 πατὴρ
1227 3048 1246 3118 5
1267 3052 1448 3140 γεωργός),

224 3159 279 3224 καί
305 3158 345 3223 τό
372 3160 495 3228 πιστὸν
524 3158 603 3228 όντα
630 3162 678 3246 τῷ
700 3158 881 3248 ποιήσαντι
903 3154 1049 3238 αότόνλ),
1071 3160 1132 3226 καὶ
1154 3155 1193 3224 τὸ
1215 3154 1367 3234 ἐκτιοε),
1395 3159 1450 3222 καί

224 3254 372 3340 τοσούτῳ
394 3265 549 3342 κρείττων
570 3259 745 3346 γενόμενος
765 3263 831 3328 τῶν
854 3254 998 3345 ἀγγέλων
1007 3263 1029 3338 7)
1038 3269 1059 3339 ),
1083 3252 1141 3326 οὐκ
1155 3251 1265 3344 ἠγνόει
1279 3255 1315 3321 δέ
1330 3253 1369 3322 τό
1385 3253 1449 3339 ἐγὼ

226 3353 260 3423 δν
281 3356 328 3440 τῷ
350 3359 455 3441 πατρὶ
475 3357 532 3424 καὶ
554 3355 572 3424 5
594 3357 703 3442 πατὴρ
727 3359 761 3424 ἐν
783 3358 902 3440 ἐμοί’),
936 3361 990 3426 καί
1018 3356 1058 3422 τὸ
1087 3353 1105 3424 5
1133 3357 1191 3442 ἐμέ
1213 3353 1364 3441 ἑωρακὼς
1386 3352 1449 3422 διό-

224 3479 304 3541 ρακε
325 3454 383 3520 τὸν
405 3459 572 3540 πατέρα’).
617 3459 722 3522 ταῦτα
748 3453 810 3540 γάρ
839 3450 939 3522 αάτὸν
962 3455 996 3522 ἐν
1018 3467 1094 3536 ταῖς
1116 3455 1233 3536 ἀλλαις
1254 3455 1451 3534 ἐπιστολαῖς
1507 3521 1513 3532 ,

226 3555 368 3641 ἐγνωμεν
388 3551 578 3640 γράψαντα·
599 3558 654 3622 κοιλ
676 3555 738 3641 γὰρ
759 3549 851 3641 κάκεῖ
872 3558 976 3624 ταῦτα
996 3555 1134 3644 γράφων
1150 3555 1369 3644 ἐμνημόνευσε
1383 3558 1450 3623 τῶν

225 3651 452 3740 ἀνθρωπίνων
474 3655 532 3720 τοῦ
555 3659 676 3738 κυρίου.
707 3651 817 3740 ὥςπερ
839 3654 901 3741 γὰρ
925 3655 958 3722 ἐν
979 3659 1093 3742 μορφῇ
1108 3658 1192 3722 θεοῦ
1215 3654 1293 3735 ίάίν,
1319 3652 1376 3740 οὐχ
1391 3651 1451 3740 ἆρ-

223 3755 359 3843 παγμὸν
379 3751 524 3845 ἡγήσατο
545 3753 584 3822 τὸ
607 3747 692 3822 εἶναι
713 3750 771 3824 ἶσα
791 3756 879 3839 θεῷ,
903 3749 972 3820 ἀλλ’
997 3753 1114 3822 ἑαυτὸν
1135 3753 1288 3838 ἐκένωσε,
1318 3754 1451 3844 μορφὴν

296 3928 320 3986 1)
339 3928 404 3979 loun.
424 3931 448 3990 1,
468 3930 508 3982 14.
577 3929 680 3992 2)1bid.
701 3929 722 3979 1.
792 3925 916 3990 3))δε1111.
937 3925 960 3986 1,
978 3923 1019 3975 23.
1082 3925 1281 3988 4)102n.15‚1.
1339 3927 1365 3988 5)
1378 3927 1451 3979 Hebr.

227 3995 251 4056 3,
270 3993 294 4044 λ.
363 3997 389 4056 6)
408 3997 476 4047 Ρτον.
494 3995 518 4058 8,
537 3999 578 4048 22.
635 3997 674 4058 ,7)
692 3997 764 4049 Ηελιτ.
785 3996 809 4059 1,
826 3995 849 4046 4.
918 3993 1028 4055 8)Ιοαα.
1049 3994 1150 4056 14,10.
1219 3996 1244 4056 9)
1263 3995 1329 4045 loun.
1350 3993 1432 4056 159.

227 4113 255 4192 1η
273 4113 373 4176 reliqui·
397 4113 468 4186 εδοξε
492 4122 518 4189 ειΙ
540 4129 598 4167 mss.
624 4115 717 4176 Ιερίιοε.
759 4113 811 4164 Μαι
898 4111 997 4172 meg.
1016 4110 1084 4160 solus
1103 4103 1132 4158 δέ
1149 4102 1189 4159 όν.
1433 4175 1438 4188 .

227 4180 811 4298 52&ssssssssss{22d÷1{¹⁰„2¹5⁸d·„ff;?¹·”¹·
863 4167 1451 4308 2555&{4223233’32255331:35¹ss

263 4328 285 4362 ι.
303 4311 384 4362 ΡεΙεΙι.
404 4309 426 4360 3.
452 4323 523 4361 anon.
543 4303 591 4359 οδιι
608 4305 736 4378 ἀρειανὸς
751 4311 812 4360 Διο-
864 4312 927 4360 insta
945 4310 1014 4360 ιδδίι
1031 4319 1087 4374 post
1104 4302 1219 4373 ἐγένετο.

229 4367 324 4432 νότιος
347 4371 418 4443 πρὸς
443 4366 568 4440 εὗσέβιον
589 4373 635 4427 καὶ
659 4377 813 4443 σαμμωνδν
899 4377 922 4426 d.
941 4377 1021 4426 ΒελεΙι.
1040 4376 1064 4426 3.
1082 4390 1154 4426 anon.
1174 4368 1222 4434 τὴν
1236 4371 1385 4438 σημσοίοαι
1401 4367 1466 4422 καλ-

229 4446 275 4505 (είε
292 4447 339 4496 hoc
364 4447 432 4504 ίοαο,
459 4461 487 4496 ευ
507 4459 534 4494 τι
558 4452 638 4496 tamen
657 4437 813 4510 Ἂμμωνᾶν)
866 4435 935 4491 όταν
952 4433 1009 4491 ἀνθ
1028 4435 1125 4490 ιόπινιι.

228 4503 299 4561 κατὰ
316 4507 462 4576 Σαβελλίου
493 4505 626 4571 πιττολὴν
638 4505 770 4580 γράφων.
789 4505 815 4562 ελ
900 4524 922 4560 ε.
941 4509 998 4571 neg.
1009 4457 1113 4560 ςίαατίιι.
1130 4504 1265 4568 nomm„
1284 4517 1345 4568 ηαοε
1363 4502 1450 4580 sequi·
1569 4517 1576 4522 ·

226 4571 291 4650 γάρ.
309 4581 345 4633 nic
363 4579 404 4630 ille
423 4578 548 4632 mendose.
865 4589 936 4638 mur,
957 4574 1010 4636 τῆς
1031 4565 1178 4640 ἐντόρνου,
1207 4581 1233 4624 ιιι
1265 4573 1328 4625 intra
1352 4569 1449 4636 Ιιςιιαι.
