3176 5304
242 408 280 474 18
639 417 1067 463 S.ATnANAsl1Ancnm1›1³com

155 593 233 641 mos.
240 577 379 658 μίμησις
412 569 448 636 δὲ
481 567 572 635 καθὰ
605 575 771 651 προεῖπον
801 566 859 650 τῆς
878 558 1053 650 Ἰουδαϊκῆς
1073 567 1282 654 κακοηθείας.
1329 564 1468 652 καὶγὰρ

242 669 445 757 ἐλεγχόμενοι
474 665 619 755 κᾷκεῖνοι
641 664 734 751 παρὰ
754 669 813 750 τῆς
835 658 1009 751 ἀληθείας,
1038 665 1091 728 καί
1113 662 1158 748 μὴ
1182 661 1359 748 δυνάμενοι
1380 664 1469 750 πρὸς

241 767 341 858 αὐτὴν
364 766 582 853 ἀντιβλέπειν,
607 763 873 853 ε’προφασίζοντο
896 766 1059 850 λέγοντες·
1082 769 1116 829 τί
1138 773 1249 842 ποιεῖς
1263 763 1302 831 σύ
1319 775 1466 852 σημεῖον,

240 873 296 940 ἵνα
325 871 447 954 ἴδωμεν
475 871 529 936 καὶ
560 865 789 951 πιστεύσωμέν
818 888 891 946 σοι,Ι
923 871 957 930 τί
986 864 1148 952 ἒργάζη“),·
1183 871 1290 931 καίτοι
1321 873 1467 954 σημείων

154 999 231 1043 nm.
239 971 406 1040 τοσούτων
428 975 619 1055 γενομένων,
644 963 725 1046 ῶςτε
747 968 851 1052 λέγειν
873 970 926 1032 καί
943 960 1076 1044 αὐτούς·
1099 972 1133 1032 τί
1148 968 1319 1050 ποιοῦμεν,
1344 955 1467 1034 δτιοῦ-

239 1099 296 1154 τος
319 1071 336 1140 ό
359 1069 543 1158 ἀνθρωπος
565 1068 675 1136 πολλὰ
697 1078 791 1134 ποιεῖ
806 1071 953 1154 σημεῖαῦ)
964 1097 982 1149 ,··
1002 1069 1108 1153 νεκροί
1123 1066 1185 1153 γὰρ
1200 1062 1377 1154 ἠγείροντο,
1398 1094 1468 1152 χω-

239 1177 292 1242 λοί
314 1172 549 1260 περιεπάτουν,
573 1171 693 1258 τυφλοὶ
716 1163 906 1253 ἀνέβλεπον,
931 1170 1048 1254 λεπροὶ
1072 1169 1324 1255 ἕκαθαρίζοντο,
1348 1170 1466 1236 καὶτὸ

239 1273 338 1363 ὕδωρ·
351 1270 441 1352 οἶνος
463 1273 596 1359 ἐγίνετο,
620 1273 673 1336 καί
698 1266 768 1336 ἀπὸ
790 1275 890 1336 πέντε
911 1267 1020 1354 ἀρτων
1043 1269 1269 1356 ἐκορέσθησαν
1291 1295 1467 1349 πεντακις·

237 1379 349 1461 χίλιοι.
387 1379 440 1442 καί
464 1373 497 1440 σί
517 1374 577 1457 μὲν
599 1370 721 1449 πάντες
745 1369 933 1455 ἐθαύμαζον
955 1373 1008 1436 καὶ
1031 1370 1249 1457 προςεκάνουν
1269 1369 1327 1436 τὸν
1342 1369 1464 1458 κόριον,

241 1474 475 1564 ὁμολογοῦντες
497 1473 531 1542 ἒν
553 1467 642 1559 αὐτῷ
665 1474 881 1560 πληροῦσθαι
902 1470 962 1550 τὰς
977 1478 1183 1559 προφητείας
1198 1473 1251 1538 καί
1268 1465 1367 1536 αὐτὸν
1381 1466 1468 1539 είναι

239 1578 322 1646 θεὸν
344 1581 402 1644 τοῦ
425 1579 508 1643 θεοῦ
531 1573 588 1641 τὸν
612 1573 697 1639 υἱόν
720 1571 818 1657 μόνοι
841 1574 877 1640 δὲ
899 1573 932 1638 οί
949 1581 1142 1657 Φαρισαῖοι,
1162 1571 1196 1638 εἰ
1218 1575 1269 1638 καὶ
1293 1571 1466 1662 Ιλαμπρό-

238 1705 318 1766 τερα
347 1674 440 1764 ἡλίου
470 1674 655 1765 φαινόμενα
684 1664 730 1760 ἧν
750 1674 792 1740 τὰ
820 1679 954 1760 σημεῖα,
990 1670 1079 1758 ὅμως
1101 1672 1204 1739 πάλιν
1227 1671 1395 1758 ἐγόγγυζον
1418 1669 1466 1752 ῶς

240 1775 461 1865 ἀμαθεῖςκαὶ
484 1778 610 1867 ἔλεγον·
634 1776 724 1841 διατί
745 1773 784 1841 σὺ
808 1771 992 1860 ἄνθρωπος
1003 1769 1047 1840 ῶν
1059 1784 1171 1852 ποιεῖς
1187 1773 1323 1841 σεαυτὸν
1339 1771 1464 1856 θεόνῧ),

204 1941 209 1948 .
239 1879 382 1970 ἄφρονες
409 1881 464 1946 καλ
491 1881 538 1964 τῷ
562 1874 634 1944 ἀντι
654 1878 774 1964 τυφλοί
796 1873 854 1962 τὴν
878 1875 1036 1944 διάνοιαν.
1081 1877 1156 1942 δέον
1177 1874 1216 1942 τὸ
1239 1875 1382 1958 ἔμπαλιν
1405 1871 1466 1940 αδ-

237 1981 315 2060 τοὺς
343 1983 464 2068 λέγειν·
493 1974 584 2044 διατί
610 1977 651 2045 σὺ
674 1978 756 2056 θεὸς
779 1972 824 2044 ῶν
848 1974 1032 2062 άνθριυπος
1054 1982 1207 2062 γέγονας,·
1238 1973 1281 2041 τὰ
1302 1974 1363 2061 γάρ
1387 1975 1465 2061 ἐ’ργα

238 2082 321 2150 θεὸν
345 2075 444 2148 αῦτὸν
467 2079 636 2160 ἐδείκνυεν,
660 2080 716 2160 ἵνα
737 2078 795 2165 τὴν
816 2079 876 2164 μέν
899 2073 1305 2164 ἀγαθότητατοῦπατρὸς
1320 2099 1463 2163 προςκυ-

239 2182 373 2271 νήσιυοι,
397 2181 455 2268 τὴν
478 2182 514 2248 δὲ
537 2179 578 2248 δι’
602 2177 688 2266 ἡμᾶς
710 2175 810 2248 αῦτοῦ
834 2177 1023 2265 οἰκονομίαν
1045 2176 1264 2263 θαυμάσιοσι’
1287 2179 1462 2263 τοῦτομὲν

238 2281 314 2352 οῦτε
337 2283 455 2368 ἔλεγον,
480 2277 547 2348 ἀλλ’
573 2279 648 2349 οῦτε
669 2282 712 2349 τά
732 2280 888 2367 γινόμενα
908 2282 1045 2368 βλέπειν
1068 2278 1251 2372 ἐβούλοντο.
1285 2272 1464 2366 ἢίβλεπον

235 2389 313 2470 μέν·
337 2383 373 2464 ἐξ
393 2378 532 2471 ἀνάγκης
553 2383 614 2470 γάρ
637 2373 675 2471 ἦν
699 2379 779 2470 δρῦν
802 2378 900 2449 αῦτό·
924 2381 1026 2449 πάλιν
1049 2383 1086 2448 δὲ
1109 2379 1277 2467 ἐγόγγυζον
1298 2381 1460 2466 μεταβαλ-

237 2485 386 2570 λόμενον
416 2485 507 2550 διατί
535 2484 568 2552 ἒν
590 2487 637 2570 τηῦ
661 2483 816 2571 σαββάτῳ
838 2482 1040 2571 θεραπεύεις
1062 2481 1119 2549 τὸν
1141 2480 1378 2568 παραλυτικὸν,
1408 2485 1463 2548 καί

236 2585 293 2653 τὸν
323 2585 358 2653 ἐκ
384 2574 514 2672 γενετῆς
536 2583 661 2672 τυφλὸν
683 2585 758 2652 τότε
780 2589 891 2664 ποιεῖς
913 2581 1159 2672 ἀναβλέπειν“);
1197 2585 1294 2648 τοῦτο
1318 2582 1354 2648 δὲ
1377 2579 1463 2668 πρό-

236 2711 340 2776 φασις
372 2686 475 2754 πάλιν
503 2675 542 2773 ἦν
571 2689 623 2753 καὶ
652 2685 754 2772 μόνον
782 2684 972 2772 γογγυσμός.
1010 2689 1063 2752 καὶ
1091 2683 1152 2770 γάρ
1182 2683 1215 2750 έν
1244 2692 1318 2762 ταῖς
1346 2679 1463 2762 ἀλλαις

235 2784 372 2876 ἡμέραις
399 2785 648 2873 θεραπεύοντος
669 2791 729 2853 τοῦ
751 2793 864 2874 κυρίου
887 2789 1000 2853 πᾶσαν
1024 2785 1121 2852 νόσον
1143 2787 1197 2851 καί
1220 2788 1333 2851 πᾶσαν
1355 2785 1463 2868 μαλα-

234 2895 322 2969 κίαν,
353 2887 472 2956 ἐκεῖνοι
500 2888 655 2972 συνήθως
684 2887 884 2976 ἐμέμφοντο,
909 2889 962 2954 καὶ
984 2888 1110 2973 μᾶλλον
1132 2883 1256 2972 ἤθελον
1279 2880 1462 2974 ἀθεότητος

235 2989 318 3074 ἔχειν
341 2986 503 3056 ὑπόνοιαν
525 2988 746 3074 1Ἰδεελζεβοῦλ
770 2985 992 3074 ὀνομάζοντες,
1015 2983 1036 3074 ἢ
1058 2983 1271 3074 ἀρνήσασθαι
1292 2984 1350 3072 τὴν
1374 2985 1461 3052 ἰδίαν

234 3097 405 3176 πονηρίαν.
451 3085 610 3158 ἀλλὰκαὶ
634 3086 739 3169 οὕτως
760 3093 818 3155 τοῦ
841 3094 989 3176 σωτῆρος
1010 3091 1207 3176 πολυμερῶς
1227 3089 1280 3154 καὶ
1297 3085 1462 3173 πολυτρό-

234 3214 309 3267 πως
337 3190 541 3270 δεικνόοντος
571 3193 705 3260 ΰὲαυτοῦ
735 3189 793 3278 τὴν
816 3189 962 3278 θεότητα
991 3193 1044 3257 καὶ
1067 3184 1350 3276 εὐαγγελιζομένου
1374 3191 1461 3254 πᾶσι

233 3293 371 3375 πατέρα,
397 3284 490 3356 οῦδὲν
513 3282 611 3376 ἧττον
635 3291 748 3377 ῶσπερ
773 3291 819 3369 είς
841 3297 956 3374 κέντρα
971 3289 1175 3370 λακτίζοντες
1191 3284 1360 3374 ἀντέλεγον
1376 3286 1460 3355 ε’κεῖ-

232 3411 286 3456 νοι
305 3390 581 3475 μωρολογοῦντες,
605 3391 660 3456 ἵνα
680 3391 782 3474 μόνον
804 3390 887 3457 κατὰ
909 3389 966 3475 τὴν
989 3398 1087 3458 θείαν
1104 3397 1288 3476 παροιμίαν
1303 3387 1460 3476 ίπροφόι-

232 3513 303 3568 σεις
325 3486 573 3576 ἐφευρίσκοντες
593 3497 781 3576 χωρίσιυοιν
804 3490 940 3570 ἑαυτοὺς
962 3485 1032 3558 ἀπὸ
1054 3495 1111 3577 τῆς
1134 3487 1303 3580 ἀληθείας.

318 3595 346 3656 2.
388 3584 543 3657 Ἰουδαῖοι
562 3593 624 3675 μὲν
645 3581 720 3657 θοῦν
743 3591 776 3656 ολ
797 3591 873 3659 τότε
886 3597 1026 3660 τοιαῦτα
1040 3592 1308 3680 πονηρευόμενοι,
1331 3595 1384 3659 καί
1402 3585 1460 3677 ἀρ-

232 3687 386 3774 νοόμενοι
418 3688 476 3758 τὸν
506 3689 632 3776 κόριον,
669 3689 802 3770 εἰκότως
829 3696 895 3756 τῶν
924 3718 960 3759 τε
988 3692 1097 3777 νόμιον
1120 3697 1172 3768 καί
1195 3698 1253 3782 τῆς
1275 3693 1361 3780 πρὸς
1383 3690 1459 3770 τοὺς

231 3796 379 3876 πατέρας
407 3789 602 3877 ἀπαγγελίας
631 3792 692 3871 ἔξω
721 3789 881 3877 γεγόνασι.
926 3795 979 3858 καί
998 3787 1165 3878 Ἀρειανοὶ
1189 3795 1226 3861 δὲ
1249 3799 1305 3862 νῦν
1323 3790 1459 3861 Ἰουδαί-

232 3891 341 3974 ζοντες
369 3885 396 3958 τ’
421 3888 520 3964 αὐτόν
550 3916 610 3977 μοι
639 3894 774 3958 δοκοῦσι
801 3881 941 3976 πάσχειν
969 3897 1016 3981 τηῦ
1040 3893 1180 3985 Καϊάηᾳ
1208 3901 1262 3963 καὶ
1292 3907 1362 3974 τοῖς
1383 3892 1459 3961 τότε

232 3998 449 4078 Φαρισαίοις·
473 3989 567 4061 οῦδὲν
589 3993 650 4081 γὰρ
674 3989 814 4079 δρῶντες
837 3992 970 4081 εῦλογον
994 3996 1131 4080 ἕχουαιν
1154 3999 1279 4066 ἑαυτῶν
1293 3997 1352 4083 τὴν
1368 3997 1458 4083 αἵρε·

231 4115 300 4173 σιν,
331 4093 520 4182 προφάσεις
550 4095 738 4176 ἐπινοοῦσι,
763 4097 854 4164 διατί
875 4101 972 4165 τοῦτο
995 4102 1048 4166 καὶ
1070 4097 1114 4184 μὴ
1137 4102 1234 4165 τὀῦτο
1256 4103 1458 4180 γέγραπταις

229 4195 283 4260 καί
304 4193 350 4284 μή
372 4219 427 4262 τοι
447 4195 634 4283 θαυμάσῃς,
659 4195 688 4263 εί
709 4200 845 4265 τοιοῦτα
868 4201 924 4265 νῦν
938 4203 1162 4286 μηχανῶνται·
1183 4193 1252 4282 μετ’
1270 4191 1380 4282 ὀλίγον
1395 4197 1456 4281 γὰρ

301 4347 325 4410 1)
342 4349 409 4400 Ιοιο.
428 4350 453 4412 6,
471 4349 512 4402 ³0.
582 4351 608 4412 2)
625 4353 692 4404 loun.
713 4353 752 4416 11,
771 4353 813 4404 47.
883 4353 909 4414 θ)
929 4353 994 4404 loun.
1015 4353 1054 4410 10,
1074 4351 1114 4402 33.
1184 4351 1210 4410 4)
1228 4352 1295 4400 ίοτο.
1314 4352 1338 4402 5.
1357 4349 1423 4400 ειθ.

264 4498 287 4536 a.
304 4483 361 4546 λος.
378 4477 578 4552 λαμπρότερον.
905 4503 925 4536 c.
945 4485 985 4536 Sic
1002 4487 1058 4548 8ος.
1094 4485 1138 4537 Alii
1156 4499 1212 4535 τετυ
1230 4492 1254 4534 et
1272 4485 1329 4535 editi
1344 4473 1438 4536 τοῦτοῦ.

264 4551 286 4600 Ιι.
306 4550 340 4600 lta
359 4552 414 4615 fleg.
433 4561 457 4602 ει
474 4553 546 4604 nuit.
582 4553 645 4606 Ιίδίιί
669 4570 723 4607 vero
748 4569 816 4606 men·
903 4553 927 4602 δ.
947 4553 990 4604 Hic
1012 4553 1098 4604 alludit
1121 4555 1146 4604 S.
1164 4552 1310 4604 Athanasius
1333 4554 1364 4603 ιδ
1387 4553 1455 4603 Prot.

229 4617 289 4669 δοεο
307 4618 399 4670 addunt
417 4611 473 4680 τήν.
