3070 5242
429 365 543 410 contat
560 365 777 410 tronntnnntult
793 366 878 408 LlltEli
895 365 925 408 11.
1227 351 1288 416 927

17 541 63 584 us
101 517 257 582 Domini
281 517 316 578 ad
338 517 426 578 vitam
449 515 537 578 nohis
562 514 663 577 datum
685 515 734 576 sit.
767 515 805 576 Et
825 515 928 576 Esaias
951 516 987 576 de
1009 514 1071 575 Deo
1094 515 1211 593 quidem
1228 517 1375 584 cla-roco,
1445 583 1453 594 ¹

17 631 76 684 rat
109 620 262 684 dicens:
286 619 367 682 Deus
382 637 519 698 moqnua,
542 628 696 689 aeternus,
721 622 773 697 qui
786 619 960 678 construant
976 621 1162 680 summitates
1179 631 1289 690 terroe,

22 745 82 786 on
118 727 263 785 esuriet
284 739 377 802 neque
400 721 581 800 sota'qoiintr
604 727 659 779 etr.
704 719 747 778 lle
768 718 910 796 passione
928 726 1040 778 autem:
1063 717 1169 790 Hono,
1193 723 1247 800 qui
1259 724 1291 782 in

17 825 138 905 lapis
170 835 235 892 est,
259 836 288 886 et
308 825 407 884 aciens
430 820 566 882 tolerare
588 821 805 898 infirmitatem.
851 817 929 890 Quid
951 818 1009 880 sihi
1032 819 1092 881 vult
1113 819 1200 882 illud:
1224 819 1291 882 Sci-

20 945 73 988 ns
110 925 273 987 tolerare
294 918 528 1004 infirmitatem?
551 919 666 1004 idest,
688 937 725 980 ex
747 938 800 992 eo,
824 919 873 997 qui
896 937 1005 999 passus
1030 927 1085 992 est,
1108 921 1289 1000 passibilitas

17 1034 322 1086 :ommonstratnn
367 1023 529 1100 Propterea
559 1021 638 1082 enim
666 1020 721 1080 ait:
751 1019 855 1083 Scribe
884 1020 964 1099 stylo
993 1021 1120 1084 iomanis
1153 1021 1183 1082 in
1212 1041 1289 1084 novo

17 1127 148 1188 :odico
178 1135 214 1187 et
239 1143 298 1186 non
321 1123 418 1184 carnis
441 1124 537 1184 forma
558 1122 697 1184 carentis.
741 1121 777 1182 Et
792 1123 953 1201 Apostolus
976 1122 1061 1184 dicit:
1084 1122 1290 1190 111111131νί-

17 1239 102 1289 stus
136 1227 248 1296 lesus,
272 1229 324 1307 qui
345 1225 425 1287 dedit
447 1219 638 1305 semetipsum
657 1241 718 1302 pro
740 1223 836 1285 nobis.
881 1221 1009 1301 Ideoque
1032 1222 1075 1296 ei,
1105 1224 1157 1302 qui
1180 1243 1214 1284 ex
1238 1241 1374 1286 sc-rou.

17 1329 124 1390 enine
152 1327 255 1390 David
279 1336 376 1386 ortum
399 1325 500 1396 duxit,
522 1324 771 1386 resurrectionem
794 1317 898 1386 adiicit
915 1327 1078 1388 secundum
1100 1343 1221 1388 cornua
1242 1325 1290 1386 lo-

18 1431 187 1510 quendo,
215 1428 252 1488 de
274 1427 425 1490 divinitate
448 1435 545 1488 autem
569 1425 649 1487 eina:
677 1425 780 1487 Vienna
799 1437 845 1487 eat
867 1428 952 1498 enain
977 1425 1026 1499 ait,
1053 1426 1178 1490 Verium
1192 1427 1251 1490 Dei
1263 1439 1291 1492 ct
1378 1487 1381 1500 ,

23 1533 170 1612 effictum
196 1540 228 1592 et
247 1529 469 1614 penetrabilius
494 1531 576 1589 onina·
594 1528 695 1607 plodio
718 1531 853 1606 onopiti
899 1527 977 1600 Quin
1001 1536 1030 1589 et
1051 1527 1195 1590 Dominus
1217 1547 1290 1608 pas·

25 1635 172 1693 sionem
199 1632 233 1691 in
255 1631 315 1691 lilio
337 1629 468 1691 hominis
491 1628 601 1703 statuit,
624 1628 703 1707 quod
727 1629 890 1690 secundum
914 1647 1032 1690 carnem
1051 1629 1096 1708 agi
1112 1629 1230 1701 indicat,
1254 1629 1291 1690 de

29 1733 214 1794 divinitate
238 1739 335 1793 autem
359 1749 411 1791 sua
435 1729 520 1792 dicit:
543 1730 605 1810 Epo
628 1741 656 1792 et
678 1729 770 1792 Peter
792 1749 888 1792 unum
910 1749 1025 1802 sumus,
1048 1738 1078 1792 et
1099 1731 1191 1794 Nemo
1207 1735 1292 1793 nouit

34 1835 170 1896 Filium
196 1837 264 1914 quis
288 1838 328 1895 sr't
349 1837 412 1895 nisi
431 1831 515 1894 solus
532 1831 633 1893 Potor.
671 1831 820 1910 Nusquam
843 1840 940 1894 antem
963 1832 1136 1910 sanguinem
1152 1831 1204 1892 liei
1220 1831 1290 1892 abs-

36 1955 106 2014 que
135 1953 231 1996 carne
255 1933 440 1996 tradiderunt
460 1932 647 2011 Scripturas,
677 1932 836 2020 relsssseum
858 1951 912 2014 per
934 1951 1051 1994 carnem
1074 1951 1196 2012 passum
1224 1951 1292 1994 esse
1350 1937 1351 1946 ’

40 2049 76 2098 et
102 2035 328 2098 resurrexisse.
372 2035 547 2096 llrianorum
570 2041 642 2096 sunt
662 2034 835 2096 huiusmodi
857 2053 958 2108 ausus,
982 2035 1219 2113 quandoquidem
1234 2051 1290 2094 ne-

43 2157 111 2216 que
139 2155 245 2198 verum
269 2135 361 2197 Deum
385 2135 489 2204 Eilium
511 2136 563 2196 liei
587 2154 655 2196 esse
677 2135 865 2196 cantitentur.
910 2136 1017 2196 Sacrae
1034 2154 1104 2198 vero
1122 2136 1292 2214 Scripturas

47 2241 82 2300 in
110 2257 206 2300 carne
229 2237 282 2298 lJei
305 2245 334 2298 et
356 2238 453 2300 earnis
475 2235 680 2298 Dei·hominis
703 2236 771 2298 lacti
795 2236 967 2314 sanguinem
991 2244 1021 2298 et
1035 2236 1206 2316 passionem
1223 2254 1292 2298 ease

47 2339 234 2419 praedicant
255 2358 372 2401 necnon
394 2338 644 2400 resurrectionem
667 2337 803 2417 corporis
826 2337 891 2412 liei,
914 2356 1021 2417 nempe
1041 2339 1291 2399 resurrectionem
1339 2321 1340 2326 ἵ

53 2461 94 2502 ex
125 2440 255 2502 mortuis
278 2441 392 2502 laetam
444 2441 502 2502 Vos
533 2459 602 2501 vero
632 2439 803 2518 oppositum
832 2439 946 2511 dicitis,
981 2437 1063 2516 quasi
1093 2437 1290 2516 sapientiores

55 2539 229 2618 Apostolis,
252 2540 282 2600 in
306 2540 454 2619 mysteriis
477 2540 626 2602 doctiores
649 2541 815 2619 Prophetis,
838 2538 1075 2621 praestantiores
1097 2539 1291 2619 Evangelistis

58 2643 193 2720 ipsoque
215 2639 340 2702 ilomino
363 2641 537 2702 auctoritate
561 2641 723 2720 graviores,
746 2642 946 2718 ementitaquc
968 2639 1016 2700 illa
1038 2619 1197 2704 ierborum
1220 2659 1291 2720 spe·

61 2743 108 2802 cie
133 2740 283 2820 abnegatis
306 2741 424 2818 quidem
446 2741 614 2813 veritatem,
644 2752 746 2804 contra
776 2743 894 2804 deitatis
922 2759 993 2802 vcro
1016 2743 1220 2804 oeconomiam
1242 2741 1291 2802 lo-

62 2841 200 2921 quimini,
224 2860 298 2922 quae
321 2842 351 2901 in
375 2841 467 2904 cruce
489 2844 552 2922 ipsa
575 2843 686 2922 liquido
710 2852 841 2923 apparet,
866 2860 932 2904 cum
954 2841 985 2902 in
1008 2842 1154 2904 eliusione
1173 2842 1292 2921 quidem

67 2933 219 3021 sauguinis
242 2961 361 3004 carnem
383 2944 488 3024 adesse
510 2945 722 3017 confirmetur,
745 2962 871 3022 cumque
893 2961 951 3004 vox
974 2943 1051 3004 edita
1074 2951 1103 3005 et
1124 2945 1220 3006 anima
1243 2943 1291 3004 in-

68 3045 163 3106 dicata
185 3062 243 3104 non
266 3044 385 3106 deitatis
402 3047 619 3124 separationem
635 3045 815 3116 manifestet,
833 3045 887 3104 sed
903 3044 1040 3123 corporis
1056 3054 1182 3106 mortem
1199 3045 1292 3123 signi·

69 3146 153 3216 ficet,
176 3163 239 3206 cum
263 3145 356 3206 deitas
379 3165 475 3225 neque
497 3166 606 3225 corpus
628 3148 658 3209 in
682 3145 818 3226 sepulcro
843 3147 996 3206 desereret
1020 3146 1174 3224 nequeat)
1197 3146 1294 3208 anima

71 3245 102 3306 in
125 3245 223 3308 inieris
245 3257 441 3326 separaretur.
484 3248 558 3310 lllud
581 3247 659 3310 enim
683 3257 745 3320 est,
775 3248 856 3326 quod
880 3247 988 3308 dictum
1012 3257 1060 3308 est
1081 3265 1135 3326 per
1156 3247 1292 3326 Prophe-

73 3356 134 3409 tas:
162 3347 225 3410 Non
254 3348 440 3430 derelinques
470 3353 600 3412 anianum
627 3369 722 3413 mecm
743 3354 776 3410 in
798 3351 938 3428 inferno,
968 3367 1022 3410 roeo
1051 3349 1134 3412 doliis
1156 3360 1294 3412 sonorum

77 3551 227 3700 1111111
251 3561 551 3702 scritefinnis
581 3567 654 3684 ill
706 3566 1294 3703 tetzilini-⁰3¹'‘tltlt‘lllalatt

80 3703 128 3751 llox
146 3701 242 3751 Naitnius
261 3705 318 3764 legit
341 3693 355 3761 ἢ
375 3697 442 3753 θεὸν
466 3698 529 3767 σ’ἰχα
555 3695 655 3768 σαρκὸς
705 3703 767 3774 Editi
778 3719 833 3752 aero
845 3704 948 3751 electori
964 3717 1021 3750 mss.
1031 3699 1201 3782 κεκρωσμένῃ
1212 3700 1294 3770 [aaz.

80 3761 206 3823 παθόντα,
226 3772 295 3817 uertit
313 3771 376 3818 enim
395 3773 429 3818 uel
445 3771 513 3819 lirun
526 3773 585 3822 citro
602 3785 654 3818 cor·
707 3767 778 3833 Ede]
798 3764 927 3828 tnrnloiq
951 3761 1112 3834 {inmaturo
1131 3769 1238 3838 Commi
1256 3717 1296 3822 11-

82 3853 130 3886 nent
144 3838 271 3898 potientem,
297 3849 357 3897 quae
376 3837 446 3884 lectio
471 3851 584 3896 germano
604 3838 654 3886 lor·
707 3831 809 3901 φημίᾳ,
829 3827 1040 3901 ἀπαρνούμενοι.

84 3913 151 3951 tasse.
187 3903 263 3950 l‘otest
286 3908 365 3950 tamen
384 3917 410 3949 ea
437 3917 497 3964 qnae
523 3903 568 3950 iani
594 3911 657 3952 extat

86 3969 181 4026 retineri,
197 3977 264 4031 atque
282 3977 347 4016 recte
365 3969 394 4017 ad
410 3983 511 4031 scopum
523 3971 654 4027 Athanasii,

88 4049 135 4082 cam
157 4036 211 4083 enim
233 4035 375 4084 sententiam
399 4029 467 4083 θεὸν
491 4028 537 4082 διὰ
555 4028 656 4102 σαρκὸς

89 4095 200 4150 παθόντα
217 4104 333 4166 improbat
353 4106 425 4166 paulo
444 4110 523 4162 antea,
542 4117 588 4153 non
607 4119 655 4168 quo

742 3950 765 3996 g.
784 3933 881 4000 φωνῆς
905 3929 935 3981 di
955 3931 1117 4014 yeropre‘rqr¹
1133 3932 1179 3983 atui
1207 3938 1297 4006 ψυχῆς

708 3995 910 4066 αημαινομένης
934 4014 965 4048 oo
986 4015 1056 4068 χωρ,
1093 4003 1134 4052 Sto
1158 4007 1247 4067 inglic.
1273 4017 1297 4057 ot

168 4171 172 4179 .
650 4069 1296 4201 .tarrailluminarunt

92 4171 416 4302 utsuscitares
431 4171 656 4302 11131111
824 4213 847 4280 a
1033 4201 1226 4273 renuens
1251 4204 1296 4257 n

92 4306 172 4364 errori,
190 4306 225 4368 qui
242 4306 319 4369 ipsam
338 4308 453 4370 putabant
471 4306 583 4356 deitatem
601 4321 656 4356 esse
703 4283 860 4338 lwi'wpw'
880 4287 977 4321 ⁰⁰¹¹⁵³¹⁸
998 4275 1093 4323 m⁰d¹¹⁸'

95 4387 184 4437 passum,
199 4373 290 4424 oillciet.
744 4374 766 4422 h.
786 4373 886 4434 Sequor.
906 4374 1003 4426 Gobler.
1023 4384 1046 4424 et
1065 4375 1168 4426 Felclm.
1187 4377 1210 4426 l.
1230 4369 1295 4426 dno-

124 4456 142 4488 e.
157 4443 242 4502 Sequor.
269 4441 365 4492 Gobler.
393 4449 416 4490 et
434 4441 574 4492 antelmi.
592 4431 657 4488 ‹iru-
707 4436 872 4507 neopum.
911 4442 963 4493 llox
981 4457 1065 4495 omnes
1084 4437 1208 4511 msuyoip
1227 4438 1292 4493 lore.

97 4501 201 4562 ordoroe'
210 4505 355 4575 peroptime
371 4502 399 4558 itt
416 4507 527 4574 νεκρῶν.
557 4509 618 4560 111111
634 4516 658 4560 et
708 4510 770 4560 Editi
787 4503 841 4574 γὰρ
859 4501 908 4558 ἔτι.

99 4574 132 4623 alii
152 4567 287 4626 ἀνάστασιν
315 4569 343 4626 dat
365 4575 468 4643 rexque
495 4573 653 4643 γενομένην.
