3226 5280
253 385 292 450 78
647 400 673 444 ε.
687 397 843 445 mmm
857 398 1084 444 ιεοειιεειεοοει
1142 413 1143 416 ¹

166 567 243 612 m.
251 546 392 633 πατρός·
422 545 518 614 εἰκὼν
540 546 583 642 δλ
606 539 652 612 οῦν
674 543 791 626 αὐτοῦ,
822 543 922 625 ἄλλος
943 539 983 622 ἂν
1006 545 1057 634 εἴη
1078 547 1145 612 τῶν
1166 546 1310 631 γενητῶν
1331 547 1387 612 καὶ
1408 547 1478 612 τιῦν

250 647 402 715 πάντων·
432 635 471 713 οῦ
498 645 560 734 γάρ
589 646 680 714 ἐστιν
708 645 817 727 εἰκών,
846 646 967 714 τοῦτον
994 649 1048 714 καὶ
1076 646 1135 734 τὴν
1164 644 1314 733 ἰδιότητα
1340 648 1393 712 καὶ
1416 645 1477 733 τὴν

252 744 412 834 ὁμοίωσιν
442 747 523 831 ἔχει,
551 743 633 827 ιῦςτε
653 747 712 814 τὸν
733 749 869 834 λέγοντα
891 742 1046 836 ἀγένητον
1067 745 1124 815 καὶ
1144 745 1396 832 παντοκράτορα
1417 745 1477 814 τὸν

250 854 381 937 πατέρα
405 858 496 918 νοεῖν
518 847 551 916 έν
573 852 621 935 τῷ
643 843 787 938 άγενητῳ
816 851 890 917 ’καί
911 853 959 937 τῷ
980 848 1225 935 παντοκράτορι
1245 849 1300 914 καί
1321 844 1378 913 τὸν
1399 846 1478 913 τοῦ-
1562 870 1565 876 ·
1605 867 1606 870 ’

251 975 310 1019 τοο
332 951 429 1038 λόγον
450 953 504 1017 καὶ
525 949 584 1036 τὴν
607 957 740 1038 σοφίαν,
762 946 784 1038 ἥ
804 975 857 1030 τις
878 949 967 1019 ἐστίν
990 946 1008 1016 ὁ
1030 948 1110 1029 ολός.
1142 943 1210 1017 ἀλλ’
1236 949 1269 1015 ολ
1282 951 1477 1034 θαυμαστοὶ
1528 959 1530 962 ’

251 1055 307 1120 καὶ
329 1053 376 1132 εἰς
398 1046 552 1137 ἀσέβειαν
574 1044 716 1137 εὐχερεῖς
737 1046 776 1118 οῦ
797 1055 857 1138 τῆς
878 1051 925 1128 είς
946 1049 1004 1118 τὸν
1025 1049 1108 1118 θεὸν
1129 1054 1227 1138 τιμῆς
1249 1045 1478 1137 φροντίζοντες

252 1153 392 1242 ἐφεῦρον
419 1150 458 1218 τὸ
482 1148 587 1236 ὄνομα
607 1155 667 1218 τοῦ
690 1147 863 1240 άγενήτον,
891 1155 950 1238 τῆς
972 1152 1008 1218 δέ
1029 1151 1112 1219 κατὰ
1131 1155 1191 1218 τοῦ
1214 1153 1362 1238 σωτῆρος
1381 1148 1478 1235 χάριν
1605 1235 1606 1238 ¹

250 1259 440 1332 κακονοίας·
464 1252 494 1320 εί
513 1252 575 1339 γάρ
598 1254 709 1338 ἔμελεν
731 1249 847 1332 αῦτοῖς
866 1256 963 1339 τιμῆς
983 1255 1038 1319 καὶ
1060 1248 1232 1341 εὐφημίας,
1250 1251 1318 1319 ἔδει
1337 1252 1474 1336 μᾶλλον,
1605 1267 1606 1314 3

252 1355 427 1422 καὶτοῦτο
448 1355 579 1440 βέλτιον
600 1345 655 1442 ἦν,
678 1346 809 1441 πατέρα
829 1352 887 1420 τὸν
907 1353 991 1420 θεὸν
1015 1353 1138 1421 εἰδέναι
1157 1377 1193 1420 τε
1214 1355 1269 1420 καί
1291 1354 1395 1438 λέγειν
1417 1346 1479 1418 αῦ-
1605 1431 1606 1452 η

251 1454 344 1535 τοῦς,
374 1448 396 1541 ἢ
426 1454 557 1534 ἐκείνως
585 1450 757 1540 ὀνομάζειν
780 1450 915 1534 αῦτοάς·
945 1457 1092 1541 λέγοντες
1112 1455 1172 1538 μέν
1194 1453 1255 1540 γὰρ
1278 1452 1398 1520 ἐκείνοι
1418 1450 1477 1518 τὸν
1605 1465 1606 1528 ί

251 1553 335 1622 θεὸν
357 1549 521 1642 ἀγένητον,
545 1554 579 1623 ἐκ
601 1559 668 1624 τῶν
688 1563 870 1642 γενομένων
892 1549 1001 1636 αὐτόν,
1023 1553 1115 1623 καθά
1136 1565 1312 1643 προεῖπον,
1336 1552 1478 1640 ποιητὴν
1605 1533 1606 1556 ¹

251 1655 354 1742 μόνον
387 1658 551 1743 λέγουσιν,
585 1657 650 1723 ἵνα
673 1659 727 1724 καί
755 1656 813 1725 τὸν
841 1656 939 1742 λόγον
970 1663 1099 1744 ποίημα
1121 1655 1294 1744 σημάνωσι
1313 1654 1397 1722 κατὰ
1417 1652 1477 1740 τὴν

254 1757 342 1825 ίδίαν
362 1753 498 1846 ἡδονήν·
522 1753 541 1822 ὃ
563 1757 599 1824 δέ
621 1757 679 1824 τὸν
699 1756 783 1825 θεὸν
805 1764 935 1845 πατέρα
956 1758 1058 1843 λέγων
1081 1751 1182 1835 εῦθῦς
1197 1755 1231 1824 έν
1246 1751 1335 1843 αὐτῷ
1348 1761 1404 1823 καί
1417 1755 1477 1822 τὸν

253 1858 326 1927 νίὸν
349 1865 517 1946 σημαίνει,
540 1860 595 1925 καί
618 1853 677 1925 οῦκ
699 1854 868 1946 ἀγνοήσει,
893 1857 947 1926 ῦτι
967 1859 1041 1925 υἱοῦ
1065 1849 1160 1937 ὄντος
1182 1857 1239 1924 διά
1258 1861 1318 1924 τοῦ
1339 1857 1413 1924 οἱοῦ
1434 1855 1478 1922 τά

253 1959 411 2048 γενόμενα
432 1959 569 2047 ἐκτίσθη
592 1958 712 2028 πάντα.

338 2067 389 2128 31.
439 2055 565 2128 Οῦκοῦν
586 2052 640 2129 καί
661 2061 788 2146 μᾶλλον
809 2053 851 2146 λῆ
872 2055 1097 2147 ἀληθέστερον
1119 2052 1159 2126 άν
1182 2057 1242 2144 ε’ίη,
1265 2056 1323 2124 τὸν
1344 2055 1428 2125 θεὸν
1443 2056 1479 2124 ἐκ

253 2164 313 2226 τοῦ
334 2161 408 2228 ολοῦ
430 2169 603 2249 σημαίνειν
623 2161 679 2230 καὶ
699 2166 829 2246 πατέρα
850 2161 964 2246 λέγειν,
987 2153 1008 2247 ἢ
1031 2159 1065 2226 έν
1078 2157 1189 2242 μόνων
1205 2161 1271 2225 τῶν
1286 2157 1388 2245 ἔργων
1403 2152 1479 2224 δνο-

252 2260 367 2345 μάζειν
388 2264 443 2329 καί
466 2264 570 2348 λέγειν
592 2258 691 2330 αῦτὸν
714 2257 878 2347 ἀγένητον.
914 2261 1012 2325 τοῦτο
1035 2261 1095 2342 μὲν
1116 2257 1178 2345 γάρ
1200 2257 1242 2325 τὰ
1264 2257 1298 2325 ἐκ
1319 2261 1378 2324 τοῦ
1399 2265 1479 2344 βοο-

254 2361 399 2449 λήματος
424 2368 483 2430 τοῦ
511 2366 595 2431 θεοῦ
625 2361 682 2430 διδι
702 2365 762 2428 τοῦ
784 2359 882 2447 λόγου
904 2355 1062 2446 γενόμενα
1083 2357 1161 2444 ἔργα
1183 2367 1350 2445 σημαίνει,
1380 2357 1420 2425 τὸ
1442 2358 1478 2425 δέ

253 2467 312 2529 τοῦ
334 2465 463 2549 πατρὸς
485 2461 590 2548 ὄνομα
611 2463 650 2529 τὸ
672 2463 760 2530 λ’διον
783 2461 817 2528 ἐκ
838 2465 896 2550 τῆς
918 2456 1033 2538 οὐσίας
1047 2452 1149 2525 αῦτοῦ
1163 2463 1304 2544 γέννημα
1318 2459 1477 2545 γνωρίζει.

255 2559 324 2651 ὅσῳ
347 2564 384 2632 δὲ
406 2561 424 2630 δ
447 2563 543 2651 λόγος
564 2568 631 2632 τῶν
652 2565 794 2650 γενητῶν
816 2563 977 2650 διαφέρει,
1000 2561 1160 2626 τοσοῦτον
1181 2561 1236 2626 καί
1251 2561 1356 2624 πλέον
1369 2557 1409 2625 τὸ
1426 2560 1479 2624 λέ-

254 2688 323 2750 γειν
350 2664 409 2733 τὸν
430 2665 514 2733 θεὸν
537 2671 667 2751 πατέρα
687 2665 747 2730 τοῦ
769 2664 873 2748 λέγειν
895 2657 1049 2749 ἀγένητον
1072 2660 1227 2748 διαφέροι
1248 2657 1297 2728 άν.
1341 2658 1480 2745 καὶγὰρ

255 2769 353 2846 τοῦτο
386 2769 448 2850 μέν
478 2764 628 2853 άγραφον
661 2763 717 2831 καὶ
746 2761 916 2844 ῦποπτον,
950 2762 1104 2848 ποικίλην
1134 2761 1208 2844 ἔχον
1233 2760 1292 2846 τὴν
1314 2767 1479 2847 σημασίαν

256 2865 362 2934 ἐστίν·
385 2867 508 2935 ‘who
531 2870 568 2935 δέ
590 2864 718 2934 ἁπλοῦν
740 2872 794 2932 καί
818 2865 981 2952 ἔγγραφον
1001 2866 1056 2931 καί
1071 2859 1295 2950 ἀληθέστερον
1309 2861 1365 2928 καὶ
1378 2861 1479 2947 μόνον
1605 2911 1606 2940 ,

171 2982 246 3027 11137-
257 2973 417 3055 σημαῖνον
445 2968 503 3036 τὸν
529 2967 610 3035 οἶόν.
656 2970 711 3034 καὶ
739 2966 779 3034 τὸ
806 2969 866 3050 μέν
890 2961 1044 3053 άγένητσν
1066 2958 1144 3050 παρ’
1165 2959 1325 3052 Ἑλλήνων
1347 2958 1479 3048 εῦρηται
1605 2965 1606 2974 ’

255 3073 323 3136 τῶν
344 3068 389 3157 μὴ
411 3066 638 3154 γινωσκόντων
659 3066 716 3134 τὸν
739 3067 827 3135 υἱόν·
849 3066 888 3133 τὸ
911 3069 948 3133 δέ
969 3064 1080 3152 πατὴρ
1091 3063 1184 3149 παρὰ
1195 3068 1254 3130 τοῦ
1264 3071 1376 3148 κυρίου
1387 3059 1478 3150 ἡμῶν

257 3169 409 3257 έγνώσθη
436 3170 493 3236 καὶ
520 3169 724 3254 κεχάρισται·
753 3171 806 3236 καὶ
828 3166 890 3254 γὰρ
913 3165 1009 3244 εἰδὼς
1030 3160 1144 3244 αῦτός,
1174 3169 1264 3241 τίνος
1285 3161 1375 3230 ἐστὶν
1397 3161 1477 3242 αλδς,

257 3266 380 3351 ἔλεγεν·
404 3268 467 3352 έγιὺ
489 3269 523 3336 έν
545 3273 592 3355 τῷ
615 3276 727 3354 πατρί,
750 3272 805 3336 καὶ
828 3264 846 3334 ’ὁ
868 3265 978 3351 πατὴρ
1001 3264 1035 3331 ἓν
1057 3262 1132 3347 έμοί
1140 3267 1169 3342 ¹),
1193 3268 1264 3328 καί·
1288 3258 1306 3326 δ
1328 3261 1480 3346 ἑωρακὼς

258 3365 323 3451 έμέ,
348 3367 471 3452 ἑώρακε
492 3365 551 3432 τὸν
572 3371 746 3452 πατέρα’),
771 3373 842 3433 καί·
865 3365 928 3449 έγιὺ
949 3366 1004 3430 καί
1027 3358 1045 3426 ά
1066 3360 1177 3450 πατὴρ
1200 3362 1234 3428 ῦν
1256 3360 1396 3446 ἐσμεν”)·
1425 3366 1479 3429 καί

257 3461 404 3550 οὐδαμοῦ
437 3471 594 3551 φαίνεται
622 3466 680 3532 τὸν
709 3471 838 3551 πατέρα
858 3465 967 3530 καλῶν
990 3458 1145 3549 άγίνητσν
1167 3457 1280 3542 αῦτὸς,
1315 3456 1400 3530 άλλά
1425 3465 1479 3528 καί

256 3563 343 3656 ἡμᾶς
366 3563 524 3660 εοζηεσθαι
547 3563 711 3631 διδάσκων
734 3558 792 3630 οῦκ
813 3558 923 3631 εἶπεν·
947 3559 1027 3630 ὅταν
1049 3565 1085 3629 δὲ
1100 3561 1336 3650 προςεῦχησθε,
1355 3564 1480 3649 λέγετε·

257 3667 338 3735 αθεέ
353 3661 494 3752 ἇγένητε,
511 3658 596 3730 ἄλλά
608 3665 752 3748 μᾶλλον·
776 3659 855 3730 ὅταν
870 3664 1106 3751 προςεάχησθε,
1123 3665 1245 3748 λέγετε·
1268 3663 1374 3751 πάτερ
1388 3659 1480 3752 ἡμῶν

132 3796 136 3805 ’
258 3764 277 3835 δ
301 3767 334 3836 έν
356 3771 427 3846 τοῖς
449 3761 638 3854 οῦρανοῖςἿ.
682 3765 737 3830 καί
758 3763 797 3830 τὸ
817 3763 998 3852 κεφάλαιον
1021 3764 1137 3850 δλ-τῆς
1158 3770 1305 3844 πίστεως
1326 3760 1419 3853 ἡμῶν
1435 3762 1481 3842 είς

256 3872 356 3936 τοῦτο
386 3865 564 3936 συντείνειν
585 3859 770 3952 ἠθέλησεν·
800 3865 946 3933 ἐκέλευσε
972 3864 1034 3953 γάρ
1062 3861 1148 3954 ἡμᾶς
1175 3867 1402 3951 βαπτίζεσθαι
1423 3859 1481 3930 οῦκ

258 3969 306 4048 είς
329 3967 434 4055 άνομα
446 3965 612 4055 ’άγενήτου
633 3966 689 4034 καὶ
710 3971 854 4056 γενητοῦ,
879 3961 956 4034 οὐδὲ
978 3967 1026 4047 είς
1047 3963 1154 4053 ὄνομα
1175 3962 1330 4036 άκτίστου
1343 3968 1398 4032 καί
1412 3967 1481 4030 κτί-

258 4093 400 4154 σματος,
434 4065 503 4137 ἀλλ’
534 4069 582 4147 είς
616 4067 721 4154 ὄνομα
748 4068 876 4155 πατρὸς
903 4071 957 4135 καλ
985 4067 1058 4134 οἱοῦ
1085 4067 1142 4136 καὶ
1162 4065 1256 4153 άγίοα
1278 4066 1479 4150 πνεύματος·

258 4167 364 4249 οῦτως
392 4169 453 4255 γὰρ
481 4169 704 4252 τελειοῦμενοι
724 4168 973 4253 οἱοποιοάμεθα
994 4168 1049 4235 καὶ
1070 4164 1165 4253 ἡμεῖς
1186 4163 1337 4252 άληθῶς,
1366 4167 1421 4232 καί
1442 4161 1481 4229 τὸ

258 4274 317 4338 τοῦ
349 4269 479 4354 πατρὸς
510 4271 546 4336 δέ
575 4267 681 4352 ὄνομα
708 4270 857 4354 λέγοντες
886 4267 1145 4353 έπεγινώσκομεν
1174 4264 1209 4331 έκ
1236 4267 1295 4331 τοῦ
1318 4259 1503 4347 ὀνόματος

329 4593 354 4656 1)
371 4594 437 4646 loun.
458 4591 497 4654 11,
517 4591 557 4680 10.
627 4591 654 4654 1)
672 4593 737 4642 loun.
759 4592 799 4655 14,
819 4591 845 4643 9.
915 4584 1146 4650 3)1οεο.10,30.
1214 4585 1241 4646 1)
1258 4583 1338 4636 unuh.
1356 4583 1382 4648 δ,
1399 4583 1425 4636 θ.
