<?xml version="1.0" encoding="UTF-8"?>
<!DOCTYPE html PUBLIC "-//W3C//DTD XHTML 1.0 Transitional//EN"
    "http://www.w3.org/TR/xhtml1/DTD/xhtml1-transitional.dtd">
<html xmlns="http://www.w3.org/1999/xhtml" xml:lang="en" lang="en">
 <head>
  <title>
</title>
<meta http-equiv="Content-Type" content="text/html;charset=utf-8" />
  <meta name='ocr-system' content='tesseract 3.04.00' />
  <meta name='ocr-capabilities' content='ocr_page ocr_carea ocr_par ocr_line ocrx_word'/>
</head>
<body>
  <div class='ocr_page' id='page_1' title='image "./sanctiathanasii00athagoog_0613.png"; bbox 0 0 3226 5308; ppageno 0'>
   <div class='ocr_carea' id='block_1_1' title="bbox 268 321 1096 405">
    <p class='ocr_par' dir='ltr' id='par_1_1' title="bbox 268 321 1096 405">
     <span class='ocr_line' id='line_1_1' title="bbox 268 321 1096 405; baseline -0.005 0"><span class='ocrx_word' id='word_1_1' title='bbox 268 341 329 405; x_wconf 84' lang='grc'><strong><em>568</em></strong></span> <span class='ocrx_word' id='word_1_2' title='bbox 663 354 689 396; x_wconf 81' lang='lat' dir='ltr'><strong><em>s.</em></strong></span> <span class='ocrx_word' id='word_1_3' title='bbox 705 321 858 398; x_wconf 76' lang='grc' dir='ltr'><strong><em>ιτιυιιιιόιι</em></strong></span> <span class='ocrx_word' id='word_1_4' title='bbox 872 355 1096 401; x_wconf 66' lang='lat' dir='ltr'><strong><em>mammeam</em></strong></span> 
     </span>
    </p>
   </div>
   <div class='ocr_carea' id='block_1_2' title="bbox 159 491 1577 3766">
    <p class='ocr_par' dir='ltr' id='par_1_2' title="bbox 159 491 1577 3766">
     <span class='ocr_line' id='line_1_2' title="bbox 183 491 1543 600; baseline 0.004 -27"><span class='ocrx_word' id='word_1_5' title='bbox 183 506 339 575; x_wconf 71' lang='grc' dir='ltr'><strong><em>σωυίστι</em></strong></span> <span class='ocrx_word' id='word_1_6' title='bbox 359 507 473 580; x_wconf 87' lang='grc' dir='ltr'><strong><em>τοῦτο·</em></strong></span> <span class='ocrx_word' id='word_1_7' title='bbox 497 500 612 587; x_wconf 77' lang='grc' dir='ltr'><strong><em>ἐπειδὴ</em></strong></span> <span class='ocrx_word' id='word_1_8' title='bbox 636 501 672 568; x_wconf 77' lang='grc' dir='ltr'><strong><em>δὲ</em></strong></span> <span class='ocrx_word' id='word_1_9' title='bbox 693 499 749 567; x_wconf 83' lang='grc' dir='ltr'><strong><em>καὶ</em></strong></span> <span class='ocrx_word' id='word_1_10' title='bbox 765 500 799 568; x_wconf 70' lang='lat' dir='ltr'><strong><em>zv</em></strong></span> <span class='ocrx_word' id='word_1_11' title='bbox 813 500 919 600; x_wconf 80' lang='grc' dir='ltr'><strong><em>τηότηι</em></strong></span> <span class='ocrx_word' id='word_1_12' title='bbox 934 501 1211 587; x_wconf 88' lang='grc' dir='ltr'><strong><em>προςκόπτουσιν,</em></strong></span> <span class='ocrx_word' id='word_1_13' title='bbox 1227 499 1410 592; x_wconf 87' lang='grc' dir='ltr'><strong><em>ἀναγκαῖον</em></strong></span> <span class='ocrx_word' id='word_1_14' title='bbox 1428 510 1507 578; x_wconf 91' lang='grc' dir='ltr'><strong><em>πά-</em></strong></span> <span class='ocrx_word' id='word_1_15' title='bbox 1538 491 1543 505; x_wconf 54' lang='grc'><strong>’</strong></span> 
     </span>
     <span class='ocr_line' id='line_1_3' title="bbox 266 601 1502 700; baseline 0.007 -28"><span class='ocrx_word' id='word_1_16' title='bbox 266 610 318 675; x_wconf 84' lang='grc' dir='ltr'><strong><em>λιν</em></strong></span> <span class='ocrx_word' id='word_1_17' title='bbox 340 601 459 684; x_wconf 76' lang='grc' dir='ltr'><strong><em>αὐτοὺς</em></strong></span> <span class='ocrx_word' id='word_1_18' title='bbox 481 601 526 683; x_wconf 83' lang='grc' dir='ltr'><strong><em>ὦς</em></strong></span> <span class='ocrx_word' id='word_1_19' title='bbox 547 602 642 682; x_wconf 83' lang='grc' dir='ltr'><strong><em>Ιτοῦς</em></strong></span> <span class='ocrx_word' id='word_1_20' title='bbox 659 610 865 688; x_wconf 79' lang='grc' dir='ltr'><strong><em>Φαρισαίους</em></strong></span> <span class='ocrx_word' id='word_1_21' title='bbox 886 606 940 670; x_wconf 85' lang='grc' dir='ltr'><strong><em>καλ</em></strong></span> <span class='ocrx_word' id='word_1_22' title='bbox 961 604 1039 684; x_wconf 82' lang='grc' dir='ltr'><strong><em>τοὺς</em></strong></span> <span class='ocrx_word' id='word_1_23' title='bbox 1053 605 1296 687; x_wconf 79' lang='grc' dir='ltr'><strong><em>Σαδδουκαίους</em></strong></span> <span class='ocrx_word' id='word_1_24' title='bbox 1311 609 1502 700; x_wconf 77' lang='grc' dir='ltr'><strong><em>ἐρωτῆσαι,</em></strong></span> 
     </span>
     <span class='ocr_line' id='line_1_4' title="bbox 265 697 1504 796; baseline 0.004 -20"><span class='ocrx_word' id='word_1_25' title='bbox 265 708 345 795; x_wconf 85' lang='grc' dir='ltr'><strong><em>περὶ</em></strong></span> <span class='ocrx_word' id='word_1_26' title='bbox 374 697 413 774; x_wconf 81' lang='grc' dir='ltr'><strong><em>οὗ</em></strong></span> <span class='ocrx_word' id='word_1_27' title='bbox 428 721 542 795; x_wconf 83' lang='grc' dir='ltr'><strong><em>’φησιν</em></strong></span> <span class='ocrx_word' id='word_1_28' title='bbox 562 701 589 772; x_wconf 84' lang='grc' dir='ltr'><strong><em>ό</em></strong></span> <span class='ocrx_word' id='word_1_29' title='bbox 610 709 756 783; x_wconf 83' lang='grc' dir='ltr'><strong><em>Λουκᾶς.</em></strong></span> <span class='ocrx_word' id='word_1_30' title='bbox 786 704 867 772; x_wconf 69' lang='grc' dir='ltr'><strong><em>Ιἔστι</em></strong></span> <span class='ocrx_word' id='word_1_31' title='bbox 895 705 931 772; x_wconf 87' lang='grc' dir='ltr'><strong><em>δὲ</em></strong></span> <span class='ocrx_word' id='word_1_32' title='bbox 958 702 1072 786; x_wconf 84' lang='grc' dir='ltr'><strong><em>οῦτως.</em></strong></span> <span class='ocrx_word' id='word_1_33' title='bbox 1107 702 1229 795; x_wconf 74' lang='grc' dir='ltr'><strong><em>Ἰησοῦς</em></strong></span> <span class='ocrx_word' id='word_1_34' title='bbox 1250 711 1404 796; x_wconf 85' lang='grc' dir='ltr'><strong><em>Χριστὸς</em></strong></span> <span class='ocrx_word' id='word_1_35' title='bbox 1439 712 1504 781; x_wconf 82' lang='grc' dir='ltr'><strong><em>ἀν-</em></strong></span> 
     </span>
     <span class='ocr_line' id='line_1_5' title="bbox 264 803 1503 900; baseline 0.003 -22"><span class='ocrx_word' id='word_1_36' title='bbox 264 809 407 898; x_wconf 88' lang='grc' dir='ltr'><strong><em>θρωπός</em></strong></span> <span class='ocrx_word' id='word_1_37' title='bbox 427 810 515 875; x_wconf 80' lang='grc' dir='ltr'><strong><em>ἐστιν</em></strong></span> <span class='ocrx_word' id='word_1_38' title='bbox 540 803 585 887; x_wconf 81' lang='grc' dir='ltr'><strong><em>ὦς</em></strong></span> <span class='ocrx_word' id='word_1_39' title='bbox 607 809 640 874; x_wconf 81' lang='grc' dir='ltr'><strong><em>οἱ</em></strong></span> <span class='ocrx_word' id='word_1_40' title='bbox 662 805 758 874; x_wconf 82' lang='grc' dir='ltr'><strong><em>ἀλλοι</em></strong></span> <span class='ocrx_word' id='word_1_41' title='bbox 779 805 902 885; x_wconf 88' lang='grc' dir='ltr'><strong><em>πάντες</em></strong></span> <span class='ocrx_word' id='word_1_42' title='bbox 924 805 1118 896; x_wconf 87' lang='grc' dir='ltr'><strong><em>ἀνθρωποι,</em></strong></span> <span class='ocrx_word' id='word_1_43' title='bbox 1141 803 1163 895; x_wconf 82' lang='grc' dir='ltr'><em>ἢ</em></span> <span class='ocrx_word' id='word_1_44' title='bbox 1183 810 1266 889; x_wconf 87' lang='grc' dir='ltr'><strong><em>θεός</em></strong></span> <span class='ocrx_word' id='word_1_45' title='bbox 1287 812 1358 879; x_wconf 84' lang='grc' dir='ltr'><strong><em>ίστι</em></strong></span> <span class='ocrx_word' id='word_1_46' title='bbox 1382 813 1503 900; x_wconf 85' lang='grc' dir='ltr'><strong><em>σάρκα</em></strong></span> 
     </span>
     <span class='ocr_line' id='line_1_6' title="bbox 266 899 1503 1003; baseline 0.005 -25"><span class='ocrx_word' id='word_1_47' title='bbox 266 915 378 1001; x_wconf 84' lang='grc' dir='ltr'><strong><em>φορῶν</em></strong></span> <span class='ocrx_word' id='word_1_48' title='bbox 384 941 396 996; x_wconf 85' lang='grc'><strong><em>,·</em></strong></span> <span class='ocrx_word' id='word_1_49' title='bbox 434 911 463 977; x_wconf 83' lang='grc' dir='ltr'><strong><em>εἰ</em></strong></span> <span class='ocrx_word' id='word_1_50' title='bbox 490 912 550 995; x_wconf 81' lang='grc' dir='ltr'><strong><em>μὲν</em></strong></span> <span class='ocrx_word' id='word_1_51' title='bbox 579 899 636 976; x_wconf 75' lang='grc' dir='ltr'><strong><em>οὖν</em></strong></span> <span class='ocrx_word' id='word_1_52' title='bbox 664 908 773 988; x_wconf 89' lang='grc' dir='ltr'><strong><em>κοινὸς</em></strong></span> <span class='ocrx_word' id='word_1_53' title='bbox 803 906 986 995; x_wconf 84' lang='grc' dir='ltr'><strong><em>ἀνθρωπος</em></strong></span> <span class='ocrx_word' id='word_1_54' title='bbox 1006 913 1090 977; x_wconf 86' lang='grc' dir='ltr'><strong><em>κατὰ</em></strong></span> <span class='ocrx_word' id='word_1_55' title='bbox 1110 910 1187 990; x_wconf 83' lang='grc' dir='ltr'><strong><em>τοὺς</em></strong></span> <span class='ocrx_word' id='word_1_56' title='bbox 1209 909 1329 992; x_wconf 86' lang='grc' dir='ltr'><strong><em>ἀλλους</em></strong></span> <span class='ocrx_word' id='word_1_57' title='bbox 1352 909 1503 1003; x_wconf 85' lang='grc' dir='ltr'><strong><em>ἀνθρώ-</em></strong></span> 
     </span>
     <span class='ocr_line' id='line_1_7' title="bbox 264 1007 1500 1100; baseline 0.002 -18"><span class='ocrx_word' id='word_1_58' title='bbox 264 1039 349 1096; x_wconf 88' lang='grc' dir='ltr'><strong><em>πους</em></strong></span> <span class='ocrx_word' id='word_1_59' title='bbox 380 1014 436 1081; x_wconf 84' lang='grc' dir='ltr'><strong><em>καὶ</em></strong></span> <span class='ocrx_word' id='word_1_60' title='bbox 467 1007 565 1091; x_wconf 85' lang='grc' dir='ltr'><strong><em>αότός</em></strong></span> <span class='ocrx_word' id='word_1_61' title='bbox 598 1012 702 1092; x_wconf 76' lang='grc' dir='ltr'><strong><em>ἐστιν,</em></strong></span> <span class='ocrx_word' id='word_1_62' title='bbox 737 1011 822 1078; x_wconf 70' lang='grc' dir='ltr'><strong><em>ἔστω</em></strong></span> <span class='ocrx_word' id='word_1_63' title='bbox 851 1009 955 1078; x_wconf 88' lang='grc' dir='ltr'><strong><em>πάλιν</em></strong></span> <span class='ocrx_word' id='word_1_64' title='bbox 983 1007 1028 1091; x_wconf 82' lang='grc' dir='ltr'><strong><em>ὦς</em></strong></span> <span class='ocrx_word' id='word_1_65' title='bbox 1055 1010 1238 1100; x_wconf 76' lang='grc' dir='ltr'><strong><em>ἅνθρωπος</em></strong></span> <span class='ocrx_word' id='word_1_66' title='bbox 1264 1016 1500 1100; x_wconf 75' lang='grc' dir='ltr'><strong><em>προκόπτων·</em></strong></span> 
     </span>
     <span class='ocr_line' id='line_1_8' title="bbox 179 1112 1577 1204; baseline 0.002 -20"><span class='ocrx_word' id='word_1_67' title='bbox 179 1119 381 1187; x_wconf 68' lang='grc' dir='ltr'><strong><em>υ.εω.“’τοῦτο</em></strong></span> <span class='ocrx_word' id='word_1_68' title='bbox 402 1121 538 1200; x_wconf 84' lang='grc' dir='ltr'><strong><em>μέντοι</em></strong></span> <span class='ocrx_word' id='word_1_69' title='bbox 558 1116 617 1180; x_wconf 88' lang='grc' dir='ltr'><strong><em>τοῦ</em></strong></span> <span class='ocrx_word' id='word_1_70' title='bbox 638 1118 859 1198; x_wconf 83' lang='grc' dir='ltr'><strong><em>Σαμοσατέως</em></strong></span> <span class='ocrx_word' id='word_1_71' title='bbox 881 1112 951 1180; x_wconf 81' lang='grc' dir='ltr'><strong><em>ίστλ</em></strong></span> <span class='ocrx_word' id='word_1_72' title='bbox 972 1113 1011 1179; x_wconf 88' lang='grc' dir='ltr'><strong><em>τὸ</em></strong></span> <span class='ocrx_word' id='word_1_73' title='bbox 1035 1113 1196 1202; x_wconf 88' lang='grc' dir='ltr'><strong><em>φρόνημα,</em></strong></span> <span class='ocrx_word' id='word_1_74' title='bbox 1221 1114 1239 1182; x_wconf 81' lang='grc' dir='ltr'><strong><em>ὃ</em></strong></span> <span class='ocrx_word' id='word_1_75' title='bbox 1256 1121 1296 1204; x_wconf 86' lang='grc' dir='ltr'><strong><em>τῇ</em></strong></span> <span class='ocrx_word' id='word_1_76' title='bbox 1310 1120 1370 1202; x_wconf 81' lang='grc' dir='ltr'><strong><em>μὲν</em></strong></span> <span class='ocrx_word' id='word_1_77' title='bbox 1387 1121 1499 1188; x_wconf 81' lang='grc' dir='ltr'><strong><em>δυνά·</em></strong></span> <span class='ocrx_word' id='word_1_78' title='bbox 1576 1148 1577 1194; x_wconf 59' lang='grc' dir='ltr'>ι</span> 
     </span>
     <span class='ocr_line' id='line_1_9' title="bbox 264 1209 1497 1304; baseline 0.002 -18"><span class='ocrx_word' id='word_1_79' title='bbox 264 1245 320 1304; x_wconf 89' lang='grc' dir='ltr'><strong><em>μει</em></strong></span> <span class='ocrx_word' id='word_1_80' title='bbox 344 1221 398 1286; x_wconf 82' lang='grc' dir='ltr'><strong><em>καὶ</em></strong></span> <span class='ocrx_word' id='word_1_81' title='bbox 424 1213 517 1302; x_wconf 78' lang='grc' dir='ltr'><strong><em>ὑμεῖς</em></strong></span> <span class='ocrx_word' id='word_1_82' title='bbox 539 1226 707 1303; x_wconf 79' lang='grc' dir='ltr'><strong><em>φρονεῖτε,</em></strong></span> <span class='ocrx_word' id='word_1_83' title='bbox 737 1211 784 1300; x_wconf 82' lang='grc' dir='ltr'><em>τῷ</em></span> <span class='ocrx_word' id='word_1_84' title='bbox 807 1215 843 1281; x_wconf 80' lang='grc' dir='ltr'><strong><em>δὲ</em></strong></span> <span class='ocrx_word' id='word_1_85' title='bbox 867 1209 1005 1300; x_wconf 89' lang='grc' dir='ltr'><strong><em>όνόματι</em></strong></span> <span class='ocrx_word' id='word_1_86' title='bbox 1025 1215 1127 1300; x_wconf 90' lang='grc' dir='ltr'><strong><em>μόνον</em></strong></span> <span class='ocrx_word' id='word_1_87' title='bbox 1150 1210 1307 1303; x_wconf 85' lang='grc' dir='ltr'><strong><em>ἀρνεῖσθε</em></strong></span> <span class='ocrx_word' id='word_1_88' title='bbox 1328 1219 1387 1288; x_wconf 81' lang='grc' dir='ltr'><strong><em>διὰ</em></strong></span> <span class='ocrx_word' id='word_1_89' title='bbox 1411 1222 1497 1300; x_wconf 82' lang='grc' dir='ltr'><strong><em>τοῦς</em></strong></span> 
     </span>
     <span class='ocr_line' id='line_1_10' title="bbox 264 1315 1495 1405; baseline 0.004 -19"><span class='ocrx_word' id='word_1_90' title='bbox 264 1315 481 1405; x_wconf 85' lang='grc' dir='ltr'><strong><em>ἀνθρώπους·</em></strong></span> <span class='ocrx_word' id='word_1_91' title='bbox 505 1317 535 1385; x_wconf 85' lang='grc' dir='ltr'><strong><em>εί</em></strong></span> <span class='ocrx_word' id='word_1_92' title='bbox 557 1318 593 1384; x_wconf 82' lang='grc' dir='ltr'><strong><em>δὲ</em></strong></span> <span class='ocrx_word' id='word_1_93' title='bbox 614 1316 697 1394; x_wconf 89' lang='grc' dir='ltr'><strong><em>θεός</em></strong></span> <span class='ocrx_word' id='word_1_94' title='bbox 719 1315 791 1383; x_wconf 79' lang='grc' dir='ltr'><strong><em>ἐστι</em></strong></span> <span class='ocrx_word' id='word_1_95' title='bbox 813 1315 917 1402; x_wconf 86' lang='grc' dir='ltr'><strong><em>σάρκα</em></strong></span> <span class='ocrx_word' id='word_1_96' title='bbox 932 1320 1056 1404; x_wconf 83' lang='grc' dir='ltr'><strong><em>φορῶν,</em></strong></span> <span class='ocrx_word' id='word_1_97' title='bbox 1081 1317 1195 1405; x_wconf 73' lang='grc' dir='ltr'><strong><em>ἐπειδὴ</em></strong></span> <span class='ocrx_word' id='word_1_98' title='bbox 1210 1322 1265 1386; x_wconf 84' lang='grc' dir='ltr'><strong><em>καλ</em></strong></span> <span class='ocrx_word' id='word_1_99' title='bbox 1279 1321 1377 1390; x_wconf 86' lang='grc' dir='ltr'><strong><em>τοῦτό</em></strong></span> <span class='ocrx_word' id='word_1_100' title='bbox 1395 1323 1495 1391; x_wconf 78' lang='grc' dir='ltr'><strong><em>ἔστιν</em></strong></span> 
     </span>
     <span class='ocr_line' id='line_1_11' title="bbox 264 1415 1492 1510; baseline 0.004 -23"><span class='ocrx_word' id='word_1_101' title='bbox 264 1416 400 1508; x_wconf 85' lang='grc' dir='ltr'><strong><em>ἀληθῶς</em></strong></span> <span class='ocrx_word' id='word_1_102' title='bbox 426 1422 480 1488; x_wconf 84' lang='grc' dir='ltr'><strong><em>καί</em></strong></span> <span class='ocrx_word' id='word_1_103' title='bbox 510 1415 529 1486; x_wconf 86' lang='grc' dir='ltr'><strong><em>ό</em></strong></span> <span class='ocrx_word' id='word_1_104' title='bbox 551 1419 647 1506; x_wconf 60' lang='grc' dir='ltr'><strong><em>λόγδς</em></strong></span> <span class='ocrx_word' id='word_1_105' title='bbox 669 1417 753 1504; x_wconf 82' lang='grc' dir='ltr'><strong><em>σὰρξ</em></strong></span> <span class='ocrx_word' id='word_1_106' title='bbox 773 1417 973 1504; x_wconf 78' lang='grc' dir='ltr'><strong><em>ἐγένετοκαὶ</em></strong></span> <span class='ocrx_word' id='word_1_107' title='bbox 995 1418 1079 1498; x_wconf 85' lang='grc' dir='ltr'><strong><em>θεὸς</em></strong></span> <span class='ocrx_word' id='word_1_108' title='bbox 1101 1415 1147 1487; x_wconf 80' lang='grc' dir='ltr'><strong><em>ὢν</em></strong></span> <span class='ocrx_word' id='word_1_109' title='bbox 1169 1421 1226 1488; x_wconf 77' lang='grc' dir='ltr'><strong><em>ἐπὶ</em></strong></span> <span class='ocrx_word' id='word_1_110' title='bbox 1247 1425 1304 1509; x_wconf 82' lang='grc' dir='ltr'><strong><em>γῆς</em></strong></span> <span class='ocrx_word' id='word_1_111' title='bbox 1325 1419 1492 1510; x_wconf 77' lang='grc' dir='ltr'><strong><em>κατῆλθε,</em></strong></span> 
     </span>
     <span class='ocr_line' id='line_1_12' title="bbox 263 1515 1491 1609; baseline 0.003 -20"><span class='ocrx_word' id='word_1_112' title='bbox 263 1530 364 1590; x_wconf 88' lang='grc' dir='ltr'><strong><em>ποίαν</em></strong></span> <span class='ocrx_word' id='word_1_113' title='bbox 387 1517 468 1606; x_wconf 66' lang='lat' dir='ltr'><strong><em>”dxc</em></strong></span> <span class='ocrx_word' id='word_1_114' title='bbox 495 1520 669 1609; x_wconf 83' lang='grc' dir='ltr'><strong><em>προκοπὴν</em></strong></span> <span class='ocrx_word' id='word_1_115' title='bbox 698 1517 716 1586; x_wconf 88' lang='grc' dir='ltr'><strong><em>ὁ</em></strong></span> <span class='ocrx_word' id='word_1_116' title='bbox 739 1515 796 1586; x_wconf 79' lang='grc' dir='ltr'><strong><em>ἶσα</em></strong></span> <span class='ocrx_word' id='word_1_117' title='bbox 818 1523 890 1606; x_wconf 81' lang='grc' dir='ltr'><strong><em>θεῷ</em></strong></span> <span class='ocrx_word' id='word_1_118' title='bbox 912 1515 1068 1605; x_wconf 80' lang='grc' dir='ltr'><strong><em>ὑπάρχων</em></strong></span> <span class='ocrx_word' id='word_1_119' title='bbox 1077 1525 1115 1604; x_wconf 79' lang='lat'><strong>¹)‚·</strong></span> <span class='ocrx_word' id='word_1_120' title='bbox 1146 1515 1167 1608; x_wconf 80' lang='grc' dir='ltr'><strong><em>ἢ</em></strong></span> <span class='ocrx_word' id='word_1_121' title='bbox 1187 1525 1256 1590; x_wconf 87' lang='grc' dir='ltr'><strong><em>ποῦ</em></strong></span> <span class='ocrx_word' id='word_1_122' title='bbox 1278 1519 1360 1608; x_wconf 83' lang='grc' dir='ltr'><strong><em>εἶχεν</em></strong></span> <span class='ocrx_word' id='word_1_123' title='bbox 1383 1523 1491 1607; x_wconf 78' lang='grc' dir='ltr'><strong><em>αὐξά-</em></strong></span> 
     </span>
     <span class='ocr_line' id='line_1_13' title="bbox 262 1617 1490 1716; baseline 0.003 -24"><span class='ocrx_word' id='word_1_124' title='bbox 262 1651 329 1694; x_wconf 84' lang='grc' dir='ltr'><strong><em>νειν</em></strong></span> <span class='ocrx_word' id='word_1_125' title='bbox 352 1620 370 1691; x_wconf 87' lang='grc' dir='ltr'>ὁ</span> <span class='ocrx_word' id='word_1_126' title='bbox 392 1623 463 1704; x_wconf 78' lang='grc' dir='ltr'><strong><em>υἱὸς</em></strong></span> <span class='ocrx_word' id='word_1_127' title='bbox 484 1619 557 1692; x_wconf 57' lang='grc' dir='ltr'><strong><em>*1άεὶ</em></strong></span> <span class='ocrx_word' id='word_1_128' title='bbox 578 1618 624 1690; x_wconf 81' lang='grc' dir='ltr'><strong><em>ιῦν</em></strong></span> <span class='ocrx_word' id='word_1_129' title='bbox 646 1623 680 1690; x_wconf 76' lang='grc' dir='ltr'><strong><em>ἐν</em></strong></span> <span class='ocrx_word' id='word_1_130' title='bbox 701 1625 748 1707; x_wconf 82' lang='grc' dir='ltr'><strong><em>τῷ</em></strong></span> <span class='ocrx_word' id='word_1_131' title='bbox 771 1627 875 1708; x_wconf 90' lang='grc' dir='ltr'><strong><em>πατρί</em></strong></span> <span class='ocrx_word' id='word_1_132' title='bbox 883 1650 894 1704; x_wconf 90' lang='grc'><strong><em>,·</em></strong></span> <span class='ocrx_word' id='word_1_133' title='bbox 932 1621 961 1689; x_wconf 83' lang='grc' dir='ltr'><strong><em>εί</em></strong></span> <span class='ocrx_word' id='word_1_134' title='bbox 981 1622 1042 1709; x_wconf 80' lang='grc' dir='ltr'><strong><em>γὰρ</em></strong></span> <span class='ocrx_word' id='word_1_135' title='bbox 1067 1619 1085 1688; x_wconf 87' lang='grc' dir='ltr'><strong><em>δ</em></strong></span> <span class='ocrx_word' id='word_1_136' title='bbox 1108 1617 1161 1690; x_wconf 86' lang='grc' dir='ltr'><strong><em>ἀεὶ</em></strong></span> <span class='ocrx_word' id='word_1_137' title='bbox 1183 1618 1229 1690; x_wconf 77' lang='grc' dir='ltr'><strong><em>ὢν</em></strong></span> <span class='ocrx_word' id='word_1_138' title='bbox 1252 1624 1285 1692; x_wconf 77' lang='grc' dir='ltr'><strong><em>ἓν</em></strong></span> <span class='ocrx_word' id='word_1_139' title='bbox 1307 1630 1354 1714; x_wconf 82' lang='grc' dir='ltr'><strong><em>τῷ</em></strong></span> <span class='ocrx_word' id='word_1_140' title='bbox 1377 1627 1490 1716; x_wconf 82' lang='grc' dir='ltr'><strong><em>πατρὶ</em></strong></span> 
     </span>
     <span class='ocr_line' id='line_1_14' title="bbox 262 1719 1488 1815; baseline 0.002 -20"><span class='ocrx_word' id='word_1_141' title='bbox 262 1727 455 1814; x_wconf 87' lang='grc' dir='ltr'><strong><em>προκόπτει,</em></strong></span> <span class='ocrx_word' id='word_1_142' title='bbox 478 1733 512 1792; x_wconf 91' lang='grc' dir='ltr'><strong><em>τί</em></strong></span> <span class='ocrx_word' id='word_1_143' title='bbox 533 1723 598 1812; x_wconf 82' lang='grc' dir='ltr'><strong><em>ἀρα</em></strong></span> <span class='ocrx_word' id='word_1_144' title='bbox 620 1723 709 1792; x_wconf 75' lang='grc' dir='ltr'><strong><em>ἐστὶν</em></strong></span> <span class='ocrx_word' id='word_1_145' title='bbox 733 1723 884 1790; x_wconf 76' lang='grc' dir='ltr'><strong><em>ἐπέκεινα</em></strong></span> <span class='ocrx_word' id='word_1_146' title='bbox 904 1726 963 1789; x_wconf 88' lang='grc' dir='ltr'><strong><em>τοῦ</em></strong></span> <span class='ocrx_word' id='word_1_147' title='bbox 979 1723 1115 1812; x_wconf 90' lang='grc' dir='ltr'><strong><em>πατρός,</em></strong></span> <span class='ocrx_word' id='word_1_148' title='bbox 1133 1719 1173 1791; x_wconf 79' lang='grc' dir='ltr'><strong><em>ἵν’</em></strong></span> <span class='ocrx_word' id='word_1_149' title='bbox 1192 1720 1262 1815; x_wconf 84' lang='grc' dir='ltr'><strong><em>ἀπὸ</em></strong></span> <span class='ocrx_word' id='word_1_150' title='bbox 1276 1727 1395 1795; x_wconf 83' lang='grc' dir='ltr'><strong><em>τούτου</em></strong></span> <span class='ocrx_word' id='word_1_151' title='bbox 1411 1729 1488 1798; x_wconf 72' lang='grc' dir='ltr'><strong><em>’καὶ</em></strong></span> 
     </span>
     <span class='ocr_line' id='line_1_15' title="bbox 261 1823 1486 1918; baseline 0.001 -21"><span class='ocrx_word' id='word_1_152' title='bbox 261 1829 435 1918; x_wconf 69' lang='grc' dir='ltr'><strong><em>προκόψης</em></strong></span> <span class='ocrx_word' id='word_1_153' title='bbox 473 1827 590 1895; x_wconf 72' lang='grc' dir='ltr'><strong><em>ἔπειτα</em></strong></span> <span class='ocrx_word' id='word_1_154' title='bbox 619 1823 664 1907; x_wconf 81' lang='grc' dir='ltr'><strong><em>ὦς</em></strong></span> <span class='ocrx_word' id='word_1_155' title='bbox 691 1825 748 1892; x_wconf 75' lang='grc' dir='ltr'><strong><em>ἐπὶ</em></strong></span> <span class='ocrx_word' id='word_1_156' title='bbox 775 1828 835 1892; x_wconf 88' lang='grc' dir='ltr'><strong><em>τοῦ</em></strong></span> <span class='ocrx_word' id='word_1_157' title='bbox 864 1827 977 1912; x_wconf 75' lang='grc' dir='ltr'><strong><em>λαβεῖν</em></strong></span> <span class='ocrx_word' id='word_1_158' title='bbox 1006 1825 1061 1892; x_wconf 83' lang='grc' dir='ltr'><strong><em>καὶ</em></strong></span> <span class='ocrx_word' id='word_1_159' title='bbox 1090 1827 1297 1914; x_wconf 76' lang='grc' dir='ltr'><strong><em>δοξασθῖγναι</em></strong></span> <span class='ocrx_word' id='word_1_160' title='bbox 1319 1829 1374 1897; x_wconf 66' lang='grc' dir='ltr'><strong><em>’τὰ</em></strong></span> <span class='ocrx_word' id='word_1_161' title='bbox 1397 1827 1486 1898; x_wconf 79' lang='grc' dir='ltr'><strong><em>αὐτὰ</em></strong></span> 
     </span>
     <span class='ocr_line' id='line_1_16' title="bbox 260 1926 1484 2016; baseline 0.001 -17"><span class='ocrx_word' id='word_1_162' title='bbox 260 1931 359 1999; x_wconf 89' lang='grc' dir='ltr'><strong><em>καλὸν</em></strong></span> <span class='ocrx_word' id='word_1_163' title='bbox 382 1932 497 2010; x_wconf 82' lang='grc' dir='ltr'><strong><em>εἰπεῖν,</em></strong></span> <span class='ocrx_word' id='word_1_164' title='bbox 522 1929 552 1997; x_wconf 85' lang='grc' dir='ltr'><strong><em>εἰ</em></strong></span> <span class='ocrx_word' id='word_1_165' title='bbox 575 1927 757 2014; x_wconf 80' lang='grc' dir='ltr'><strong><em>ἅνθρωπος</em></strong></span> <span class='ocrx_word' id='word_1_166' title='bbox 778 1926 951 2014; x_wconf 88' lang='grc' dir='ltr'><strong><em>γενόμενος</em></strong></span> <span class='ocrx_word' id='word_1_167' title='bbox 972 1933 1175 2014; x_wconf 83' lang='grc' dir='ltr'><strong><em>προέκοπτε,</em></strong></span> <span class='ocrx_word' id='word_1_168' title='bbox 1200 1929 1299 2016; x_wconf 84' lang='grc' dir='ltr'><strong><em>δῆλόν</em></strong></span> <span class='ocrx_word' id='word_1_169' title='bbox 1322 1931 1411 2000; x_wconf 78' lang='grc' dir='ltr'><strong><em>ἐστιν</em></strong></span> <span class='ocrx_word' id='word_1_170' title='bbox 1435 1929 1484 2012; x_wconf 82' lang='grc' dir='ltr'><strong><em>ιός</em></strong></span> 
     </span>
     <span class='ocr_line' id='line_1_17' title="bbox 260 2018 1481 2122; baseline 0.002 -24"><span class='ocrx_word' id='word_1_171' title='bbox 260 2033 327 2118; x_wconf 89' lang='grc' dir='ltr'><strong><em>πρὸ</em></strong></span> <span class='ocrx_word' id='word_1_172' title='bbox 348 2035 407 2098; x_wconf 91' lang='grc' dir='ltr'><strong><em>τοῦ</em></strong></span> <span class='ocrx_word' id='word_1_173' title='bbox 428 2036 585 2117; x_wconf 84' lang='grc' dir='ltr'><strong><em>γενέσθαι</em></strong></span> <span class='ocrx_word' id='word_1_174' title='bbox 606 2028 789 2122; x_wconf 82' lang='grc' dir='ltr'><strong><em>ἀνθρωπος</em></strong></span> <span class='ocrx_word' id='word_1_175' title='bbox 811 2023 927 2116; x_wconf 80' lang='grc' dir='ltr'><strong><em>ἀτελὴς</em></strong></span> <span class='ocrx_word' id='word_1_176' title='bbox 947 2018 996 2117; x_wconf 79' lang='grc' dir='ltr'><strong><em>ἦν,</em></strong></span> <span class='ocrx_word' id='word_1_177' title='bbox 1019 2031 1073 2096; x_wconf 81' lang='grc' dir='ltr'><strong><em>καί</em></strong></span> <span class='ocrx_word' id='word_1_178' title='bbox 1094 2023 1261 2121; x_wconf 81' lang='grc' dir='ltr'><strong><em>μᾶλλονὴ</em></strong></span> <span class='ocrx_word' id='word_1_179' title='bbox 1285 2032 1367 2119; x_wconf 86' lang='grc' dir='ltr'><strong><em>σὰρξ</em></strong></span> <span class='ocrx_word' id='word_1_180' title='bbox 1388 2034 1481 2100; x_wconf 81' lang='grc' dir='ltr'><strong><em>αἰτία</em></strong></span> 
     </span>
     <span class='ocr_line' id='line_1_18' title="bbox 259 2124 1477 2221; baseline 0.004 -23"><span class='ocrx_word' id='word_1_181' title='bbox 259 2136 317 2221; x_wconf 79' lang='grc' dir='ltr'><strong><em>τῆς</em></strong></span> <span class='ocrx_word' id='word_1_182' title='bbox 343 2130 543 2212; x_wconf 72' lang='grc' dir='ltr'><strong><em>τελειώσεως</em></strong></span> <span class='ocrx_word' id='word_1_183' title='bbox 570 2125 670 2198; x_wconf 80' lang='grc' dir='ltr'><strong><em>αὐτοῦ</em></strong></span> <span class='ocrx_word' id='word_1_184' title='bbox 698 2136 827 2218; x_wconf 81' lang='grc' dir='ltr'><strong><em>γέγονεν</em></strong></span> <span class='ocrx_word' id='word_1_185' title='bbox 854 2125 875 2217; x_wconf 81' lang='grc' dir='ltr'><em>ἢ</em></span> <span class='ocrx_word' id='word_1_186' title='bbox 898 2124 997 2209; x_wconf 76' lang='grc' dir='ltr'><strong><em>αὐτὸς</em></strong></span> <span class='ocrx_word' id='word_1_187' title='bbox 1017 2134 1076 2219; x_wconf 80' lang='grc' dir='ltr'><strong><em>τῆς</em></strong></span> <span class='ocrx_word' id='word_1_188' title='bbox 1098 2131 1226 2218; x_wconf 91' lang='grc' dir='ltr'><strong><em>σαρκός.</em></strong></span> <span class='ocrx_word' id='word_1_189' title='bbox 1263 2132 1364 2202; x_wconf 87' lang='grc' dir='ltr'><strong><em>πόλιν</em></strong></span> <span class='ocrx_word' id='word_1_190' title='bbox 1386 2160 1422 2202; x_wconf 87' lang='grc' dir='ltr'><strong><em>τι</em></strong></span> <span class='ocrx_word' id='word_1_191' title='bbox 1445 2133 1477 2202; x_wconf 85' lang='grc' dir='ltr'><strong><em>εἰ</em></strong></span> 
     </span>
     <span class='ocr_line' id='line_1_19' title="bbox 261 2227 1474 2324; baseline 0.002 -25"><span class='ocrx_word' id='word_1_192' title='bbox 261 2232 358 2319; x_wconf 80' lang='grc' dir='ltr'><strong><em>λόγος</em></strong></span> <span class='ocrx_word' id='word_1_193' title='bbox 386 2227 432 2300; x_wconf 81' lang='grc' dir='ltr'><strong><em>δν</em></strong></span> <span class='ocrx_word' id='word_1_194' title='bbox 453 2231 653 2320; x_wconf 88' lang='grc' dir='ltr'><strong><em>προκόπτει,</em></strong></span> <span class='ocrx_word' id='word_1_195' title='bbox 682 2240 716 2300; x_wconf 91' lang='grc' dir='ltr'><strong><em>τί</em></strong></span> <span class='ocrx_word' id='word_1_196' title='bbox 736 2233 849 2317; x_wconf 87' lang='grc' dir='ltr'><strong><em>μεῖζον</em></strong></span> <span class='ocrx_word' id='word_1_197' title='bbox 870 2232 955 2316; x_wconf 61' lang='grc' dir='ltr'><strong><em>’ἔχει</em></strong></span> <span class='ocrx_word' id='word_1_198' title='bbox 977 2238 1135 2319; x_wconf 77' lang='grc' dir='ltr'><strong><em>γενέσθαι</em></strong></span> <span class='ocrx_word' id='word_1_199' title='bbox 1158 2233 1326 2320; x_wconf 87' lang='grc' dir='ltr'><strong><em>λόγουκαὶ</em></strong></span> <span class='ocrx_word' id='word_1_200' title='bbox 1350 2243 1474 2324; x_wconf 83' lang='grc' dir='ltr'><strong><em>σοφίας</em></strong></span> 
     </span>
     <span class='ocr_line' id='line_1_20' title="bbox 258 2327 1472 2421; baseline 0 -19"><span class='ocrx_word' id='word_1_201' title='bbox 258 2335 315 2402; x_wconf 83' lang='grc' dir='ltr'><strong><em>καὶ</em></strong></span> <span class='ocrx_word' id='word_1_202' title='bbox 345 2335 417 2402; x_wconf 83' lang='grc' dir='ltr'><strong><em>υίοῦ</em></strong></span> <span class='ocrx_word' id='word_1_203' title='bbox 444 2333 500 2400; x_wconf 83' lang='grc' dir='ltr'><strong><em>καὶ</em></strong></span> <span class='ocrx_word' id='word_1_204' title='bbox 528 2337 612 2402; x_wconf 88' lang='grc' dir='ltr'><strong><em>θεοῦ</em></strong></span> <span class='ocrx_word' id='word_1_205' title='bbox 635 2333 820 2418; x_wconf 88' lang='grc' dir='ltr'><strong><em>δυνάμεως,·</em></strong></span> <span class='ocrx_word' id='word_1_206' title='bbox 853 2337 957 2401; x_wconf 88' lang='grc' dir='ltr'><strong><em>ταῦτα</em></strong></span> <span class='ocrx_word' id='word_1_207' title='bbox 978 2334 1039 2421; x_wconf 92' lang='grc' dir='ltr'><strong><em>γάρ</em></strong></span> <span class='ocrx_word' id='word_1_208' title='bbox 1063 2334 1152 2402; x_wconf 78' lang='grc' dir='ltr'><strong><em>ἐστιν</em></strong></span> <span class='ocrx_word' id='word_1_209' title='bbox 1174 2331 1191 2400; x_wconf 89' lang='grc' dir='ltr'><strong><em>ό</em></strong></span> <span class='ocrx_word' id='word_1_210' title='bbox 1211 2333 1317 2418; x_wconf 87' lang='grc' dir='ltr'><strong><em>λόγος,</em></strong></span> <span class='ocrx_word' id='word_1_211' title='bbox 1350 2327 1418 2402; x_wconf 67' lang='grc' dir='ltr'><strong><em>Ιτόν</em></strong></span> <span class='ocrx_word' id='word_1_212' title='bbox 1438 2337 1472 2402; x_wconf 85' lang='grc' dir='ltr'><strong><em>εἴ</em></strong></span> 
     </span>
     <span class='ocr_line' id='line_1_21' title="bbox 259 2431 1465 2521; baseline 0 -19"><span class='ocrx_word' id='word_1_213' title='bbox 259 2463 311 2516; x_wconf 86' lang='grc' dir='ltr'><strong><em>τις</em></strong></span> <span class='ocrx_word' id='word_1_214' title='bbox 339 2433 383 2516; x_wconf 81' lang='grc' dir='ltr'><strong><em>ὦς</em></strong></span> <span class='ocrx_word' id='word_1_215' title='bbox 404 2432 519 2504; x_wconf 81' lang='grc' dir='ltr'><strong><em>ἀκτῖνα</em></strong></span> <span class='ocrx_word' id='word_1_216' title='bbox 539 2445 712 2521; x_wconf 85' lang='grc' dir='ltr'><strong><em>μετασχεῖν</em></strong></span> <span class='ocrx_word' id='word_1_217' title='bbox 734 2460 809 2513; x_wconf 87' lang='grc' dir='ltr'><strong><em>πως</em></strong></span> <span class='ocrx_word' id='word_1_218' title='bbox 831 2435 964 2502; x_wconf 82' lang='grc' dir='ltr'><strong><em>δύναιτο</em></strong></span> <span class='ocrx_word' id='word_1_219' title='bbox 971 2487 981 2518; x_wconf 94' lang='grc'><strong><em>,</em></strong></span> <span class='ocrx_word' id='word_1_220' title='bbox 1016 2431 1034 2501; x_wconf 86' lang='grc' dir='ltr'>ὁ</span> <span class='ocrx_word' id='word_1_221' title='bbox 1055 2440 1204 2515; x_wconf 84' lang='grc' dir='ltr'><strong><em>τοιοῦτος</em></strong></span> <span class='ocrx_word' id='word_1_222' title='bbox 1224 2437 1412 2514; x_wconf 80' lang='grc' dir='ltr'><strong><em>παντέλειος</em></strong></span> <span class='ocrx_word' id='word_1_223' title='bbox 1433 2433 1465 2503; x_wconf 80' lang='grc' dir='ltr'><strong><em>ἐν</em></strong></span> 
     </span>
     <span class='ocr_line' id='line_1_22' title="bbox 260 2530 1481 2626; baseline 0 -22"><span class='ocrx_word' id='word_1_224' title='bbox 260 2534 456 2626; x_wconf 83' lang='grc' dir='ltr'><strong><em>ἀνθρώποις</em></strong></span> <span class='ocrx_word' id='word_1_225' title='bbox 483 2540 535 2604; x_wconf 81' lang='grc' dir='ltr'><strong><em>καὶ</em></strong></span> <span class='ocrx_word' id='word_1_226' title='bbox 564 2532 637 2616; x_wconf 77' lang='grc' dir='ltr'><strong><em>ἶσος</em></strong></span> <span class='ocrx_word' id='word_1_227' title='bbox 665 2530 814 2623; x_wconf 78' lang='grc' dir='ltr'><strong><em>ἀγγέλοις</em></strong></span> <span class='ocrx_word' id='word_1_228' title='bbox 841 2543 983 2623; x_wconf 83' lang='grc' dir='ltr'><strong><em>γίνεται,</em></strong></span> <span class='ocrx_word' id='word_1_229' title='bbox 1016 2541 1070 2605; x_wconf 83' lang='grc' dir='ltr'><strong><em>καί</em></strong></span> <span class='ocrx_word' id='word_1_230' title='bbox 1097 2537 1158 2626; x_wconf 87' lang='grc' dir='ltr'><strong><em>γὰρ</em></strong></span> <span class='ocrx_word' id='word_1_231' title='bbox 1181 2541 1233 2606; x_wconf 85' lang='grc' dir='ltr'><strong><em>καὶ</em></strong></span> <span class='ocrx_word' id='word_1_232' title='bbox 1255 2536 1383 2624; x_wconf 77' lang='grc' dir='ltr'><strong><em>ἄγγελοι</em></strong></span> <span class='ocrx_word' id='word_1_233' title='bbox 1402 2535 1481 2604; x_wconf 55' lang='grc' dir='ltr'><strong><em>ἰκαὶὶ</em></strong></span> 
     </span>
     <span class='ocr_line' id='line_1_23' title="bbox 260 2635 1475 2728; baseline -0.002 -20"><span class='ocrx_word' id='word_1_234' title='bbox 260 2635 451 2728; x_wconf 86' lang='grc' dir='ltr'><strong><em>ἀρχόγγελοι</em></strong></span> <span class='ocrx_word' id='word_1_235' title='bbox 478 2643 532 2707; x_wconf 85' lang='grc' dir='ltr'><strong><em>καλ</em></strong></span> <span class='ocrx_word' id='word_1_236' title='bbox 552 2637 739 2726; x_wconf 82' lang='grc' dir='ltr'><strong><em>κυριότητες</em></strong></span> <span class='ocrx_word' id='word_1_237' title='bbox 759 2636 815 2704; x_wconf 80' lang='grc' dir='ltr'><strong><em>καὶ</em></strong></span> <span class='ocrx_word' id='word_1_238' title='bbox 836 2639 1003 2706; x_wconf 75' lang='grc' dir='ltr'><strong><em>πᾶσακαὶ</em></strong></span> <span class='ocrx_word' id='word_1_239' title='bbox 1026 2639 1180 2724; x_wconf 85' lang='grc' dir='ltr'><strong><em>δυνάμεις</em></strong></span> <span class='ocrx_word' id='word_1_240' title='bbox 1201 2641 1254 2707; x_wconf 81' lang='grc' dir='ltr'><strong><em>καὶ</em></strong></span> <span class='ocrx_word' id='word_1_241' title='bbox 1276 2639 1397 2726; x_wconf 90' lang='grc' dir='ltr'><strong><em>θρόνοι</em></strong></span> <span class='ocrx_word' id='word_1_242' title='bbox 1417 2642 1475 2707; x_wconf 91' lang='grc' dir='ltr'><strong><em>τοῦ</em></strong></span> 
     </span>
     <span class='ocr_line' id='line_1_24' title="bbox 177 2739 1479 2829; baseline 0 -22"><span class='ocrx_word' id='word_1_243' title='bbox 177 2769 181 2790; x_wconf 81' lang='grc'><em>·</em></span> <span class='ocrx_word' id='word_1_244' title='bbox 260 2742 357 2829; x_wconf 92' lang='grc' dir='ltr'><strong><em>λόγου</em></strong></span> <span class='ocrx_word' id='word_1_245' title='bbox 384 2749 573 2827; x_wconf 79' lang='grc' dir='ltr'><strong><em>μετέχοντες</em></strong></span> <span class='ocrx_word' id='word_1_246' title='bbox 599 2743 761 2828; x_wconf 81' lang='grc' dir='ltr'><strong><em>βλέπουσι</em></strong></span> <span class='ocrx_word' id='word_1_247' title='bbox 788 2739 971 2820; x_wconf 88' lang='grc' dir='ltr'><strong><em>διαπαντὸς</em></strong></span> <span class='ocrx_word' id='word_1_248' title='bbox 1000 2741 1039 2807; x_wconf 85' lang='grc' dir='ltr'><strong><em>τό</em></strong></span> <span class='ocrx_word' id='word_1_249' title='bbox 1067 2739 1249 2828; x_wconf 89' lang='grc' dir='ltr'><strong><em>πρόςωπον</em></strong></span> <span class='ocrx_word' id='word_1_250' title='bbox 1270 2745 1328 2808; x_wconf 86' lang='grc' dir='ltr'><strong><em>τοῦ</em></strong></span> <span class='ocrx_word' id='word_1_251' title='bbox 1350 2741 1479 2828; x_wconf 84' lang='grc' dir='ltr'><strong><em>πατρὸς</em></strong></span> 
     </span>
     <span class='ocr_line' id='line_1_25' title="bbox 260 2835 1476 2930; baseline -0.002 -18"><span class='ocrx_word' id='word_1_252' title='bbox 260 2839 370 2912; x_wconf 79' lang='grc' dir='ltr'><strong><em>αὐτοῦ.</em></strong></span> <span class='ocrx_word' id='word_1_253' title='bbox 408 2847 483 2924; x_wconf 81' lang='grc' dir='ltr'><strong><em>πῶς</em></strong></span> <span class='ocrx_word' id='word_1_254' title='bbox 510 2835 567 2913; x_wconf 81' lang='grc' dir='ltr'><strong><em>οῦν</em></strong></span> <span class='ocrx_word' id='word_1_255' title='bbox 596 2840 613 2912; x_wconf 88' lang='grc' dir='ltr'><strong><em>ό</em></strong></span> <span class='ocrx_word' id='word_1_256' title='bbox 636 2843 750 2921; x_wconf 81' lang='grc' dir='ltr'><strong><em>ἄλλοις</em></strong></span> <span class='ocrx_word' id='word_1_257' title='bbox 770 2838 829 2929; x_wconf 86' lang='grc' dir='ltr'><strong><em>τὴν</em></strong></span> <span class='ocrx_word' id='word_1_258' title='bbox 850 2841 1041 2930; x_wconf 82' lang='grc' dir='ltr'><strong><em>τελειότητα</em></strong></span> <span class='ocrx_word' id='word_1_259' title='bbox 1062 2842 1264 2928; x_wconf 64' lang='grc' dir='ltr'><strong><em>1παρασχὼν</em></strong></span> <span class='ocrx_word' id='word_1_260' title='bbox 1287 2837 1386 2922; x_wconf 84' lang='grc' dir='ltr'><strong><em>οὗτὸς</em></strong></span> <span class='ocrx_word' id='word_1_261' title='bbox 1406 2836 1476 2927; x_wconf 78' lang='grc' dir='ltr'><strong><em>μετ’</em></strong></span> 
     </span>
     <span class='ocr_line' id='line_1_26' title="bbox 159 2937 1480 3034; baseline -0.002 -20"><span class='ocrx_word' id='word_1_262' title='bbox 159 2941 162 2948; x_wconf 48' lang='grc'>“</span> <span class='ocrx_word' id='word_1_263' title='bbox 261 2945 401 3028; x_wconf 75' lang='grc' dir='ltr'><strong><em>ἐκείνους</em></strong></span> <span class='ocrx_word' id='word_1_264' title='bbox 428 2946 631 3034; x_wconf 70' lang='grc' dir='ltr'><strong><em>προκόπτεις</em></strong></span> <span class='ocrx_word' id='word_1_265' title='bbox 671 2943 802 3033; x_wconf 85' lang='grc' dir='ltr'><strong><em>ἀγγελοι</em></strong></span> <span class='ocrx_word' id='word_1_266' title='bbox 822 2942 882 3032; x_wconf 85' lang='grc' dir='ltr'><strong><em>γὰρ</em></strong></span> <span class='ocrx_word' id='word_1_267' title='bbox 904 2947 957 3010; x_wconf 82' lang='grc' dir='ltr'><strong><em>καὶ</em></strong></span> <span class='ocrx_word' id='word_1_268' title='bbox 980 2941 1038 3030; x_wconf 80' lang='grc' dir='ltr'><strong><em>τὴν</em></strong></span> <span class='ocrx_word' id='word_1_269' title='bbox 1061 2937 1279 3032; x_wconf 71' lang='grc' dir='ltr'><strong><em>ἀνθρωπίνην</em></strong></span> <span class='ocrx_word' id='word_1_270' title='bbox 1301 2938 1403 3012; x_wconf 87' lang='grc' dir='ltr'><strong><em>αῦτσῦ</em></strong></span> <span class='ocrx_word' id='word_1_271' title='bbox 1416 2950 1480 3030; x_wconf 87' lang='grc' dir='ltr'><strong><em>,γέ-</em></strong></span> 
     </span>
     <span class='ocr_line' id='line_1_27' title="bbox 257 3043 1477 3137; baseline -0.001 -22"><span class='ocrx_word' id='word_1_272' title='bbox 257 3072 348 3116; x_wconf 88' lang='grc' dir='ltr'><strong><em>νεσιν</em></strong></span> <span class='ocrx_word' id='word_1_273' title='bbox 382 3049 591 3137; x_wconf 88' lang='grc' dir='ltr'><strong><em>διηκόνησαν,</em></strong></span> <span class='ocrx_word' id='word_1_274' title='bbox 624 3051 680 3116; x_wconf 81' lang='grc' dir='ltr'><strong><em>καί</em></strong></span> <span class='ocrx_word' id='word_1_275' title='bbox 706 3047 745 3116; x_wconf 88' lang='grc' dir='ltr'><strong><em>τὸ</em></strong></span> <span class='ocrx_word' id='word_1_276' title='bbox 772 3046 945 3135; x_wconf 81' lang='grc' dir='ltr'><strong><em>λεγόμενον</em></strong></span> <span class='ocrx_word' id='word_1_277' title='bbox 972 3043 1066 3132; x_wconf 86' lang='grc' dir='ltr'><strong><em>παρὰ</em></strong></span> <span class='ocrx_word' id='word_1_278' title='bbox 1093 3049 1151 3112; x_wconf 87' lang='grc' dir='ltr'><strong><em>τοῦ</em></strong></span> <span class='ocrx_word' id='word_1_279' title='bbox 1172 3048 1293 3114; x_wconf 85' lang='grc' dir='ltr'><strong><em>Λουκᾶ</em></strong></span> <span class='ocrx_word' id='word_1_280' title='bbox 1313 3045 1398 3132; x_wconf 86' lang='grc' dir='ltr'><strong><em>μετὰ</em></strong></span> <span class='ocrx_word' id='word_1_281' title='bbox 1418 3045 1477 3133; x_wconf 77' lang='grc' dir='ltr'><strong><em>τὴν</em></strong></span> 
     </span>
     <span class='ocr_line' id='line_1_28' title="bbox 258 3137 1475 3238; baseline 0.002 -25"><span class='ocrx_word' id='word_1_282' title='bbox 258 3149 426 3217; x_wconf 80' lang='grc' dir='ltr'><strong><em>διακονίαν</em></strong></span> <span class='ocrx_word' id='word_1_283' title='bbox 447 3153 514 3218; x_wconf 83' lang='grc' dir='ltr'><strong><em>τῶν</em></strong></span> <span class='ocrx_word' id='word_1_284' title='bbox 536 3145 679 3237; x_wconf 80' lang='grc' dir='ltr'><strong><em>ἀγγέλων</em></strong></span> <span class='ocrx_word' id='word_1_285' title='bbox 701 3151 837 3238; x_wconf 78' lang='grc' dir='ltr'><strong><em>εἴρηται</em></strong></span> <span class='ocrx_word' id='word_1_286' title='bbox 874 3150 949 3227; x_wconf 89' lang='grc' dir='ltr'><strong><em>πιῦς</em></strong></span> <span class='ocrx_word' id='word_1_287' title='bbox 970 3137 1029 3214; x_wconf 81' lang='grc' dir='ltr'><strong><em>οῦν</em></strong></span> <span class='ocrx_word' id='word_1_288' title='bbox 1051 3142 1136 3226; x_wconf 85' lang='grc' dir='ltr'><strong><em>ὅλως</em></strong></span> <span class='ocrx_word' id='word_1_289' title='bbox 1157 3141 1216 3236; x_wconf 74' lang='grc' dir='ltr'><strong><em>κᾷν</em></strong></span> <span class='ocrx_word' id='word_1_290' title='bbox 1232 3147 1278 3228; x_wconf 82' lang='grc' dir='ltr'><strong><em>είς</em></strong></span> <span class='ocrx_word' id='word_1_291' title='bbox 1293 3147 1475 3238; x_wconf 75' lang='grc' dir='ltr'><strong><em>ἐνθύμησιν</em></strong></span> 
     </span>
     <span class='ocr_line' id='line_1_29' title="bbox 259 3243 1475 3338; baseline 0.006 -25"><span class='ocrx_word' id='word_1_292' title='bbox 259 3245 372 3316; x_wconf 78' lang='grc' dir='ltr'><strong><em>ἐλθεῖν</em></strong></span> <span class='ocrx_word' id='word_1_293' title='bbox 394 3243 579 3334; x_wconf 87' lang='grc' dir='ltr'><strong><em>ἀνθρώπου</em></strong></span> <span class='ocrx_word' id='word_1_294' title='bbox 602 3251 739 3318; x_wconf 85' lang='grc' dir='ltr'><strong><em>δύναται</em></strong></span> <span class='ocrx_word' id='word_1_295' title='bbox 746 3280 757 3332; x_wconf 89' lang='grc'><strong><em>,-</em></strong></span> <span class='ocrx_word' id='word_1_296' title='bbox 789 3243 810 3334; x_wconf 82' lang='grc' dir='ltr'><em>ἢ</em></span> <span class='ocrx_word' id='word_1_297' title='bbox 831 3251 906 3327; x_wconf 84' lang='grc' dir='ltr'><strong><em>πῶς</em></strong></span> <span class='ocrx_word' id='word_1_298' title='bbox 926 3244 946 3336; x_wconf 86' lang='grc' dir='ltr'><strong><em>ἡ</em></strong></span> <span class='ocrx_word' id='word_1_299' title='bbox 963 3254 1068 3337; x_wconf 87' lang='grc' dir='ltr'><strong><em>σοφία</em></strong></span> <span class='ocrx_word' id='word_1_300' title='bbox 1082 3247 1117 3316; x_wconf 77' lang='grc' dir='ltr'><strong><em>ἐν</em></strong></span> <span class='ocrx_word' id='word_1_301' title='bbox 1132 3257 1237 3338; x_wconf 81' lang='grc' dir='ltr'><strong><em>σοφίᾳ</em></strong></span> <span class='ocrx_word' id='word_1_302' title='bbox 1251 3257 1475 3335; x_wconf 75' lang='grc' dir='ltr'><strong><em>προίκοπτενς</em></strong></span> 
     </span>
     <span class='ocr_line' id='line_1_30' title="bbox 257 3341 1475 3441; baseline 0.003 -27"><span class='ocrx_word' id='word_1_303' title='bbox 257 3341 279 3434; x_wconf 86' lang='grc' dir='ltr'><em>ἢ</em></span> <span class='ocrx_word' id='word_1_304' title='bbox 300 3351 374 3427; x_wconf 81' lang='grc' dir='ltr'><strong><em>πῶς</em></strong></span> <span class='ocrx_word' id='word_1_305' title='bbox 396 3343 416 3434; x_wconf 88' lang='grc' dir='ltr'><strong><em>ό</em></strong></span> <span class='ocrx_word' id='word_1_306' title='bbox 437 3347 551 3428; x_wconf 85' lang='grc' dir='ltr'><strong><em>ἀλλοις</em></strong></span> <span class='ocrx_word' id='word_1_307' title='bbox 573 3349 681 3435; x_wconf 79' lang='grc' dir='ltr'><strong><em>1χάριν</em></strong></span> <span class='ocrx_word' id='word_1_308' title='bbox 704 3348 832 3428; x_wconf 80' lang='grc' dir='ltr'><strong><em>διδούς,</em></strong></span> <span class='ocrx_word' id='word_1_309' title='bbox 855 3347 970 3427; x_wconf 83' lang='grc' dir='ltr'><strong><em>καθὼς</em></strong></span> <span class='ocrx_word' id='word_1_310' title='bbox 993 3345 1011 3414; x_wconf 90' lang='grc' dir='ltr'><strong><em>ό</em></strong></span> <span class='ocrx_word' id='word_1_311' title='bbox 1033 3350 1168 3430; x_wconf 84' lang='grc' dir='ltr'><strong><em>Παῦλος</em></strong></span> <span class='ocrx_word' id='word_1_312' title='bbox 1191 3351 1247 3419; x_wconf 85' lang='grc' dir='ltr'><strong><em>διὰ</em></strong></span> <span class='ocrx_word' id='word_1_313' title='bbox 1267 3351 1378 3441; x_wconf 88' lang='grc' dir='ltr'><strong><em>πάσης</em></strong></span> <span class='ocrx_word' id='word_1_314' title='bbox 1399 3353 1475 3419; x_wconf 77' lang='grc' dir='ltr'><strong><em>ἑπι-</em></strong></span> 
     </span>
     <span class='ocr_line' id='line_1_31' title="bbox 257 3443 1475 3542; baseline 0.005 -26"><span class='ocrx_word' id='word_1_315' title='bbox 257 3449 374 3536; x_wconf 83' lang='grc' dir='ltr'><strong><em>στολῆς</em></strong></span> <span class='ocrx_word' id='word_1_316' title='bbox 406 3443 454 3513; x_wconf 80' lang='grc' dir='ltr'><strong><em>δι’</em></strong></span> <span class='ocrx_word' id='word_1_317' title='bbox 479 3443 579 3514; x_wconf 77' lang='grc' dir='ltr'><strong><em>αὐτοῦ</em></strong></span> <span class='ocrx_word' id='word_1_318' title='bbox 610 3449 770 3515; x_wconf 89' lang='grc' dir='ltr'><strong><em>δίδοσθαι</em></strong></span> <span class='ocrx_word' id='word_1_319' title='bbox 797 3447 855 3534; x_wconf 77' lang='grc' dir='ltr'><strong><em>τὴν</em></strong></span> <span class='ocrx_word' id='word_1_320' title='bbox 880 3444 977 3533; x_wconf 76' lang='grc' dir='ltr'><strong><em>χάριν</em></strong></span> <span class='ocrx_word' id='word_1_321' title='bbox 998 3449 1167 3535; x_wconf 84' lang='grc' dir='ltr'><strong><em>γινώσκων</em></strong></span> <span class='ocrx_word' id='word_1_322' title='bbox 1189 3459 1306 3542; x_wconf 89' lang='grc' dir='ltr'><strong><em>φησίν·</em></strong></span> <span class='ocrx_word' id='word_1_323' title='bbox 1339 3451 1475 3541; x_wconf 83' lang='grc' dir='ltr'><strong><em>ἦχάρις</em></strong></span> 
     </span>
     <span class='ocr_line' id='line_1_32' title="bbox 255 3541 1474 3644; baseline 0.004 -26"><span class='ocrx_word' id='word_1_324' title='bbox 255 3553 314 3618; x_wconf 87' lang='grc' dir='ltr'><strong><em>τοῦ</em></strong></span> <span class='ocrx_word' id='word_1_325' title='bbox 342 3555 454 3638; x_wconf 88' lang='grc' dir='ltr'><strong><em>κυρίου</em></strong></span> <span class='ocrx_word' id='word_1_326' title='bbox 481 3541 573 3633; x_wconf 78' lang='grc' dir='ltr'><strong><em>ἡμῶν</em></strong></span> <span class='ocrx_word' id='word_1_327' title='bbox 592 3543 695 3636; x_wconf 82' lang='grc' dir='ltr'><strong><em>Ἰησοῦ</em></strong></span> <span class='ocrx_word' id='word_1_328' title='bbox 717 3551 867 3636; x_wconf 86' lang='grc' dir='ltr'><strong><em>Χριστοῦ</em></strong></span> <span class='ocrx_word' id='word_1_329' title='bbox 889 3548 974 3633; x_wconf 83' lang='grc' dir='ltr'><strong><em>μετὰ</em></strong></span> <span class='ocrx_word' id='word_1_330' title='bbox 995 3549 1289 3640; x_wconf 75' lang='grc' dir='ltr'><strong><em>πόντων.ῦμιῦν’),</em></strong></span> <span class='ocrx_word' id='word_1_331' title='bbox 1313 3550 1418 3644; x_wconf 18' lang='grc' dir='ltr'><strong><em>,αὐτὸς</em></strong></span> <span class='ocrx_word' id='word_1_332' title='bbox 1440 3555 1474 3623; x_wconf 80' lang='grc' dir='ltr'><strong><em>ίν</em></strong></span> 
     </span>
     <span class='ocr_line' id='line_1_33' title="bbox 253 3643 1473 3766; baseline 0.008 -49"><span class='ocrx_word' id='word_1_333' title='bbox 253 3651 363 3740; x_wconf 83' lang='grc' dir='ltr'><strong><em>χάριτι</em></strong></span> <span class='ocrx_word' id='word_1_334' title='bbox 390 3653 614 3766; x_wconf 74' lang='grc' dir='ltr'><strong><em>πργέκοπτενς</em></strong></span> <span class='ocrx_word' id='word_1_335' title='bbox 645 3643 668 3736; x_wconf 84' lang='grc' dir='ltr'>ἢ</span> <span class='ocrx_word' id='word_1_336' title='bbox 693 3647 755 3738; x_wconf 79' lang='grc' dir='ltr'><strong><em>γὰρ</em></strong></span> <span class='ocrx_word' id='word_1_337' title='bbox 777 3647 968 3736; x_wconf 83' lang='grc' dir='ltr'><strong><em>ψεύδεσθαι</em></strong></span> <span class='ocrx_word' id='word_1_338' title='bbox 988 3651 1046 3721; x_wconf 89' lang='grc' dir='ltr'><strong><em>τὸν</em></strong></span> <span class='ocrx_word' id='word_1_339' title='bbox 1068 3649 1258 3726; x_wconf 85' lang='grc' dir='ltr'><strong><em>ἀπόστολον</em></strong></span> <span class='ocrx_word' id='word_1_340' title='bbox 1280 3657 1473 3744; x_wconf 78' lang='grc' dir='ltr'><strong><em>λεγέτωσαν,</em></strong></span> 
     </span>
    </p>
   </div>
   <div class='ocr_carea' id='block_1_3' title="bbox 321 3840 1046 3907">
    <p class='ocr_par' dir='ltr' id='par_1_3' title="bbox 321 3840 1046 3907">
     <span class='ocr_line' id='line_1_34' title="bbox 321 3840 1046 3907; baseline 0.004 -14"><span class='ocrx_word' id='word_1_341' title='bbox 321 3842 346 3904; x_wconf 84' lang='grc' dir='ltr'><strong><em>ι)</em></strong></span> <span class='ocrx_word' id='word_1_342' title='bbox 364 3841 467 3906; x_wconf 62' lang='lat' dir='ltr'>mima.</span> <span class='ocrx_word' id='word_1_343' title='bbox 484 3840 508 3904; x_wconf 83' lang='lat'><strong><em>2,</em></strong></span> <span class='ocrx_word' id='word_1_344' title='bbox 527 3840 551 3892; x_wconf 85' lang='grc' dir='ltr'><strong><em>ε.</em></strong></span> <span class='ocrx_word' id='word_1_345' title='bbox 619 3841 645 3905; x_wconf 79' lang='grc' dir='ltr'><strong><em>ι)</em></strong></span> <span class='ocrx_word' id='word_1_346' title='bbox 662 3841 687 3893; x_wconf 81' lang='lat'><strong><em>2.</em></strong></span> <span class='ocrx_word' id='word_1_347' title='bbox 705 3842 815 3904; x_wconf 59' lang='lat' dir='ltr'><strong><em>ruunt.</em></strong></span> <span class='ocrx_word' id='word_1_348' title='bbox 834 3842 859 3907; x_wconf 82' lang='grc' dir='ltr'><strong><em>ε,</em></strong></span> <span class='ocrx_word' id='word_1_349' title='bbox 880 3843 919 3895; x_wconf 82' lang='grc' dir='ltr'><strong><em>ιε.</em></strong></span> <span class='ocrx_word' id='word_1_350' title='bbox 939 3853 963 3896; x_wconf 73' lang='grc' dir='ltr'><strong><em>ιι</em></strong></span> <span class='ocrx_word' id='word_1_351' title='bbox 981 3845 1046 3896; x_wconf 69' lang='lat' dir='ltr'><strong><em>aum.</em></strong></span> 
     </span>
    </p>
   </div>
   <div class='ocr_carea' id='block_1_4' title="bbox 251 3977 1475 4318">
    <p class='ocr_par' dir='ltr' id='par_1_4' title="bbox 251 3977 1475 4318">
     <span class='ocr_line' id='line_1_35' title="bbox 286 3977 1474 4047; baseline 0.004 -18"><span class='ocrx_word' id='word_1_352' title='bbox 286 3994 307 4029; x_wconf 83' lang='grc' dir='ltr'><strong><em>ι.</em></strong></span> <span class='ocrx_word' id='word_1_353' title='bbox 326 3977 367 4030; x_wconf 74' lang='lat' dir='ltr'><strong><em>Sic</em></strong></span> <span class='ocrx_word' id='word_1_354' title='bbox 383 3979 440 4042; x_wconf 72' lang='lat' dir='ltr'>neg.</span> <span class='ocrx_word' id='word_1_355' title='bbox 452 3979 474 4029; x_wconf 86' lang='lat'><strong><em>1.</em></strong></span> <span class='ocrx_word' id='word_1_356' title='bbox 493 3987 516 4029; x_wconf 81' lang='grc' dir='ltr'><strong><em>ιι</em></strong></span> <span class='ocrx_word' id='word_1_357' title='bbox 532 3979 631 4042; x_wconf 73' lang='lat' dir='ltr'>Seguer.</span> <span class='ocrx_word' id='word_1_358' title='bbox 665 3980 763 4045; x_wconf 73' lang='lat' dir='ltr'><strong>Legitur</strong></span> <span class='ocrx_word' id='word_1_359' title='bbox 779 3981 836 4032; x_wconf 76' lang='lat' dir='ltr'><strong><em>item</em></strong></span> <span class='ocrx_word' id='word_1_360' title='bbox 921 3981 944 4032; x_wconf 87' lang='grc' dir='ltr'><strong><em>δ.</em></strong></span> <span class='ocrx_word' id='word_1_361' title='bbox 963 3981 1004 4034; x_wconf 82' lang='lat' dir='ltr'><strong><em>Sic</em></strong></span> <span class='ocrx_word' id='word_1_362' title='bbox 1026 3984 1084 4047; x_wconf 67' lang='grc' dir='ltr'><strong><em>λος.</em></strong></span> <span class='ocrx_word' id='word_1_363' title='bbox 1104 3984 1126 4034; x_wconf 88' lang='lat'><strong><em>1.</em></strong></span> <span class='ocrx_word' id='word_1_364' title='bbox 1149 3991 1173 4033; x_wconf 80' lang='grc' dir='ltr'><strong><em>ιι</em></strong></span> <span class='ocrx_word' id='word_1_365' title='bbox 1195 3983 1295 4045; x_wconf 72' lang='grc' dir='ltr'><strong><em>θερσιε.</em></strong></span> <span class='ocrx_word' id='word_1_366' title='bbox 1329 3983 1357 4035; x_wconf 75' lang='grc' dir='ltr'><strong><em>λι</em></strong></span> <span class='ocrx_word' id='word_1_367' title='bbox 1375 3983 1429 4046; x_wconf 65' lang='lat' dir='ltr'><strong><em>Res.</em></strong></span> <span class='ocrx_word' id='word_1_368' title='bbox 1450 3983 1474 4034; x_wconf 80' lang='lat'><strong><em>2.</em></strong></span> 
     </span>
     <span class='ocr_line' id='line_1_36' title="bbox 252 4041 1475 4112; baseline 0.003 -16"><span class='ocrx_word' id='word_1_369' title='bbox 252 4041 454 4099; x_wconf 68' lang='grc' dir='ltr'><strong><em>Σαδδουκαίους</em></strong></span> <span class='ocrx_word' id='word_1_370' title='bbox 478 4048 502 4097; x_wconf 87' lang='lat' dir='ltr'><strong><em>in</em></strong></span> <span class='ocrx_word' id='word_1_371' title='bbox 525 4047 582 4111; x_wconf 75' lang='lat' dir='ltr'><strong><em>fleg.</em></strong></span> <span class='ocrx_word' id='word_1_372' title='bbox 601 4047 624 4098; x_wconf 79' lang='lat'><strong><em>2.</em></strong></span> <span class='ocrx_word' id='word_1_373' title='bbox 643 4051 788 4101; x_wconf 69' lang='lat' dir='ltr'><strong><em>commane</em></strong></span> <span class='ocrx_word' id='word_1_374' title='bbox 813 4058 836 4100; x_wconf 83' lang='grc' dir='ltr'><strong><em>ει</em></strong></span> <span class='ocrx_word' id='word_1_375' title='bbox 885 4050 975 4112; x_wconf 71' lang='lat' dir='ltr'><strong>Angue.</strong></span> <span class='ocrx_word' id='word_1_376' title='bbox 990 4052 1063 4102; x_wconf 79' lang='lat' dir='ltr'><strong>Buil.</strong></span> <span class='ocrx_word' id='word_1_377' title='bbox 1081 4058 1105 4101; x_wconf 80' lang='grc' dir='ltr'><strong><em>ιι</em></strong></span> <span class='ocrx_word' id='word_1_378' title='bbox 1122 4051 1229 4103; x_wconf 64' lang='lat' dir='ltr'><strong>Palem.</strong></span> <span class='ocrx_word' id='word_1_379' title='bbox 1247 4051 1271 4103; x_wconf 76' lang='lat'><strong><em>5.</em></strong></span> <span class='ocrx_word' id='word_1_380' title='bbox 1291 4045 1305 4099; x_wconf 86' lang='grc' dir='ltr'><strong><em>ό</em></strong></span> <span class='ocrx_word' id='word_1_381' title='bbox 1323 4043 1381 4105; x_wconf 71' lang='grc' dir='ltr'><strong><em>υἱὸς</em></strong></span> <span class='ocrx_word' id='word_1_382' title='bbox 1398 4045 1412 4100; x_wconf 81' lang='grc' dir='ltr'><strong>ὅ</strong></span> <span class='ocrx_word' id='word_1_383' title='bbox 1431 4041 1475 4102; x_wconf 77' lang='grc' dir='ltr'><strong><em>ἀεὶ</em></strong></span> 
     </span>
     <span class='ocr_line' id='line_1_37' title="bbox 251 4107 1474 4182; baseline 0.004 -16"><span class='ocrx_word' id='word_1_384' title='bbox 251 4116 357 4166; x_wconf 68' lang='grc' dir='ltr'><strong><em>διίείισι.</em></strong></span> <span class='ocrx_word' id='word_1_385' title='bbox 377 4116 399 4165; x_wconf 91' lang='lat' dir='ltr'><strong><em>l.</em></strong></span> <span class='ocrx_word' id='word_1_386' title='bbox 433 4115 477 4165; x_wconf 83' lang='grc' dir='ltr'><strong><em>ΑΙίί</em></strong></span> <span class='ocrx_word' id='word_1_387' title='bbox 501 4123 524 4165; x_wconf 79' lang='lat' dir='ltr'><strong><em>ot</em></strong></span> <span class='ocrx_word' id='word_1_388' title='bbox 548 4117 619 4166; x_wconf 79' lang='grc' dir='ltr'><strong><em>ισίιίο</em></strong></span> <span class='ocrx_word' id='word_1_389' title='bbox 638 4117 754 4168; x_wconf 78' lang='lat' dir='ltr'><strong>Commel.</strong></span> <span class='ocrx_word' id='word_1_390' title='bbox 771 4111 836 4170; x_wconf 78' lang='grc' dir='ltr'><strong><em>τοῦς</em></strong></span> <span class='ocrx_word' id='word_1_391' title='bbox 886 4107 925 4166; x_wconf 84' lang='grc' dir='ltr'><strong><em>ιῦν</em></strong></span> <span class='ocrx_word' id='word_1_392' title='bbox 943 4127 988 4169; x_wconf 63' lang='lat' dir='ltr'><strong><em>em</em></strong></span> <span class='ocrx_word' id='word_1_393' title='bbox 1024 4119 1147 4169; x_wconf 77' lang='grc' dir='ltr'><strong><em>Ρειειιεει</em></strong></span> <span class='ocrx_word' id='word_1_394' title='bbox 1166 4119 1255 4181; x_wconf 60' lang='lat' dir='ltr'><strong><em>Rem.</em></strong></span> <span class='ocrx_word' id='word_1_395' title='bbox 1274 4119 1474 4182; x_wconf 70' lang='grc' dir='ltr'><strong><em>λυρόείῖοόίιε.</em></strong></span> 
     </span>
     <span class='ocr_line' id='line_1_38' title="bbox 251 4176 1475 4253; baseline 0.003 -22"><span class='ocrx_word' id='word_1_396' title='bbox 251 4178 436 4236; x_wconf 77' lang='grc' dir='ltr'><strong><em>Σαδουκαίιυς</em></strong></span> <span class='ocrx_word' id='word_1_397' title='bbox 451 4176 680 4251; x_wconf 78' lang='grc' dir='ltr'><strong><em>καὶΦαρισαίυοε.</em></strong></span> <span class='ocrx_word' id='word_1_398' title='bbox 715 4185 833 4248; x_wconf 74' lang='grc' dir='ltr'><strong><em>Ιίσιίῖερ.</em></strong></span> <span class='ocrx_word' id='word_1_399' title='bbox 885 4193 910 4236; x_wconf 78' lang='grc' dir='ltr'><strong><em>ει</em></strong></span> <span class='ocrx_word' id='word_1_400' title='bbox 927 4185 1032 4235; x_wconf 76' lang='grc' dir='ltr'><strong><em>ῖιΙεΙιω.</em></strong></span> <span class='ocrx_word' id='word_1_401' title='bbox 1052 4186 1076 4234; x_wconf 85' lang='grc'><strong><em>1.</em></strong></span> <span class='ocrx_word' id='word_1_402' title='bbox 1099 4177 1124 4234; x_wconf 80' lang='grc' dir='ltr'><strong><em>ελ</em></strong></span> <span class='ocrx_word' id='word_1_403' title='bbox 1145 4181 1202 4253; x_wconf 79' lang='grc' dir='ltr'><strong><em>γὰρ</em></strong></span> <span class='ocrx_word' id='word_1_404' title='bbox 1226 4181 1240 4234; x_wconf 83' lang='grc' dir='ltr'><strong><em>ὃ</em></strong></span> <span class='ocrx_word' id='word_1_405' title='bbox 1264 4179 1307 4236; x_wconf 78' lang='grc' dir='ltr'><strong><em>ἀεὶ</em></strong></span> <span class='ocrx_word' id='word_1_406' title='bbox 1330 4179 1370 4237; x_wconf 78' lang='grc' dir='ltr'><strong><em>δν</em></strong></span> <span class='ocrx_word' id='word_1_407' title='bbox 1386 4181 1416 4238; x_wconf 78' lang='grc' dir='ltr'><strong><em>ἒν</em></strong></span> <span class='ocrx_word' id='word_1_408' title='bbox 1433 4185 1475 4252; x_wconf 72' lang='grc' dir='ltr'><strong><em>τῷ</em></strong></span> 
     </span>
     <span class='ocr_line' id='line_1_39' title="bbox 254 4243 1475 4318; baseline 0.002 -16"><span class='ocrx_word' id='word_1_409' title='bbox 254 4252 277 4303; x_wconf 88' lang='lat'><strong><em>1.</em></strong></span> <span class='ocrx_word' id='word_1_410' title='bbox 296 4259 319 4302; x_wconf 81' lang='grc' dir='ltr'><strong><em>ει</em></strong></span> <span class='ocrx_word' id='word_1_411' title='bbox 336 4251 436 4316; x_wconf 75' lang='lat' dir='ltr'>Seguer.</span> <span class='ocrx_word' id='word_1_412' title='bbox 450 4243 553 4312; x_wconf 73' lang='grc' dir='ltr'><strong><em>Ἰησοῦς</em></strong></span> <span class='ocrx_word' id='word_1_413' title='bbox 570 4243 584 4298; x_wconf 84' lang='grc' dir='ltr'><strong><em>ό</em></strong></span> <span class='ocrx_word' id='word_1_414' title='bbox 603 4245 731 4317; x_wconf 79' lang='grc' dir='ltr'><strong><em>Χριστός.</em></strong></span> <span class='ocrx_word' id='word_1_415' title='bbox 884 4247 968 4318; x_wconf 78' lang='grc' dir='ltr'><strong><em>πατρὶ</em></strong></span> <span class='ocrx_word' id='word_1_416' title='bbox 985 4245 1139 4315; x_wconf 80' lang='grc' dir='ltr'><strong><em>προκόπτει.</em></strong></span> <span class='ocrx_word' id='word_1_417' title='bbox 1176 4256 1254 4304; x_wconf 70' lang='lat' dir='ltr'>ceteri</span> <span class='ocrx_word' id='word_1_418' title='bbox 1272 4263 1296 4306; x_wconf 78' lang='lat' dir='ltr'><strong><em>et</em></strong></span> <span class='ocrx_word' id='word_1_419' title='bbox 1314 4257 1370 4308; x_wconf 77' lang='grc' dir='ltr'><strong><em>ιίῖιί</em></strong></span> <span class='ocrx_word' id='word_1_420' title='bbox 1389 4247 1475 4310; x_wconf 57' lang='lat' dir='ltr'><strong><em>aviac</em></strong></span> 
     </span>
    </p>
   </div>
   <div class='ocr_carea' id='block_1_5' title="bbox 252 4311 1477 4630">
    <p class='ocr_par' dir='ltr' id='par_1_5' title="bbox 252 4311 1477 4630">
     <span class='ocr_line' id='line_1_40' title="bbox 284 4311 1477 4452; baseline 0.018 -48"><span class='ocrx_word' id='word_1_421' title='bbox 284 4353 310 4432; x_wconf 67' lang='lat'><strong><em>¹3·</em></strong></span> <span class='ocrx_word' id='word_1_422' title='bbox 327 4355 384 4418; x_wconf 75' lang='grc' dir='ltr'><strong><em>Βος.</em></strong></span> <span class='ocrx_word' id='word_1_423' title='bbox 396 4353 418 4404; x_wconf 86' lang='grc'><strong><em>1.</em></strong></span> <span class='ocrx_word' id='word_1_424' title='bbox 436 4353 535 4417; x_wconf 76' lang='grc' dir='ltr'><strong><em>δεςοεε.</em></strong></span> <span class='ocrx_word' id='word_1_425' title='bbox 554 4352 835 4404; x_wconf 68' lang='lat' dir='ltr'><strong>cobler.e1Felckm.1.</strong></span> <span class='ocrx_word' id='word_1_426' title='bbox 884 4311 969 4452; x_wconf 52' lang='grc' dir='ltr'><strong><em>ξιέῗη</em></strong></span> <span class='ocrx_word' id='word_1_427' title='bbox 977 4311 1426 4451; x_wconf 33' lang='lat' dir='ltr'><strong><em>3:529725222551{53}dess</em></strong></span> <span class='ocrx_word' id='word_1_428' title='bbox 1433 4319 1477 4440; x_wconf 47' lang='grc' dir='ltr'><strong><em>τῇ</em></strong></span> 
     </span>
     <span class='ocr_line' id='line_1_41' title="bbox 252 4414 1038 4520; baseline 0.028 -51"><span class='ocrx_word' id='word_1_429' title='bbox 252 4433 301 4470; x_wconf 83' lang='grc' dir='ltr'><strong><em>του</em></strong></span> <span class='ocrx_word' id='word_1_430' title='bbox 317 4417 414 4490; x_wconf 71' lang='grc' dir='ltr'><strong><em>μέντοι</em></strong></span> <span class='ocrx_word' id='word_1_431' title='bbox 430 4414 621 4488; x_wconf 71' lang='grc' dir='ltr'><strong><em>Σαμοσατίως.</em></strong></span> <span class='ocrx_word' id='word_1_432' title='bbox 883 4445 938 4520; x_wconf 55' lang='grc' dir='ltr'><strong><em>γάρ</em></strong></span> <span class='ocrx_word' id='word_1_433' title='bbox 956 4445 1038 4502; x_wconf 58' lang='lat' dir='ltr'><strong><em>tm,</em></strong></span> 
     </span>
     <span class='ocr_line' id='line_1_42' title="bbox 286 4519 1472 4589; baseline 0.008 -20"><span class='ocrx_word' id='word_1_434' title='bbox 286 4539 306 4574; x_wconf 81' lang='lat' dir='ltr'><strong><em>c.</em></strong></span> <span class='ocrx_word' id='word_1_435' title='bbox 324 4524 364 4576; x_wconf 81' lang='lat' dir='ltr'><strong><em>sic</em></strong></span> <span class='ocrx_word' id='word_1_436' title='bbox 381 4526 437 4589; x_wconf 71' lang='lat' dir='ltr'><strong><em>fleg.</em></strong></span> <span class='ocrx_word' id='word_1_437' title='bbox 448 4524 471 4575; x_wconf 88' lang='lat'><strong><em>1.</em></strong></span> <span class='ocrx_word' id='word_1_438' title='bbox 489 4531 513 4576; x_wconf 78' lang='grc' dir='ltr'><strong><em>ει</em></strong></span> <span class='ocrx_word' id='word_1_439' title='bbox 524 4523 624 4586; x_wconf 73' lang='grc' dir='ltr'><strong><em>θιςσιῐ.</em></strong></span> <span class='ocrx_word' id='word_1_440' title='bbox 657 4521 835 4576; x_wconf 78' lang='grc' dir='ltr'><strong><em>Δίιίῖίειιδῖιί</em></strong></span> <span class='ocrx_word' id='word_1_441' title='bbox 919 4538 940 4572; x_wconf 83' lang='grc' dir='ltr'><strong><em>ι.</em></strong></span> <span class='ocrx_word' id='word_1_442' title='bbox 958 4521 999 4572; x_wconf 80' lang='lat' dir='ltr'><strong><em>Sic</em></strong></span> <span class='ocrx_word' id='word_1_443' title='bbox 1017 4522 1073 4584; x_wconf 63' lang='lat' dir='ltr'><strong><em>Res.</em></strong></span> <span class='ocrx_word' id='word_1_444' title='bbox 1087 4521 1109 4572; x_wconf 88' lang='lat'><strong><em>1.</em></strong></span> <span class='ocrx_word' id='word_1_445' title='bbox 1132 4522 1231 4584; x_wconf 67' lang='lat' dir='ltr'>Seguer.</span> <span class='ocrx_word' id='word_1_446' title='bbox 1255 4519 1346 4584; x_wconf 74' lang='grc' dir='ltr'><strong><em>ΑσςΙῖα</em></strong></span> <span class='ocrx_word' id='word_1_447' title='bbox 1371 4524 1472 4578; x_wconf 80' lang='lat' dir='ltr'>Gobler.</span> 
     </span>
     <span class='ocr_line' id='line_1_43' title="bbox 282 4603 306 4630; baseline 0 0"><span class='ocrx_word' id='word_1_448' title='bbox 282 4603 306 4630; x_wconf 74' lang='grc' dir='ltr'><strong><em>ΙΙ</em></strong></span> 
     </span>
    </p>
   </div>
   <div class='ocr_carea' id='block_1_6' title="bbox 250 4583 1473 4646">
    <p class='ocr_par' dir='ltr' id='par_1_6' title="bbox 250 4583 1473 4646">
     <span class='ocr_line' id='line_1_44' title="bbox 250 4583 1473 4646; baseline 0.014 -16"><span class='ocrx_word' id='word_1_449' title='bbox 250 4583 281 4630; x_wconf 64' lang='grc' dir='ltr'><strong><em>ἓν</em></strong></span> <span class='ocrx_word' id='word_1_450' title='bbox 885 4599 910 4642; x_wconf 82' lang='grc' dir='ltr'><strong><em>ιι</em></strong></span> <span class='ocrx_word' id='word_1_451' title='bbox 927 4589 1030 4643; x_wconf 75' lang='lat' dir='ltr'>Felekm.</span> <span class='ocrx_word' id='word_1_452' title='bbox 1043 4591 1065 4644; x_wconf 84' lang='grc' dir='ltr'><strong><em>ί.</em></strong></span> <span class='ocrx_word' id='word_1_453' title='bbox 1099 4589 1189 4644; x_wconf 66' lang='lat' dir='ltr'><strong><em>inullis</em></strong></span> <span class='ocrx_word' id='word_1_454' title='bbox 1202 4599 1226 4644; x_wconf 81' lang='grc' dir='ltr'><strong><em>ιι</em></strong></span> <span class='ocrx_word' id='word_1_455' title='bbox 1242 4589 1313 4644; x_wconf 73' lang='lat' dir='ltr'>editis</span> <span class='ocrx_word' id='word_1_456' title='bbox 1329 4586 1377 4642; x_wconf 80' lang='grc' dir='ltr'><strong><em>καί</em></strong></span> <span class='ocrx_word' id='word_1_457' title='bbox 1392 4592 1473 4646; x_wconf 74' lang='lat' dir='ltr'>deest.</span> 
     </span>
    </p>
   </div>
   <div class='ocr_carea' id='block_1_7' title="bbox 0 0 1618 5308">
    <p class='ocr_par' dir='ltr' id='par_1_7' title="bbox 0 0 1618 5308">
     <span class='ocr_line' id='line_1_45' title="bbox 0 0 1618 5308; baseline 0 5"><span class='ocrx_word' id='word_1_458' title='bbox 0 0 1618 5308; x_wconf 95' lang='lat' dir='ltr'><strong><em> </em></strong></span> 
     </span>
    </p>
   </div>
  </div>
 </body>
</html>
