3094 5318
410 388 558 432 errsrona
571 387 610 432 av.
632 389 669 432 m
692 389 888 434 samurensis.
1212 381 1274 446 817

83 543 160 605 22.
223 539 331 602 Verum
354 557 408 620 par
430 529 507 612 erat,
537 538 692 618 improbos
723 539 790 602 illos
813 549 864 602 aut
885 541 1042 606 Dominum
1065 563 1101 607 ex
1128 563 1358 628 corpora-nrm.

23 661 72 704 us
106 659 199 703 non
232 639 415 720 vilipendere
443 640 527 720 quasi
549 639 716 714 hominem,
744 649 794 704 aut
822 659 857 703 aa
886 643 1027 722 operibus
1055 664 1158 708 rerum
1181 646 1274 710 Deum

26 765 82 806 am
115 742 293 806 confiteri.
339 741 398 802 Sed
428 741 527 803 omnia
554 749 749 822 praepostere
777 741 932 804 iaciebant.
977 744 1049 807 Cum
1072 747 1151 808 enim
1173 748 1273 810 homi·

25 865 63 907 m
95 851 301 918 cernerent,
323 843 382 924 ipsi
404 851 437 904 ut
457 841 572 904 homini
594 841 841 918 convitiabantur,
865 863 899 906 ac
913 844 1044 908 vicissim
1059 866 1152 927 opera
1174 848 1284 910 divina

27 953 211 1009 aetantes
235 943 383 1024 negabant
404 941 586 1004 divinitatem
608 951 638 1004 et
666 942 703 1004 ad
732 943 882 1006 diabolum
904 947 1129 1027 confugiebant,
1160 951 1217 1011 rati
1240 965 1358 1012 senam.

37 1050 141 1110 haec
171 1047 330 1110 auderent
351 1046 483 1125 cllugere
503 1061 612 1124 posse,
641 1061 679 1105 ne
701 1043 738 1105 ab
760 1046 829 1124 ipso
851 1045 965 1122 Verbo,
994 1049 1073 1128 quod
1095 1051 1274 1116 contumelia

31 1157 216 1222 ecerant,
249 1147 458 1209 iudicarentur.
501 1145 538 1206 tt
560 1145 777 1222 incantatores,
800 1147 879 1228 magi
901 1157 932 1210 et
952 1150 1075 1212 venetici
1096 1151 1273 1228 Pharaonis,

30 1260 71 1314 et
98 1249 258 1331 plurima
284 1255 465 1322 tentassent,
494 1255 593 1309 mmen
622 1246 762 1327 ahlopse
791 1248 868 1310 edita
898 1249 983 1330 signa
1010 1269 1077 1313 cum
1105 1259 1273 1328 cernerent,

33 1369 146 1415 ssere
175 1349 304 1412 tandem
332 1358 472 1429 tergaque
502 1348 612 1410 dedere
635 1347 766 1410 dicentes
789 1348 912 1430 digitum
934 1350 988 1412 hei
1010 1371 1093 1426 esse,
1122 1353 1172 1433 qui
1200 1355 1275 1418 haec

23 1462 131 1526 ¹reret.
189 1451 350 1513 Pharisaei
373 1459 471 1512 autem
495 1459 525 1512 et
546 1449 683 1530 Scribae,
716 1468 784 1512 cum
806 1451 949 1531 integram
971 1452 1165 1516 haimarum
1187 1455 1272 1517 ride-

23 1565 78 1630 nt
107 1541 317 1633 operantem,
340 1559 554 1630 cernerentque
576 1569 630 1626 ea,
652 1569 727 1631 quae
748 1569 804 1632 per
826 1552 977 1616 Christum
999 1553 1179 1617 Salvatorem
1202 1574 1273 1634 agc-

23 1663 145 1729 autur,
175 1671 258 1714 sane
281 1651 339 1714 illis
361 1651 515 1732 prioribus
536 1650 621 1732 plura
643 1653 831 1734 maioraque,
852 1654 960 1716 borum
983 1665 1135 1718 auctorem
1157 1656 1275 1720 aiebant

35 1754 258 1827 eelzebulem,
281 1771 369 1833 quem
391 1752 450 1832 ipsi
470 1752 546 1833 biugi
568 1753 636 1816 licet
659 1772 753 1834 suunt⁴
769 1773 808 1816 nc
830 1755 948 1834 quidem
969 1755 1018 1817 his
1043 1758 1158 1820 minora
1179 1777 1273 1839 posse

23 1857 270 1946 Irulitebantur.
323 1854 470 1926 Quidnam
499 1855 536 1916 de
564 1863 623 1916 tam
651 1856 762 1936 ingenti
794 1858 918 1919 stultitia
948 1857 1004 1920 dici
1032 1859 1157 1938 possit?
1207 1863 1275 1938 Aut,

28 2007 43 2048 ι.
69 1959 120 2020 ait
145 1955 325 2036 Propheta,
354 1957 421 2035 quis
449 1957 518 2035 quid
548 1975 614 2018 curn
643 1957 701 2021 illis
723 1957 923 2038 impietatibus
947 1978 1119 2040 comparare
1140 1962 1273 2042 poterit?

38 2061 181 2122 astiorcs
208 2057 290 2118 enim
313 2077 346 2119 se
369 2056 539 2136 Sodomitas
563 2058 775 2134 exbibuerunt,
803 2060 938 2123 vicerunt
966 2060 1104 2123 Gentium
1130 2062 1272 2142 ignoran-

28 2181 94 2230 ,am
120 2161 348 2239 Magorumque
369 2157 533 2238 Pharaonis
555 2159 709 2222 stultitiam
732 2168 886 2241 superant,
908 2169 996 2242 atque
1018 2180 1085 2225 oum
1099 2164 1171 2226 solis
1185 2163 1275 2226 drio-
1344 2201 1351 2214 ·

40 2262 156 2324 inuitis
188 2259 322 2322 conferri
351 2267 495 2341 possunt,
529 2260 610 2339 quod
640 2261 671 2323 in
699 2262 822 2324 eandem
850 2262 1031 2343 impietatem
1060 2263 1121 2325 sint
1141 2263 1274 2344 collapsi.

31 2355 132 2428 'idaei
158 2361 245 2424 enim
267 2361 365 2423 Patris
389 2379 481 2441 opera
497 2380 558 2444 per
571 2360 678 2423 Piliam
693 2363 829 2425 videntes
843 2363 1011 2427 beelzebub
1026 2383 1060 2425 ea
1075 2365 1275 2444 adscripserc,

27 2454 136 2526 ''riani
159 2481 239 2524 sero
262 2462 337 2524 haee
358 2463 423 2543 ipsa
445 2481 511 2524 cum
528 2471 655 2525 cernunt
669 2482 771 2544 opera,
792 2464 951 2526 Dominum
967 2464 1153 2526 caedentem
1168 2465 1274 2526 creatis

23 2561 125 2652 iebus
151 2571 370 2638 annumerant,
401 2563 542 2643 aiuntque
571 2583 606 2626 er
636 2583 697 2626 non
725 2565 909 2628 exstantibus
936 2567 1035 2644 ipsum
1063 2583 1132 2627 esse
1161 2573 1191 2628 et
1212 2583 1274 2628 non

24 2663 132 2732 ‘‚u·rsse
155 2669 317 2742 antequam
339 2665 434 2726 lieret.
477 2664 519 2727 dc
540 2664 691 2727 Pharisaei
714 2667 849 2746 quidem,
872 2683 938 2728 cum
961 2663 1095 2727 riderent
1115 2665 1275 2728 homiuum

24 2747 63 2824 *sn
88 2780 240 2841 corpore,
269 2763 530 2828 obmurmurantes
559 2766 691 2828 aiebant:
724 2767 830 2841 Quare
857 2764 1169 2838 autemconscii,
1198 2767 1276 2845 focr'a

24 2866 171 2944 *teipsum
193 2862 317 2925 Deam?
359 2866 397 2926 lli
418 2873 516 2928 autem
540 2866 648 2928 Christi
671 2869 787 2940 hostes,
811 2885 877 2927 curn
897 2863 998 2926 rident
1012 2865 1093 2927 illum
1114 2865 1277 2945 patientem

24 2957 71 3027 iac
94 2963 310 3038 dormientem,
329 2965 539 3046 blasphemant
559 2968 607 3030 his
629 2968 744 3030 verbis:
769 2966 849 3040 „Qui
865 2965 939 3028 baec
951 2967 1073 3045 patitur,
1096 2985 1158 3028 oon
1179 2975 1279 3046 potest

24 3055 154 3140 ²„Deus
176 3081 267 3126 verus
291 3083 375 3138 ease,
403 3085 460 3128 uec
480 3066 743 3130 consubstantialis
767 3083 837 3127 esse
858 3065 970 3128 Patri.“
1014 3067 1140 3132 Demum
1161 3068 1187 3128 si
1210 3067 1277 3146 quis

24 3159 112 3228 laelit
134 3175 333 3245 utrorumque
355 3185 474 3230 errores
496 3169 575 3229 inter
604 3187 638 3229 se
660 3166 784 3228 collatos
807 3167 992 3247 expendere,
1025 3168 1204 3247 comperiet,
1236 3167 1279 3229 uti

24 3283 137 3348 'supra
162 3266 233 3341 dixi,
255 3267 342 3347 ipsos
363 3268 395 3330 iu
418 3268 522 3329 vallem
544 3286 660 3331 amarae
684 3267 824 3330 stultitiae
850 3269 1005 3364 confertim
1028 3269 1176 3350 collapsos
1199 3285 1279 3330 esse.

25 3673 27 3698 ²
136 3671 187 3732 23.
231 3667 421 3749 Quapropter
444 3675 503 3731 tam
524 3669 582 3732 illis
612 3689 700 3750 mam
722 3670 790 3732 istis
819 3669 929 3732 nullam
957 3670 1022 3732 lore
1053 3668 1190 3749 supplicii
1212 3667 1289 3744 huic,

57 3845 82 3907 li
99 3843 194 3900 οὔτῶν.
224 3851 286 3898 Editi
302 3857 326 3899 et
343 3850 383 3898 alii
400 3842 429 3905 ἒξ
446 3845 558 3900 tamur.
586 3851 639 3902 lior
725 3852 749 3900 b.
766 3850 807 3901 su
825 3853 882 3913 lieu.
901 3851 1000 3912 Segosa.
1019 3849 1240 3902 contesseratio.
1259 3851 1282 3900 l.

25 3971 28 3988 f
57 3915 100 3966 aci
117 3921 181 3968 deest
198 3919 220 3966 in
240 3917 337 3966 Gobler.
357 3925 379 3964 et
398 3917 502 3966 Palatua.
516 3919 537 3967 l.
691 3925 716 3966 et
734 3918 790 3967 adit
809 3918 885 3967 Paris.
915 3917 977 3966 Edit.
990 3917 1108 3966 Commet.
1124 3924 1148 3965 et
1166 3917 1206 3966 alli
1223 3909 1283 3966 ἔαυ-

89 3989 105 4035 l.
124 3989 177 4045 tter.
193 3992 213 4032 et
229 3984 328 4045 Seguar.
345 3977 485 4046 μοναχούτ
502 3999 639 4048 perperam.
692 3975 749 4030 τόν.

59 4053 110 4100 ltm
126 4053 179 4112 lteg.
197 4051 295 4110 Ssguer.
320 4049 417 4098 Goblsr.
445 4059 469 4099 et
492 4051 597 4101 Petrina.
618 4052 640 4100 l.
727 4051 743 4098 i.
762 4049 803 4099 Sic
821 4049 921 4111 Sagoer.
933 4047 1011 4108 solua,
1029 4063 1100 4113 quem
1118 4057 1198 4099 tamen
1214 4051 1283 4114 aequi

62 4111 97 4170 rte
113 4111 161 4176 τὴν
177 4107 259 4174 aviaria
276 4114 367 4166 rectius
384 4130 456 4179 qnam
468 4115 524 4166 editi
536 4109 574 4170 tia
591 4110 642 4176 τὴν
692 4116 769 4166 risum
789 4124 833 4165 eat.
868 4117 913 4164 atii
932 4129 1016 4164 omncs
1036 4124 1058 4165 et
1077 4117 1133 4166 editi
1147 4107 1205 4170 οἰὸς
1216 4109 1284 4174 atq-

62 4178 190 4243 τοιαύτην.
693 4174 780 4236 anic.
819 4183 871 4232 lior
895 4183 951 4232 editi
974 4175 1020 4230 ani
1044 4175 1104 4236 uide
1126 4176 1281 4250 dpooriotoc.

98 4267 118 4313 g.
136 4252 188 4313 Peg.
206 4259 227 4300 et
245 4250 345 4310 Segnor.
364 4240 536 4298 ἀνετίθεσαν.
575 4249 641 4300 ltali-
694 4249 741 4300 Sed
760 4265 804 4301 ror
821 4242 880 4302 οἷός
898 4249 966 4300 deest
977 4251 1000 4300 in
1012 4251 1067 4314 Peg.
1078 4253 1177 4314 Sennea.
1192 4249 1283 4312 anglic.

67 4321 102 4384 qui
119 4327 140 4368 et
157 4319 209 4368 editi
226 4309 414 4366 ἀνατιθέασιν.
452 4317 503 4367 llos
522 4319 642 4380 θυμο-
694 4317 791 4368 Gobler.
817 4317 959 4367 Palaiml.
984 4325 1008 4366 et
1032 4317 1056 4368 ².
1102 4319 1154 4369 llox
1178 4317 1235 4380 Peg.
1261 4323 1285 4366 et

68 4401 125 4446 goar.
144 4385 209 4436 basil.
226 4385 325 4436 Gobler.
344 4394 367 4434 et
385 4385 489 4434 rotetur.
512 4385 534 4434 1.
562 4375 642 4433 edroi
693 4385 793 4447 Sagncr.
813 4376 888 4450 ὅμως
906 4399 951 4449 pro
970 4375 1039 4439 ὅλως
1059 4387 1140 4436 minus
1158 4393 1233 4435 recta.

70 4452 171 4500 τοιαῦτα
186 4449 333 4518 βλίττοντες.
378 4453 441 4501 Editi
460 4451 542 4502 etalii
561 4443 642 4500 abaci
728 4452 751 4502 h.
769 4453 826 4514 ling.
846 4462 870 4502 et
887 4453 986 4514 Seguar.
1006 4454 1053 4504 soli
1071 4446 1232 4522 παρανοίας.

70 4512 100 4564 τὰ
117 4511 340 4585 αὖτᾶῥλέποντες.
378 4520 453 4569 Paulo
470 4528 526 4582 post
542 4521 602 4584 Peg,
618 4527 642 4571 st
727 4519 743 4566 Ι.
769 4518 867 4570 Goblar.
892 4527 915 4568 at
934 4519 1038 4571 Felclam.
1057 4520 1079 4570 l.
1105 4521 1221 4570 mandore
1237 4509 1284 4580 τᾴ-

72 4584 160 4646 Saguar.
176 4591 217 4638 roll
233 4583 283 4638 τὸν
301 4585 415 4636 τοιαῦτα
432 4585 573 4637 ποιοῦντα
693 4579 806 4643 κείνους,
825 4581 871 4635 aad
888 4581 1009 4640 τούτους.

107 4671 358 4720 truanasrrormoos.
370 4686 420 4719 ιιι.
1047 4669 1080 4720 52
