3226 5280
483 355 627 400 arcerent
641 357 679 400 nn
693 357 838 404 ramerus
852 361 996 406 murtam
1012 363 1130 406 sraom.
1380 353 1422 418 83

186 503 298 582 impiae
320 521 393 568 suae
420 504 553 568 haeresis
581 509 810 587 propugnandae
837 529 926 574 causa
953 511 1013 576 sibi
1040 514 1114 593 ipsis
1143 525 1214 578 sunt
1241 519 1508 594 commentimme.

187 604 331 684 quoniam
351 605 445 668 Deum
473 619 505 669 ct
525 607 643 670 Patrem
671 609 755 672 decet
781 611 891 689 gloria,
924 613 1024 674 bonor
1051 622 1083 674 et
1109 614 1241 678 adoratio
1271 639 1329 681 uua
1351 639 1420 684 etun

185 704 327 785 principii
349 716 469 799 experte
490 708 624 770 eiusdem
646 709 720 770 Filio
744 719 774 770 et
796 711 910 786 Verbo,
938 732 994 773 uec
1021 731 1083 774 nou
1105 715 1295 780 sanctissimo
1317 739 1351 783 ac
1371 723 1418 784 ri-

184 805 272 868 rifico
295 807 424 886 Spiritu,
446 827 525 870 nunc
546 819 576 872 et
596 809 627 870 in
649 810 762 874 infinita
784 813 901 874 saecula
924 813 1121 874 secandorum.
1164 815 1268 878 Amen.

608 1198 740 1258 cusnitit
758 1201 1000 1260 cassiniensis

543 1317 653 1380 Epistola
671 1317 701 1368 ed
718 1332 778 1367 auae
793 1319 922 1382 paroeciae
939 1321 1060 1370 beminen.

273 1449 301 1508 1.
346 1445 429 1519 Quae
450 1448 487 1509 de
499 1448 556 1510 fide
568 1447 777 1512 Ecclesiastica
799 1451 832 1513 iu
854 1471 958 1532 magna
971 1452 1091 1533 Synodo
1103 1453 1227 1516 Nicaeae
1238 1465 1414 1536 congregata

182 1555 247 1608 aeta
271 1555 349 1620 sunt,
373 1548 531 1612 verisimile
553 1559 599 1612 est
619 1570 684 1625 vos,
707 1551 816 1626 dilecti,
838 1552 956 1614 aliunde
970 1573 1088 1634 quoque
1103 1555 1254 1630 didicisse,
1277 1576 1343 1618 urm
1359 1577 1413 1620 so-

182 1646 242 1709 leat
263 1648 340 1708 iama
360 1659 525 1712 anomalam
547 1669 647 1712 rerum
670 1653 871 1714 narrationem
885 1673 1087 1734 praecurrere.
1125 1655 1234 1717 Verum
1252 1675 1290 1718 nc
1304 1658 1411 1720 buius-

182 1749 265 1810 modi
294 1767 416 1811 rumme
442 1769 493 1812 res
521 1751 607 1814 aliter
634 1753 720 1816 robis
748 1762 885 1816 narretur
914 1774 1071 1817 acrevcra
1093 1755 1255 1830 sehabet,
1289 1775 1414 1821 necesse

183 1868 253 1910 csse
275 1849 413 1913 duximus
441 1852 478 1912 ad
507 1871 561 1912 vos
589 1853 718 1931 primum
746 1854 866 1934 quidem
894 1855 973 1918 iilam
1000 1857 1069 1916 fidei
1097 1856 1253 1918 formulam
1287 1858 1414 1934 mittere,

182 1969 258 2029 quae
280 1969 296 2010 a
319 1951 407 2013 nobis
429 1953 585 2033 proposita
608 1963 664 2028 est,
687 1955 795 2018 deinde
816 1955 948 2030 alteram,
972 1974 1060 2035 quam
1082 1956 1233 2018 nonnuliis
1255 1959 1293 2020 ad
1309 1969 1413 2022 noatm

180 2051 269 2112 rerba
292 2052 399 2116 additis
421 2053 588 2116 ediderunt.
633 2055 733 2137 itaque
755 2064 862 2119 noster
881 2057 1009 2129 libellus,
1033 2058 1083 2136 qui
1097 2065 1254 2137 praesente
1275 2061 1411 2138 piissimo

180 2151 364 2231 imperatore
385 2166 491 2218 nostro
513 2156 622 2232 lectus,
653 2167 753 2220 rectus
777 2167 807 2220 ct
829 2157 1046 2238 approbatione
1068 2158 1175 2238 dignus
1198 2177 1266 2220 esse
1288 2169 1334 2222 est
1355 2162 1410 2225 de-

179 2252 318 2328 claratus,
340 2255 511 2320 huiusmodi
536 2267 592 2320 est.

264 2457 295 2518 2.
339 2456 596 2530 Quemadmodum
626 2459 793 2539 accepimus
814 2460 851 2521 ab
873 2460 1042 2541 episcopis,
1072 2459 1121 2540 qui
1149 2477 1206 2522 uos
1235 2469 1409 2528 antecesse-

178 2563 261 2626 runt,
284 2573 416 2618 necnon
437 2559 469 2618 iu
483 2557 580 2636 prima
595 2559 752 2632 catechesi,
775 2569 805 2621 et
824 2581 890 2622 cum
904 2562 1109 2640 acciperemus
1123 2559 1281 2632 lavacrum,
1304 2579 1410 2638 quem-

181 2653 344 2714 admodum
371 2655 443 2716 item
472 2673 508 2714 cx
535 2655 643 2716 divinis
665 2657 820 2721 didicimus
847 2661 972 2733 litteris,
1007 2680 1042 2722 ac
1069 2677 1136 2722 cum
1164 2661 1195 2721 in
1222 2658 1411 2738 Presbyterio

183 2756 250 2810 tum
272 2751 302 2810 in
324 2751 391 2830 ipso
414 2753 592 2832 Episcopatu
616 2755 792 2819 credidimus
815 2760 1042 2830 edocuimus,
1066 2759 1111 2820 sie
1132 2759 1221 2820 etiam
1243 2775 1325 2818 nuuc
1345 2775 1412 2818 cre-

179 2849 289 2913 dentes
312 2849 400 2914 iidem
422 2861 556 2914 nostram
577 2853 663 2914 robis
686 2857 849 2928 oderimus.
871 2877 946 2936 quac
969 2860 1012 2920 sic
1034 2877 1068 2918 se
1090 2856 1190 2918 babet

265 3056 295 3118 3.
341 3053 498 3116 Credimus
520 3055 550 3114 in
572 3073 664 3116 unum
685 3055 790 3130 Deum,
812 3055 930 3116 Patrem
954 3056 1199 3133 omnipotentem,
1220 3053 1352 3115 omnium
1367 3055 1412 3117 ri-

174 3154 308 3217 sibilium
330 3163 361 3216 et
381 3154 574 3218 invisibilium
598 3157 780 3230 effectorem,
804 3165 834 3218 et
856 3156 887 3216 iu
910 3173 1000 3216 unum
1022 3153 1180 3216 Dominum
1201 3155 1301 3216 iesum
1323 3154 1409 3218 Chri·
1474 3233 1480 3240 Ι

176 3263 273 3330 stum,
302 3255 356 3318 Dei
378 3256 523 3330 Verbum,
551 3257 645 3319 Deum
669 3276 705 3318 er
726 3255 807 3331 Deo,
837 3257 937 3318 iumen
960 3275 994 3318 ex
1017 3255 1143 3328 lumine,
1172 3255 1260 3318 vitam
1282 3274 1318 3318 en
1338 3257 1407 3332 vita,

174 3357 284 3419 Filium
305 3357 500 3437 unigenitum,
521 3357 752 3437 primogenitum
775 3358 873 3420 omnis
895 3365 1058 3430 creaturae,
1080 3365 1147 3418 autc
1170 3357 1269 3420 omnia
1290 3358 1407 3420 saecula

176 3475 213 3518 ex
235 3457 323 3520 Patre
344 3457 487 3537 genitum,
508 3477 673 3546 perquem
697 3467 727 3521 et
748 3445 851 3521 omnia¹
868 3460 942 3520 iacta
964 3467 1044 3531 sunt,
1067 3458 1117 3538 qui
1134 3466 1258 3538 propter
1271 3467 1406 3520 nostram

175 3557 302 3620 salutem
324 3560 492 3620 incarnatus
522 3566 568 3620 est
589 3568 619 3620 et
639 3559 718 3620 inter
738 3560 876 3622 homines
898 3559 985 3634 vixit,
1013 3559 1064 3638 qui
1091 3577 1200 3639 passus
1229 3567 1277 3620 est
1302 3567 1333 3620 et
1352 3578 1405 3621 re·

176 3658 308 3720 surrexit
327 3660 412 3720 tertia
435 3659 482 3720 die
505 3667 536 3720 et
556 3660 690 3721 ascendit
711 3660 747 3722 ed
768 3660 903 3736 Patrem,
931 3659 1098 3738 iterumque
1126 3677 1193 3718 cum
1214 3657 1308 3737 gloria
1329 3677 1493 3736 ven-m,

177 3765 347 3833 incusem,
375 3768 409 3820 ut
435 3760 545 3821 iudicet
570 3761 652 3822 uiros
682 3770 712 3822 et
738 3771 885 3822 mortuos.
930 3761 1086 3820 Credimus
1114 3775 1234 3836 quoque
1262 3759 1292 3818 iu
1314 3777 1405 3820 unum

174 3859 318 3940 Spiritum
341 3869 494 3934 sanctum,
516 3861 681 3939 horumque
704 3861 865 3938 quemlibet
887 3879 955 3921 esse
978 3867 1009 3920 ct
1030 3857 1158 3918 existere
1179 3857 1325 3920 caedimus
1346 3857 1405 3920 Pa·

208 4148 227 4196 i.
245 4147 325 4198 Editio
350 4145 468 4197 commet.
486 4143 680 4212 opacitatem.
718 4143 766 4196 So·
851 4145 866 4194 i.
886 4145 999 4194 Socrates
1015 4135 1224 4210 ἐπιστεύσαμεν.

174 4221 254 4264 cretea
263 4212 455 4279 προτεθεῖσαν,
850 4213 872 4262 k.
892 4212 1011 4262 Tbeodor.
1031 4214 1119 4263 omittit
1136 4205 1210 4278 ὑμῖν.
1249 4209 1405 4262 leicester.

208 4297 230 4343 g.
250 4283 318 4346 Apud
344 4281 423 4334 Getae.
443 4282 520 4360 qyzie.
544 4283 654 4399 seponitur
678 4281 763 4332 brins-
816 4281 893 4344 Cyzic.
910 4275 1123 4356 npncpipopeaffi

175 4349 241 4398 modi
259 4350 360 4400 titulus:
379 4342 395 4408 ἡ
413 4341 454 4414 cip
481 4342 560 4414 ἡμῶν
580 4347 708 4400 καθεῖσα
719 4343 763 4398 πί·
849 4349 866 4398 Ι.
885 4347 1008 4398 Theodec.
1026 4359 1156 4396 ameno.

174 4425 243 4470 ὅτις,
262 4421 319 4480 fider
337 4435 352 4468 o
368 4419 437 4468 nobie
454 4420 568 4481 reporto
849 4431 883 4466 m.
894 4416 1007 4466 Socrates
1020 4411 1068 4464 sat
1078 4415 1175 4464 omittit
1193 4411 1253 4464 ibid.
1265 4411 1324 4460 baec
1333 4407 1406 4458 verb·

209 4484 233 4532 b.
251 4487 364 4535 Socrates
383 4485 471 4536 omittit
487 4498 508 4532 n
527 4477 591 4552 ciep.
612 4485 673 4538 ibid.
681 4486 762 4538 Theo·
813 4475 921 4532 τούτων
937 4473 1054 4530 ἕκαστον
1071 4491 1095 4531 et
1113 4495 1174 4545 qnae
1185 4482 1409 4542 sequuntnruaqu·

174 4548 228 4600 dor.
248 4541 292 4602 ira
308 4545 354 4600 aei
371 4547 403 4602 rb
420 4497 539 4619 λουτρὲν
556 4561 601 4606 etc.
814 4551 844 4602 ad
859 4539 955 4602 sadoc
972 4549 1059 4598 desunt
1078 4547 1142 4612 apud
1160 4545 1241 4597 Gelas.
1262 4545 1339 4608 Cpaic.

1162 4625 1200 4677 6*
