3170 5266
651 351 825 394 rmsrarro.
1022 369 1032 384 ‚
1332 345 1350 406 7

123 497 283 564 aduenisse
299 499 390 580 idque
406 499 465 562 sibi
479 499 691 580 proposuisse,
707 510 739 562 ut
754 502 931 592 praecipuos
944 523 1048 568 eorum
1060 515 1200 574 uectatus
1211 511 1352 592 seligeret

121 611 146 662 et
163 601 292 662 iunctim
317 601 429 676 ederet,
453 620 513 681 quo
537 600 682 680 theologis
704 603 870 682 paratiores
892 613 1005 668 essent.
1049 607 1082 670 ld
1098 629 1167 672 vero
1181 630 1220 676 ue
1236 621 1349 675 temere

118 701 221 764 dietum
235 701 376 764 rideatur
397 704 456 764 boc
477 701 613 774 consilio,
636 709 668 762 ut
690 721 785 764 meam
809 704 1044 796 qualemcunque
1067 727 1187 788 oporam
1207 713 1349 778 novitatis

116 802 196 864 titulo
224 802 396 866 lectoribus
425 803 648 876 commendem,
681 802 876 868 bibliothecae
909 816 1026 886 patrum
1055 811 1181 876 selectas
1208 815 1349 893 opusnrla

114 904 284 983 dogmatica
314 905 502 968 continentes
538 913 567 968 et
602 903 848 969 chrestotnalhias
877 907 1045 987 patrioticas
1079 914 1244 978 accuratius
1276 933 1348 995 per-

115 1003 255 1066 musmo.
316 1003 359 1068 lta
386 1005 474 1070 simul
502 1007 579 1086 apud
609 1006 752 1080 lectores¹
767 1005 838 1068 illud
868 1025 1014 1088 exsequar
1041 1012 1171 1076 cilicium
1200 1033 1349 1093 recogno-

115 1105 215 1166 scendi
239 1106 344 1169 studia
367 1117 397 1170 et
417 1105 524 1170 merita
548 1121 662 1174 eorum,
685 1107 735 1186 qui
757 1105 846 1168 nobis
869 1110 1044 1174 auctoritate
1067 1131 1122 1178 sna
1143 1115 1282 1195 inopere
1303 1119 1348 1180 la·

114 1205 219 1266 duodo
251 1205 461 1286 praeiverunt:
484 1203 565 1284 quod
588 1205 717 1268 officium
744 1225 824 1269 nuno
845 1208 923 1272 baud
945 1210 1031 1290 pauci
1054 1212 1194 1293 ignorant
1220 1225 1272 1282 aut
1292 1235 1348 1280 ne·

113 1305 235 1385 gliguut.

196 1407 261 1480 Qui
286 1409 316 1469 in
336 1407 463 1470 historia
485 1405 652 1485 theologiae
673 1407 815 1470 litteraria
837 1407 947 1470 versati
969 1421 1048 1486 sunt,
1075 1415 1173 1480 sciunt
1193 1419 1347 1484 collectio·

115 1523 167 1568 nes
190 1509 378 1590 scriptorum
402 1505 682 1582 ecclesiasticorum,
711 1528 786 1588 quae
813 1505 984 1588 promiscue
1012 1513 1208 1584 bibliothecae
1229 1528 1346 1602 patrum

113 1605 266 1682 dicuutur,
286 1627 343 1688 pro
366 1608 495 1670 dirersis
516 1608 664 1670 editorum
687 1610 820 1672 consiliis
842 1609 956 1672 delectu
976 1611 1121 1678 librorum
1144 1617 1268 1682 multum
1287 1618 1345 1682 dil-

117 1707 192 1768 lerrc
213 1709 393 1790 mensaque
414 1708 532 1770 ratione
559 1727 628 1772 esse
655 1711 848 1790 compositas.
891 1711 971 1772 Aliae
1002 1715 1081 1776 enim
1110 1717 1208 1779 varios
1236 1719 1346 1782 veteris

116 1817 145 1866 et
164 1809 285 1872 mediae
305 1808 411 1872 aetatis
433 1810 598 1888 scriptores
620 1810 846 1886 ecclesiasticos,
869 1811 920 1889 qui
941 1814 1082 1890 pauciora
1099 1815 1264 1880 litterarum
1279 1837 1346 1880 rno-

118 1919 258 1972 nnmenta
279 1909 480 1990 reliquerunt,
508 1910 743 1990 complectuntur
771 1930 933 1990 eorumque
963 1931 1053 1993 opera
1081 1934 1157 1994 quae
1185 1926 1351 1998 supersunt

119 2009 218 2072 omnia
240 2011 396 2074 continent
416 2018 468 2072 aut
488 2010 651 2072 secuudum
679 2021 775 2074 certas
802 2011 994 2074 materiarum
1022 2013 1132 2078 dassen
1159 2026 1210 2080 aut
1237 2037 1274 2082 ex
1296 2035 1348 2080 ae-

121 2117 228 2186 tatum,
265 2111 376 2192 quibus
410 2111 576 2174 floruerubt
602 2111 660 2184 illi,
698 2113 803 2174 ordine
840 2112 965 2191 digesta.
1010 2111 1100 2178 Cuius
1131 2117 1249 2200 generis
1278 2129 1350 2180 sunt

120 2210 319 2290 amplissimae
348 2211 416 2274 illae
446 2211 647 2276 Bibliothecae
665 2225 792 2294 potrum
811 2212 1028 2290 Parisienses,.
1045 2213 1243 2294 Coloniensls,
1264 2217 1346 2300 Lug·

122 2309 280 2388 dunensis,
310 2311 517 2386 Gallaudiana,
550 2331 674 2392 quarunt
711 2314 843 2377 editores
879 2313 909 2376 id
942 2314 1121 2377 studuerunt
1147 2318 1280 2394 efficere,
1314 2329 1348 2382 ut

121 2411 157 2471 ad
184 2415 354 2476 universam
384 2413 585 2493 antiquitatem
615 2413 842 2477 ecclesiasticam
870 2415 1075 2478 illustrandam
1102 2437 1190 2497 quam
1221 2421 1347 2502 plurima

122 2510 254 2578 eirtsdeiu
275 2523 468 2578 monumenta
491 2514 561 2576 viris
584 2513 679 2576 doctis
702 2515 731 2576 in
754 2533 842 2577 usum
859 2524 961 2594 parata
975 2515 1178 2600 instructaque
1199 2530 1346 2601 paterent.

123 2613 202 2676 iliae
223 2614 443 2694 augustioribus
465 2613 574 2678 linibus
595 2614 810 2678 concluduntur
831 2623 862 2676 ct
883 2616 991 2698 scripta
1014 2619 1101 2681 unius
1124 2629 1237 2686 tautum
1266 2621 1346 2684 clas-

124 2713 167 2774 sis
189 2715 232 2778 rcl
254 2723 429 2796 argumento
451 2716 605 2794 formaque
620 2715 665 2777 rel
687 2716 866 2796 scriptorum
888 2725 984 2780 aetate
1007 2717 1163 2784 distinctae
1182 2721 1347 2784 lectoribus

124 2816 281 2890 praebent:
313 2835 387 2896 quas
408 2816 444 2878 ad
467 2815 628 2895 singularia
661 2815 805 2896 quaedam
828 2817 925 2880 studia
948 2817 1112 2898 theologica
1136 2819 1289 2884 excitanda
1317 2827 1349 2882 ct

125 2915 319 2980 mnenunna
338 2917 491 2981 adornatas
514 2935 583 2982 esse
604 2925 737 2998 apparet.
776 2917 857 2979 luter
876 2918 1046 2984 huiusmodi
1067 2917 1264 2982 bibliothecas
1284 2919 1349 2982 sire

125 3015 314 3080 mdectiones
347 3026 464 3098 patrum
501 3017 581 3080 varie
617 3017 774 3106 inscriptas
810 3017 908 3080 locunt
945 3017 1083 3080 obtinent
1123 3035 1193 3089 eae,
1239 3018 1347 3096 quibus

124 3119 315 3199 complurium
336 3127 455 3202 patrum
476 3126 619 3182 muetos
641 3117 799 3198 dogmatici
821 3135 854 3180 ac
875 3117 1014 3196 polemici
1036 3115 1235 3180 continentur.
1266 3118 1349 3182 Sicut

124 3217 198 3284 enirn
212 3227 330 3282 emunt
344 3217 544 3282 Bibliothecae
555 3227 682 3298 potrum
704 3221 851 3280 asceticae
872 3227 902 3278 et
924 3220 1167 3280 coao'oootorics
1179 3217 1210 3280 b.
1227 3237 1252 3282 a.
1267 3237 1346 3301 opu·

125 3320 271 3382 sculornm
293 3318 489 3382 asceticorum
510 3325 541 3380 et
560 3317 748 3380 homiliarum
763 3333 995 3395 sermonumque
1009 3315 1209 3394 collectiones,
1231 3321 1272 3384 ita
1287 3321 1345 3384 do-

125 3421 260 3496 gmaticas
277 3437 397 3498 quoque
411 3418 554 3482 babemus
573 3436 589 3480 a
610 3417 681 3480 viris
703 3418 799 3482 doctis
821 3418 857 3479 ad
879 3415 1011 3480 studium
1033 3417 1200 3500 theologiae
1221 3420 1345 3500 dogma·

89 3592 95 3613 x
125 3519 193 3584 ticac
215 3529 247 3584 et
267 3518 432 3599 polemicae
451 3517 688 3600 promovendum
704 3517 861 3592 institutas,
883 3517 1043 3593 eminulis,
1064 3520 1144 3599 quod
1173 3539 1228 3602 ego
1243 3521 1346 3596 sciam

124 3619 305 3687 Bibliotheca
322 3632 450 3700 potrum
472 3621 639 3700 toqnooeo
659 3618 801 3698 inscripta
816 3627 872 3682 est.
915 3618 1046 3699 Namque
1069 3639 1122 3682 eae
1142 3621 1252 3702 partim
1272 3640 1346 3703 pro-

122 3721 250 3798 dierunt,
263 3731 421 3801 antequam
438 3737 497 3784 usu
510 3731 663 3801 receptum
675 3727 757 3784 esset
770 3720 959 3796 seductiones
972 3719 1152 3801 scriptorum
1165 3721 1346 3786 ecclesiasti-

122 3841 222 3888 corum
250 3821 391 3903 appellari
420 3820 612 3884 bibliothecas
635 3832 778 3902 potrum,
811 3839 868 3901 qua
889 3819 1084 3900 appellatione
1104 3821 1287 3901 llargarinus
1310 3823 1346 3886 de

123 3923 145 3989 la
167 3925 273 4004 bigne,
295 3922 392 3984 editor
414 3921 528 4002 pmmae
548 3921 748 3988 Bibliothecae
769 3931 886 4002 patrum
907 3921 1085 3984 Parisiensis
1107 3940 1134 3984 a.
1160 3925 1253 3988 1575.
1281 3925 1346 4004 pri-

123 4041 187 4087 nus
210 4042 285 4086 nsus
313 4031 374 4086 est:
407 4021 516 4102 partim
548 4021 672 4086 minoris
702 4031 773 4086 sunt
798 4022 885 4084 molis
914 4020 959 4083 rel
986 4022 1168 4086 recentiores
1195 4024 1349 4088 continent

124 4125 297 4206 scriptores,
320 4141 410 4202 quarn
432 4132 467 4185 ut
488 4122 675 4204 splendidum
697 4123 769 4186 illrrd
790 4140 899 4186 nomen
921 4122 1029 4184 mereri
1051 4123 1217 4202 potuerint:
1239 4125 1347 4206 partim

121 4225 155 4286 sd
176 4225 360 4304 singularem
382 4223 529 4304 quendam
552 4241 639 4287 usum
662 4223 825 4288 destinatae
847 4230 876 4285 et
896 4222 1133 4286 accommodatae
1156 4231 1238 4298 sunt,
1259 4243 1348 4306 quem

121 4325 251 4390 editores
273 4333 446 4388 statuerunt
473 4325 504 4386 iu
532 4325 629 4386 ironte
656 4324 845 4388 indicandum
874 4341 949 4386 esse.
993 4323 1076 4386 Unus
1098 4323 1261 4388 llocslerus
1283 4323 1348 4387 col·

120 4423 277 4490 lectionem
300 4425 488 4506 ampliorem,
517 4425 553 4487 de
581 4444 637 4505 qua
668 4425 893 4500 iniudicatum
920 4423 1133 4490 bibliothecam
1151 4435 1278 4508 potrum
1292 4424 1348 4492 ¹in·

120 4527 251 4608 scripsit
273 4546 332 4590 uec
354 4535 454 4590 tamen
477 4525 650 4608 simpliciter
673 4527 869 4607 dogmaticam
890 4525 1061 4590 nominavit.
