3226 5280
490 365 636 410 sererent
650 365 688 410 ns
702 365 846 412 securis
859 365 1005 410 simmaa
1021 365 1140 410 smum.
1391 352 1435 417 dd

171 515 288 588 „ridit‚
320 513 488 578 diabolica
511 533 585 578 sane
606 523 670 589 εει,
696 532 756 578 non
785 525 883 578 autem
912 535 1048 580 rarorum
1070 517 1181 580 Christi
1203 515 1430 598 discipulorum,
1440 533 1518 582 raet.

168 615 243 692 „vel
267 633 408 690 eorum,
446 615 558 696 quibus
580 616 742 680 Salvatoris
765 615 920 698 disciplina
941 617 1048 698 placet
1091 617 1130 679 ili
1153 617 1232 680 enim
1254 619 1433 682 Trinitatem

167 717 324 797 „quidem
348 735 424 780 non
449 717 589 797 ignorant
609 718 640 779 in
662 717 760 782 divina
781 718 934 798 Scriptura
955 718 1137 798 praedicari,
1160 725 1220 780 tres
1241 727 1340 782 autem
1361 737 1432 784 cese

165 817 280 894 „ileos
302 803 383 880 'nec
414 819 452 880 in
478 826 579 880 vetere
604 837 661 881 neo
687 819 718 880 in
745 837 824 881 novo
853 819 1047 880 Testamento
1078 817 1192 879 doceri.
1240 819 1306 880 Non
1332 821 1431 884 minue

166 917 292 992 „etiarn
316 917 368 980 illi
395 919 538 999 culpandi
560 929 640 994 sunt,
663 920 714 999 qui
728 919 836 981 Filium
852 937 929 999 opus
952 937 1024 980 esse
1046 917 1217 980 existimant
1231 926 1262 980 et
1273 918 1432 985 [lominum

165 1020 314 1095 ‚metum
341 1039 423 1082 esse
445 1021 594 1094 sentiunt,
622 1021 708 1100 qusai
729 1020 869 1084 videlieet
889 1037 983 1082 unum
1005 1029 1089 1082 esset
1110 1039 1146 1082 ex
1168 1021 1233 1094 his,
1267 1038 1343 1098 quae
1364 1039 1433 1084 rere

165 1122 278 1196 „tacta
302 1129 402 1194 sunt,
426 1139 493 1183 cum
517 1121 614 1184 divina
637 1121 791 1201 Scriptura
812 1121 896 1184 illum
917 1121 1050 1202 genitum
1073 1139 1160 1196 esse,
1182 1129 1216 1184 ιιι
1237 1120 1335 1182 eidem
1357 1135 1517 1184 con-rma

29 1285 37 1298 ,
164 1222 285 1295 „venit
310 1222 533 1302 congruitque,
557 1240 619 1283 non
641 1231 740 1284 autem
761 1223 920 1284 formatum
943 1231 973 1285 ει
993 1223 1101 1284 iactum
1117 1241 1184 1284 esse
1197 1229 1335 1286 testetrrr.
1367 1221 1435 1286 Non

165 1323 278 1396 „ieris
306 1322 428 1402 igitur,
451 1324 505 1386 sed
527 1341 642 1385 summa
665 1331 713 1386 eet
732 1323 887 1404 impietas,
909 1323 1068 1386 Dominum
1090 1323 1301 1403 aliquomodo
1323 1341 1433 1388 manu·

165 1425 325 1498 „lactum
351 1424 467 1486 dicere.
511 1423 585 1486 Nam
614 1425 641 1485 si
670 1423 765 1486 iactus
794 1432 841 1487 est
867 1424 977 1498 Filius,
1008 1425 1064 1487 luit
1090 1424 1247 1504 aliquando
1275 1443 1343 1488 cum
1370 1442 1433 1488 non

166 1535 312 1602 „essct3
339 1525 428 1604 atqui
449 1525 506 1587 luit
527 1545 657 1606 semper,
680 1525 707 1587 si
728 1525 829 1606 utique
851 1525 944 1590 sitin
966 1525 1063 1598 Patre,
1087 1534 1120 1587 ut
1141 1525 1208 1606 ipse
1229 1526 1379 1600 declarat,
1402 1533 1433 1590 ει

166 1629 228 1702 „si
254 1627 413 1690 Christus
442 1627 541 1706 ipsum
570 1626 610 1690 sit
637 1625 783 1700 Verbum,
810 1627 955 1708 sapienlia
984 1636 1014 1689 et
1034 1627 1139 1689 virtus.
1182 1627 1264 1690 llaec
1284 1627 1431 1708 siquidem

168 1729 378 1804 „Christum
400 1745 468 1790 esse
490 1728 606 1790 divinae
628 1729 732 1792 literae
754 1729 881 1804 docent,
903 1737 937 1790 ut
956 1729 1041 1792 robis
1063 1737 1145 1791 certe
1167 1745 1229 1789 non
1251 1728 1336 1804 latet3
1358 1729 1432 1792 haec

169 1839 320 1906 „autem
347 1827 451 1892 eadem
473 1829 599 1890 virtutes
619 1829 674 1892 Dei
696 1838 782 1906 sont3
810 1847 845 1892 ae
865 1830 991 1909 proinde
1012 1831 1039 1892 ai
1061 1832 1156 1892 laotos
1180 1837 1227 1891 est
1246 1828 1356 1901 Filius,
1377 1829 1432 1890 iuit

171 1950 288 2012 „ergo
317 1929 487 2010 aliquando,
512 1947 579 1992 cum
601 1930 676 1992 haec
696 1949 758 1992 non
779 1940 890 1996 essent
935 1932 1030 2012 igitur
1051 1939 1169 2011 tempus
1189 1930 1257 2005 luit,
1280 1947 1347 1991 mm
1368 1927 1433 1992 sine

171 2032 260 2107 „his
289 2039 379 2094 esset
399 2030 496 2103 Deus:
527 2031 606 2111 quod
632 2031 851 2112 perabsurdum
880 2041 937 2094 est.
982 2031 1042 2094 Sed
1070 2031 1140 2112 quid
1166 2030 1302 2111 pluribus
1325 2029 1363 2090 de
1384 2028 1432 2092 his

172 2172 197 2206 ,,
205 2133 302 2213 apud
328 2151 382 2194 vos
414 2131 580 2208 disseram,
612 2133 694 2196 viros
717 2133 832 2214 Spiritu
859 2133 984 2213 plenos,
1016 2132 1125 2214 quibus
1152 2131 1254 2212 utique
1280 2130 1432 2212 explorata

176 2279 200 2308 ,,
210 2240 307 2306 sunt,
330 2251 404 2312 quae
424 2234 554 2297 absurda
576 2243 744 2316 sequuntur
761 2234 931 2296 exitiorum
947 2234 1106 2308 sententia,
1128 2233 1179 2314 qui
1193 2232 1300 2294 Filium
1322 2232 1431 2294 taetram

179 2351 295 2408 „esse
316 2336 514 2410 contendunt,
547 2336 583 2396 ad
611 2355 687 2416 quae
716 2354 789 2398 sane
818 2355 880 2398 non
903 2333 1067 2397 attendisse
1088 2334 1162 2397 mihi
1184 2333 1320 2396 ridentur
1340 2331 1429 2395 liuius

183 2433 375 2513 „opinionis
397 2435 499 2509 duces,
521 2444 610 2516 atque
632 2435 743 2498 idcireo
767 2455 783 2498 a
805 2435 930 2498 veritate
951 2453 1079 2516 prorsus
1101 2434 1268 2509 alienasse,
1294 2433 1345 2514 qui
1368 2432 1430 2494 sci·

185 2534 294 2608 „licet
314 2545 417 2608 contra
437 2543 569 2598 mentem
591 2535 708 2597 divinae
729 2544 760 2597 et
779 2536 975 2618 propinatione
988 2535 1158 2615 Scripturae
1177 2535 1252 2597 hace
1272 2532 1362 2594 rerba
1377 2549 1431 2594 sx-

190 2631 351 2708 „plicsntt
374 2633 523 2696 Dominus
547 2639 663 2696 creavit
683 2653 728 2698 me
746 2641 933 2717 priuctpium
954 2641 1078 2700 vinnm
1098 2654 1237 2698 morem
1266 2630 1432 2704 Noomin,

159 2797 163 2803 ,
199 2739 265 2800 „ut
285 2731 387 2803 scitis,
410 2749 469 2792 una
491 2743 536 2793 est
558 2733 732 2810 significatio
754 2735 834 2796 verbi
857 2741 984 2799 creauit.
1026 2736 1100 2798 Nam
1121 2735 1181 2797 hoc
1203 2734 1234 2794 in
1255 2732 1324 2794 loco
1346 2747 1434 2792 eren-

203 2834 278 2904 „vit
299 2829 379 2890 idem
400 2838 448 2890 est
469 2849 503 2892 ac
523 2831 666 2910 praefecit
686 2833 825 2912 operibus
847 2835 968 2914 abipso
990 2835 1086 2912 lactis,
1107 2834 1206 2906 iactis,
1228 2832 1361 2910 inquam,
1381 2847 1436 2912 per

200 2929 330 3011 „ipsum
351 2929 470 2992 Filium.
513 2930 580 2992 lloc
600 2938 699 2992 autem
719 2933 840 2992 verbum
864 2938 979 2996 creauit
1000 2934 1049 2996 hio
1069 2931 1293 3011 intelligendum
1315 2938 1436 2993 nonest

198 3049 285 3112 „pro
305 3032 399 3111 fecit:
422 3029 571 3110 siquidem
593 3031 693 3094 lacere
715 3039 745 3092 et
766 3049 868 3092 creare
889 3031 967 3093 inter
989 3051 1023 3094 se
1041 3033 1192 3093 differunt.
1229 3029 1433 3108 ilinolloyaes

197 3133 254 3208 „in
277 3151 386 3213 magno
407 3131 636 3194 [deuteronomii
664 3132 795 3194 carmine
823 3131 879 3194 ait:
911 3131 1062 3212 Numquid
1089 3149 1152 3193 non
1179 3133 1244 3210 ipre
1272 3140 1317 3194 est
1340 3141 1432 3210 puter

196 3245 305 3310 „tuuc
329 3237 383 3316 qui
398 3233 540 3314 possedit
561 3243 591 3297 ιε
613 3243 643 3296 ει
662 3234 738 3313 fecit
760 3245 790 3297 ιε
812 3245 841 3296 ει
865 3234 982 3294 creavit
1003 3227 1056 3294 te?
1097 3231 1147 3293 Sic
1168 3229 1254 3292 etiam
1268 3229 1335 3294 illos
1350 3241 1429 3295 recte

196 3335 291 3415 „quis
314 3333 415 3414 possit
435 3353 613 3415 coarguere:
649 3334 675 3397 0
697 3331 879 3413 praecipites
908 3331 1115 3412 temerariique
1136 3331 1289 3406 homines,
1318 3350 1430 3411 erpone

196 3435 299 3508 „lacta
320 3453 371 3495 res
394 3443 440 3496 est
460 3435 680 3514 primogenitus
690 3433 800 3520 ‘omnia
822 3441 992 3508 menturae,
1025 3433 1132 3513 quiex
1154 3442 1239 3496 utero
1261 3441 1329 3495 ante
1351 3433 1429 3496 luci-

197 3537 321 3609 „terum
343 3535 462 3615 genitus
485 3533 542 3610 est,
565 3535 616 3614 qui
638 3543 671 3597 ut
692 3535 842 3614 Sapientia
863 3533 950 3596 dicit:
979 3535 1055 3598 Δειε
1076 3553 1178 3598 omues
1202 3533 1294 3598 colles
1314 3552 1362 3596 me
1381 3537 1430 3614 pi-

197 3634 313 3714 „qm'tl
355 3635 489 3715 lienique
510 3635 681 3716 scripturae
702 3635 818 3698 divinae
840 3627 942 3698 miultis
964 3635 994 3697 in
1024 3633 1100 3698 loeis
1128 3633 1262 3714 genitum
1290 3651 1359 3694 eum
1380 3632 1429 3694 di·

197 3743 310 3810 „cunt,
331 3753 478 3815 nusquam
499 3755 570 3798 vero
592 3739 719 3810 lactum
747 3735 913 3815 exquibus
935 3743 1038 3814 aperte
1060 3733 1276 3796 convineuntur
1298 3731 1371 3793 lalsa
1392 3728 1431 3792 de

198 3834 341 3908 „Domini
363 3837 557 3915 generatione
579 3837 695 3918 opinari
717 3836 759 3910 hi,
782 3835 833 3914 qui
855 3835 985 3897 divinam
1007 3834 1072 3895 eius
1093 3840 1182 3910 atque
1196 3830 1431 3912 inexplicabilem

199 3935 449 4013 „generationem
475 3936 634 3997 lectionem
661 3935 772 3996 audent
791 3934 900 3996 dicere.
944 3933 1047 4011 ltaque
1070 3929 1250 3993 admirabilis
1272 3931 1432 4014 divinequq

198 4034 325 4110 „unitas
346 4036 376 4098 in
400 4041 462 4098 tres
485 4034 652 4096 divinitates
674 4051 735 4094 non
758 4041 806 4094 est
827 4031 1002 4112 separanda,
1024 4047 1120 4110 neque
1138 4030 1272 4094 iectionis
1286 4027 1430 4092 vocabulo

234 4235 255 4270 c
274 4219 315 4270 Sic
338 4221 395 4284 neg.
421 4228 447 4271 ut
464 4229 488 4272 ει
505 4220 578 4284 eripit
595 4233 691 4270 sanem.
727 4216 789 4266 ilditi
841 4216 984 4268 parisiensis
1008 4207 1078 4272 ἄνει.
1115 4217 1227 4269 Ceterum
1252 4205 1287 4263 ἂν
1304 4204 1431 4289 tattaeus

198 4293 223 4336 et
241 4285 282 4336 alii
299 4279 324 4336 ti
341 4280 382 4336 di.
842 4285 881 4334 hie
902 4285 1022 4345 significet
1046 4299 1075 4334 ao
1098 4273 1171 4332 ἄντί.
1208 4283 1260 4332 Mox
1284 4271 1433 4354 tuo-arim

841 4351 906 4416 quod
924 4350 993 4401 abest
1010 4351 1041 4401 ab
1058 4350 1096 4399 ed.
1107 4348 1226 4400 Commel.
1243 4352 1432 4397 restituimuset

842 4433 902 4468 rnre.
920 4417 977 4478 cea.
995 4425 1020 4467 et
1038 4417 1112 4466 essu.
1135 4415 1246 4478 ιιιεεεει
1264 4421 1346 4460 ιεεειιι
1365 4409 1432 4471 tege·

843 4491 900 4536 runt
916 4483 1026 4533 Nunnius
1044 4491 1069 4532 et
1085 4480 1196 4530 imbros.
1215 4473 1326 4530 esunt.

235 4569 257 4606 ε.
276 4553 318 4606 Sic
341 4567 401 4606 roes.
426 4561 450 4608 ει
472 4556 511 4608 ad.
535 4555 654 4608 coronel.
688 4553 718 4607 n
735 4553 793 4606 edit.
878 4551 896 4602 t.
914 4549 972 4613 tter.
990 4556 1015 4602 ει
1030 4547 1105 4602 Βιιίι.
1122 4539 1219 4609 predi·
1294 4636 1302 4654 ἱ

233 4386 259 4437 d.
276 4387 318 4437 Sic
335 4388 391 4449 lies.
427 4387 471 4438 liii
490 4402 546 4439 reru
565 4395 589 4438 et
607 4386 664 4438 editi
678 4386 792 4436 omittunt

198 4446 307 4513 ταύτης.
342 4453 395 4504 ldox
413 4453 470 4518 fleg.
488 4469 533 4520 pro
551 4445 569 4513 ἥ
586 4453 660 4505 habet
675 4438 702 4521 ᾖ.
