3094 5318
450 351 595 397 errarent
609 353 647 396 rr.
662 353 699 396 ao
715 353 910 398 ssearrossu.
1220 333 1281 404 809

26 501 225 566 Domino
248 505 324 568 lacta
345 505 471 578 luerent,
492 503 624 568 aiebant:
647 504 728 570 Haec
749 507 842 570 cerdo
855 524 917 568 usu
937 517 1009 570 suot
1024 508 1212 570 democritum
1227 507 1359 570 bas-eru

26 611 145 680 ratis3
193 608 350 688 numquid
377 607 564 670 domomum
587 615 689 688 potest
711 625 868 670 coecorum
890 607 992 670 oculos
1014 605 1161 689 operire?
1201 607 1281 669 Pha-

26 709 109 768 saei
147 716 289 782 autem,
319 708 464 789 quilegie
486 709 659 790 peritissimi
680 709 873 789 putabantur,
900 709 950 788 qui
972 709 1102 772 fimbrias
1124 709 1284 772 dilatabant

30 847 34 858 ·
57 809 316 890 gloriabantur
337 811 421 891 quasi
442 810 509 891 plus
531 811 639 891 aliquid
661 811 786 874 caeteris
808 811 928 886 scirent,
951 829 989 873 ne
1010 811 1189 908 ita'quidem
1211 829 1282 873 eru·

25 931 132 988 rem,
167 913 240 976 sed
264 921 297 975 ut
316 914 459 994 scripturn
482 920 543 988 est,
566 913 767 1000 Immolodout
787 913 890 976 miseri
913 912 1067 977 doemonio
1090 924 1119 976 et
1134 912 1282 985 uoulleo,

25 1025 181 1078 scentes
212 1015 375 1078 Dominum
401 1015 511 1078 habore
538 1015 725 1078 daemonium
748 1024 778 1078 et
799 1001 852 1078 Dei
882 1033 971 1096 opera
998 1015 1174 1078 daemonum
1203 1032 1283 1077 esse.

25 1127 40 1180 t
70 1119 158 1180 hoc
188 1117 280 1180 nulla
301 1118 356 1180 alia
377 1118 414 1180 de
436 1137 540 1190 causa,
570 1136 657 1197 quam
686 1125 718 1180 ul
739 1128 886 1200 negarent,
902 1117 995 1180 Deum
1017 1135 1086 1180 esse
1107 1103 1137 1178 et
1157 1115 1210 1178 nai
1231 1114 1283 1177 Fi·

28 1241 98 1284 um
139 1220 212 1301 qui
242 1220 316 1283 haee
341 1229 449 1302 ageret.
499 1221 530 1282 Si
559 1221 638 1283 enim
667 1221 811 1284 comestio
841 1219 1015 1300 speciesque
1049 1218 1183 1299 corporis
1216 1235 1284 1278 eum

24 1323 125 1384 tiam
154 1317 326 1386 homine'm
347 1341 417 1386 esso
438 1323 619 1398 declarabat,
641 1341 732 1403 quare
753 1341 817 1384 non
836 1341 871 1384 ex
894 1321 1034 1401 operibus
1055 1319 1284 1400 perspiciebant,

24 1443 142 1505 psum
171 1424 215 1486 in
236 1425 326 1488 Patre
348 1445 416 1488 esse
439 1434 467 1488 et
488 1426 606 1488 Patrem
627 1425 658 1487 in
679 1423 771 1506 ipso?
813 1424 900 1504 alqui
921 1424 951 1485 id
973 1423 1113 1486 uolebant
1132 1421 1194 1492 illi,
1222 1421 1283 1483 imo

24 1527 142 1590 »otius
173 1527 284 1607 ipsum
305 1527 509 1590 beelzebulem
530 1527 677 1590 habebant
698 1528 729 1590 in
757 1545 790 1589 se
812 1526 997 1606 loquentem,
1026 1534 1058 1587 ut
1084 1543 1121 1587 ex
1146 1523 1283 1586 humanis

24 1649 106 1690 eum
135 1629 310 1692 bominem
332 1630 472 1692 duntaxat
493 1639 646 1702 vocarent,
676 1648 711 1692 ex
733 1629 875 1709 operibus
897 1637 1011 1698 summ,
1039 1645 1114 1706 quae
1135 1625 1188 1688 bei
1210 1643 1283 1706 pro·

23 1733 100 1811 pria
130 1739 252 1804 erant,
285 1749 346 1792 non
365 1723 477 1792 'itidem
505 1729 587 1793 illum
615 1750 683 1794 esse
704 1731 797 1794 Deum
826 1731 1052 1803 confiterentur,
1083 1728 1136 1790 sed
1163 1745 1218 1808 pro
1248 1745 1284 1788 eo

23 1833 269 1896 Beelzebulem
290 1832 322 1894 io
343 1831 453 1914 seipsis
474 1832 653 1896 habitantem
675 1833 768 1896 Deum
790 1834 930 1906 lacerent,
953 1840 986 1894 ut
1008 1850 1073 1894 cum
1094 1829 1143 1892 illo
1166 1827 1285 1920 tandem

23 1944 219 1998 aeternum
240 1933 308 2016 igne
329 1935 539 1998 cruciarentur.

137 2142 199 2204 19.
248 2138 326 2212 Quin
349 2139 462 2218 etipsa
483 2139 619 2204 lectionis
642 2139 808 2202 obseruatio
830 2139 957 2202 ridetur.
971 2137 1044 2215 mibi
1072 2136 1159 2200 talem
1188 2153 1284 2215 quau-

34 2243 115 2304 dsm
142 2241 332 2304 sententiam
354 2241 494 2303 exhibere
515 2249 544 2302 et
564 2241 705 2316 iudicare,
728 2248 881 2321 utramque
896 2238 1108 2321 blasphemiam
1130 2235 1166 2300 ad
1188 2236 1286 2316 ipsum

34 2345 248 2424 pertingere,
278 2343 366 2406 etde
388 2343 489 2424 seipso
512 2343 593 2405 illum
616 2343 726 2405 dixisse
749 2341 845 2406 Filius
868 2344 996 2407 bominis
1020 2349 1049 2403 et
1070 2341 1224 2420 Spiritus,
1253 2345 1286 2398 ut

42 2445 167 2508 exilio
195 2464 272 2525 quae
293 2463 401 2525 corpus
424 2463 512 2507 suum
535 2451 711 2524 spectarent,
735 2463 770 2505 ex
792 2445 898 2525 spiritu
919 2463 989 2506 rero
1005 2439 1187 2522 spiritualem
1201 2433 1297 2500 snam'

44 2555 79 2607 et
102 2544 330 2623 intelligibilem
357 2547 604 2625 verissimamque
630 2545 812 2608 divinitatem
844 2546 1014 2609 declararet.
1065 2541 1216 2620 Siquidem
1244 2539 1285 2614 id,

49 2647 91 2706 de
116 2663 182 2723 quo
207 2647 292 2708 venia
314 2646 442 2708 obtineri
464 2655 580 2728 potest,
614 2647 651 2708 ad
671 2646 776 2710 Filium
799 2647 928 2710 hominis
950 2643 1066 2718 retulit,
1088 2651 1122 2704 ut
1143 2659 1287 2722 corporea

50 2765 111 2808 sua
135 2745 331 2824 signiticaret,
353 2747 566 2830 blasphemiam
588 2757 685 2810 autem
709 2769 769 2812 nou
791 2746 996 2812 remittendam
1011 2746 1048 2807 ad
1064 2743 1200 2824 spiritum
1214 2761 1286 2823 per-

54 2849 181 2927 tingere
206 2846 376 2924 declararit,
406 2863 437 2912 ιιι
464 2851 532 2912 dum
561 2850 597 2920 ad
626 2851 821 2912 dilierentiam
845 2848 892 2915 sui
914 2847 1049 2927 corporis
1071 2846 1144 2907 haec
1165 2844 1285 2915 diceret,

54 2969 147 3012 suam
170 2947 354 3012 divinitatem
376 2952 633 3014 commonstraret.
676 2953 759 3013 llauo
780 2957 878 3012 aulem
898 2948 1039 3028 loquendi
1058 2949 1184 3010 lormam
1199 2948 1371 3021 etiampm,

57 3053 89 3113 in
113 3051 278 3130 Evangelio
301 3053 462 3114 secundom
485 3054 624 3114 loannem
647 3050 848 3143 animadverti,
871 3050 920 3113 ubi
943 3051 979 3112 de
994 3051 1129 3131 eorporis
1145 3069 1199 3114 esu
1220 3051 1285 3112 dis-

60 3171 171 3216 serens
196 3169 230 3213 ao
250 3160 407 3232 propterea
429 3155 537 3216 multos
561 3153 773 3216 scandalizatos
795 3151 897 3214 videns
919 3151 1130 3218 aitllominus:
1153 3152 1217 3216 Hor
1232 3171 1286 3216 uos

62 3251 289 3318 scandalizor?-
324 3253 360 3316 Sa·
385 3273 456 3334 erpo
479 3257 616 3318 videritis
638 3254 748 3318 Filium
770 3255 897 3317 domabis
920 3255 1127 3317 ascendentem
1147 3257 1202 3318 udi
1220 3265 1289 3346 erpi

61 3353 179 3438 prius?
215 3354 349 3435 Spiritus
373 3368 427 3428 est,
451 3357 653 3438 puivr'oificot,
678 3373 751 3418 coro
766 3375 828 3418 uon
839 3357 967 3436 prodest
981 3357 1149 3438 quidquam.
1182 3356 1286 3430 Verbo,

64 3478 140 3541 quoe
162 3473 214 3538 epo
238 3455 357 3519 locutus
380 3477 448 3520 sum
468 3459 569 3529 codis,
599 3461 727 3538 spiritus
756 3468 785 3520 at
812 3462 875 3519 olto
903 3466 985 3519 suut.
1029 3457 1102 3520 Nam
1129 3458 1178 3520 hio
1199 3459 1287 3521 etism

65 3569 223 3640 utrumque
244 3557 281 3619 de
303 3577 335 3620 se
359 3558 440 3632 dixit,
464 3577 581 3620 monem
603 3566 634 3620 et
655 3558 801 3638 spiritum,
826 3568 855 3620 et
875 3557 1010 3639 spiritum
1028 3577 1045 3629 a
1067 3578 1154 3622 carne
1176 3559 1285 3624 distin

63 3656 123 3736 ¹xit,
152 3669 185 3722 ut
205 3678 264 3722 nou
287 3659 384 3721 solum
406 3660 483 3740 quod
513 3669 651 3741 apparet,
681 3661 733 3722 sed
761 3660 849 3723 etiam
879 3660 958 3740 quod
986 3659 1132 3723 invisibile
1155 3662 1218 3724 eius
1241 3669 1288 3724 est

72 3763 221 3825 eredentes
244 3759 405 3834 discerent,
435 3781 485 3836 ea,
515 3782 588 3841 quae
611 3763 676 3840 ipse
698 3762 883 3841 loqueretur,
913 3781 974 3824 uon
996 3781 1062 3824 esse
1084 3762 1211 3825 ceradis
1233 3764 1286 3826 sed

106 3901 352 3964 annularentur
370 3906 442 3976 πυρὶ.
478 3914 568 3974 anglic.
588 3905 651 3961 aior·
736 3927 757 3974 g.
776 3913 817 3962 Sic
835 3913 891 3973 Bag.
911 3922 934 3962 et
951 3913 1050 3975 Segosa.
1083 3914 1153 3965 Gobl.
1172 3924 1288 3968 aeternat

76 3977 133 4033 ulos
149 3977 185 4043 τῷ
202 3973 275 4042 πυρί.
701 3981 806 4029 Felclrm.
821 3980 843 4028 l.
859 3979 995 4043 θεωρεῖτε.
1033 3981 1084 4030 llox
1103 3972 1288 4046 ἀναβαίνοντα

111 4051 132 4098 d.
150 4048 174 4096 ln
193 4047 288 4098 Gobler.
308 4045 443 4096 etlelclxm.
457 4047 477 4097 l.
497 4059 558 4094 arro
576 4047 651 4098 deest.
702 4049 770 4097 deest
794 4049 817 4096 iu
837 4047 893 4108 lies.
917 4051 1016 4110 Seguer.
1036 4049 1133 4100 Goblar.
1158 4060 1182 4102 et
1203 4053 1289 4104 l’elell·

78 4118 146 4166 lidem
170 4129 222 4164 mox
239 4103 513 4180 duperipordocxbr
531 4107 652 4180 φθάνειν
702 4117 783 4165 manni
805 4114 826 4163 l.

82 4185 165 4234 omisso
182 4173 224 4236 cic.
260 4182 310 4232 llos
330 4183 415 4243 Regius
433 4191 457 4231 et
474 4185 572 4245 Seguer.
590 4177 652 4249 napi
686 4215 691 4220 -
736 4185 760 4234 b.
779 4183 854 4232 lidem
873 4177 942 4250 σὰρξ
957 4178 1004 4232 καὶ
1019 4183 1133 4251 πνεῦμα.

81 4243 166 4301 αὐτοῦ.
199 4249 258 4326 lbid.
277 4250 652 4330 ii‘demfnmljoblermlleloll-
736 4252 752 4330 i²
772 4251 828 4314 lieu.
849 4261 873 4302 et
890 4253 989 4315 Segosa.
1006 4247 1152 4322 perideum.
1196 4256 1288 4308 Ibidem
1392 4244 1398 4254 '

82 4321 155 4370 manni
174 4318 193 4368 l.
217 4331 247 4365 ro
271 4317 496 4384 urorurdponrrou
514 4327 587 4370 recte.
626 4319 652 4370 ln
704 4331 749 4368 και
768 4319 836 4370 deest
853 4321 876 4372 ln
895 4322 992 4373 Gobler.
1018 4330 1042 4372 et
1059 4323 1200 4375 l'elclun.l.
1237 4325 1290 4376 lloo

86 4389 172 4439 Gobter.
197 4394 219 4437 et
244 4383 350 4438 Felelm.
371 4387 392 4437 l.
415 4385 465 4434 τοῦ
488 4388 575 4452 legitor
599 4397 654 4439 anta
705 4389 760 4438 loeo
778 4389 908 4441 abutantur
926 4391 1083 4452 lletcrodoxi,
1108 4393 1147 4457 qui
1172 4407 1200 4442 ax
1216 4393 1289 4446 altha·

87 4447 229 4522 ἀνθρώπων.
707 4457 767 4507 nasu
791 4458 870 4508 uerbis
894 4459 978 4508 confici
1005 4470 1127 4524 puguant,
1154 4459 1248 4524 Corpus
1267 4469 1290 4510 et

117 4539 135 4571 a.
152 4525 201 4588 iter.
218 4525 317 4586 Segner.
336 4529 359 4572 et
377 4522 481 4576 l'elclrn.
492 4525 516 4575 2.
535 4517 631 4586 ἀληθῆ.
707 4525 852 4587 Sanguinem
870 4527 959 4577 Christi
977 4542 1025 4578 nou
1044 4530 1139 4592 reipsa,
1158 4529 1201 4577 sed
1219 4531 1290 4594 spiri-

118 4589 134 4642 l.
149 4593 183 4643 Sic
197 4592 252 4655 iles.
271 4599 294 4642 et
311 4593 410 4656 Seruer.
447 4593 508 4645 Editi
526 4589 632 4653 reiron.
707 4595 800 4646 tuottur
817 4601 907 4646 tantum
926 4595 949 4646 in
961 4595 1115 4648 Sacramauto
1127 4595 1217 4648 baberi.
1241 4594 1290 4652 Sed
