3226 5280
246 371 288 435 88
640 381 666 424 8.
682 381 839 426 ΔΤΙΔΜΒΙΙ
854 382 1079 428 mmmmm

157 535 302 616 εαυτῆς
323 525 446 607 οόσίσς,
469 525 546 593 οὔτε
565 524 667 593 ’κατὰ
688 520 873 612 ἀποτομήν,
896 521 967 594 ἀλλ’
993 523 1071 596 οόδλ
1084 526 1169 596 κατά
1182 553 1216 596 τι
1230 527 1350 609 πάθος
1363 524 1385 618 ἢ
1400 553 1481 616 τρο-

244 630 311 717 πὴν
334 624 354 716 ῆ
377 623 557 694 ἀλλόιιοσιν
578 629 635 713 τῆς
656 629 715 693 τοῦ
738 627 868 715 πατρὸς
882 623 1001 708 οάσίας
1015 631 1120 697 τεκαὶ
1136 628 1325 714 δυνάμεως·
1348 629 1478 698 τούτων

244 731 305 818 γάρ
339 728 474 796 πάντων
509 724 683 813 ἀλλοτρίαν
717 722 803 794 ελναι
833 727 893 816 τῆν
924 723 1102 816 1’ἀγένητον
1122 732 1182 797 τοῦ
1203 729 1335 816 πατρὸς
1356 729 1478 820 φύσιν·

140 839 146 845 ’
245 828 495 916 παραστατικὸν
519 831 555 896 δέ
577 824 663 896 εέναι
682 827 721 894 τὸ
744 823 924 912 όμοοόσιον
939 833 987 916 τῷ
1002 836 1117 916 πατρί,
1141 830 1180 896 τό
1193 819 1358 919 μηδεμίαν
1374 831 1480 920 ἐμφέ-

157 951 338 1018 ν.τιι.ρειαν
360 929 445 1016 πρὸς
466 929 510 996 τὰ
529 928 647 1018 γενητὰ
667 935 831 1013 κτίσματα
851 926 909 997 τὸν
931 929 1004 998 υἱόν
1025 934 1084 996 τοῦ
1106 934 1191 998 θεοῦ
1213 936 1354 1020 εφέρειν,
1384 931 1479 1020 μόνῳ

248 1035 285 1101 δὲ
311 1036 358 1119 τῷ
390 1033 495 1116 πατρὶ
521 1033 567 1117 τῷ
590 1029 793 1117 γεγεννηκότι
813 1028 898 1098 κατὰ
918 1031 1030 1098 πάντα
1050 1030 1178 1117 τρόπον
1199 1027 1479 1120 ἐάφομοιιΐισθαι,

247 1136 303 1200 καὶ
331 1132 375 1218 μῆ
403 1126 489 1200 εἶναι
517 1131 552 1210 ἐξ
573 1131 685 1216 ἑτέρας
705 1128 797 1210 τινὸς
817 1125 1036 1210 ἀποστάσειός
1056 1156 1093 1198 τε
1113 1134 1168 1198 καλ
1191 1126 1322 1213 οάσίας,
1348 1128 1418 1200 ἀλλ’
1444 1134 1481 1202 ἐκ

248 1237 308 1302 τοῦ
336 1232 480 1318 πατρός·
510 1222 537 1319 ᾦ
559 1235 613 1300 καὶ
635 1226 724 1318 αὐτῷ
746 1234 864 1299 τοῦτον
887 1232 1122 1318 ἑρμηνευθέντι
1141 1230 1199 1298 τὸν
1221 1231 1348 1316 τρόπον
1369 1235 1482 1314 καλῶς

250 1334 335 1419 ἔχειν
357 1333 460 1422 ἐφάνη
483 1338 791 1419 ὀυγοιαταθέσθαν
815 1331 889 1399 ἐπεὶ
911 1334 965 1399 καλ
987 1335 1054 1399 τῶν
1068 1333 1222 1400 παλαιῶν
1236 1358 1330 1412 τινας
1344 1334 1479 1420 λογίους

158 1497 162 1508 .
248 1437 304 1503 καλ
316 1435 493 1523 ἐπιφανεῖς
505 1431 710 1512 ἐπισκόπους
720 1435 774 1499 καί
787 1443 987 1521 συγγραφεῖς
997 1433 1139 1518 ἔγνωμεν
1150 1431 1207 1500 ἐπὶ
1218 1436 1479 1522 τῆςτοῦττατρός

248 1539 304 1604 καὶ
326 1536 399 1603 υἱοῦ
421 1536 599 1620 θεολογίας
620 1537 667 1620 τῷ
689 1537 748 1600 τυό
771 1529 951 1619 όμυουσίου
972 1536 983 1574 ¹
989 1537 1269 1620 συγχρησαμένους
1284 1530 1431 1618 ὀνόματι.

336 1643 366 1706 8.
414 1640 526 1702 Ταῦτα
546 1637 606 1720 μὲν
628 1624 707 1702 ὀὖν
729 1639 806 1721 περί
828 1637 887 1720 τῆς
909 1633 1098 1722 ἐντιθείσης
1120 1632 1268 1723 εἰρήσθω
1283 1626 1477 1723 πίστεως,ᾗ

250 1737 528 1825 ουνεφιονῆσαμεν
550 1737 582 1802 οί
604 1735 736 1815 πάντες,
761 1731 819 1801 οόκ
841 1729 1072 1814 ἀνεξετάστως,
1096 1729 1181 1802 ἀλλὰ
1202 1735 1285 1802 κατὰ
1306 1735 1367 1815 τὰς
1388 1730 1477 1804 ἀπο-

251 1839 413 1916 δοθείσας
441 1839 592 1916 διανοίας
613 1833 664 1902 ἐπ’
689 1831 790 1902 αὐτοῦ
812 1838 871 1902 τοῦ
892 1834 1160 1923 θεοφιλεστάτου
1181 1836 1344 1920 βασιλέως
1366 1836 1478 1916 ἐξετα-

251 1945 394 2024 σθςίσας
425 1941 499 2004 ι’καὶ
531 1948 605 2017 τοῖς
633 1938 815 2023 εἰρημένοις
842 1939 1016 2021 λογισμοῖς
1044 1938 1378 2022 συνομολογηθείσας.
1422 1936 1480 2005 καὶ

225 2125 228 2130 ¹
250 2038 309 2106 τόν
331 2033 604 2123 ἀναθεματισμόν
626 2039 661 2106 δὲ
684 2037 742 2105 τὸν
762 2037 846 2123 μετὰ
867 2036 925 2124 τῆν
947 2044 1063 2104 πίστιν
1077 2037 1165 2123 πρὸς
1180 2033 1287 2105 αὐτῶν
1302 2037 1479 2106 ἐκτεθέντα

252 2135 386 2204 ῑάλυτον
409 2133 494 2205 εέναι
515 2135 721 2226 ἡγησάμεθα,
746 2138 803 2207 διὰ
823 2137 862 2205 τό
878 2131 1048 2222 ἀπείργειν
1063 2133 1229 2226 ἀγράφοις
1241 2143 1391 2227 χρῆσθαι
1405 2144 1478 2227 φον-

251 2247 334 2317 ναίς,
359 2237 413 2304 διὸ
436 2239 550 2322 σχεδόν
572 2235 591 2324 ῆ
614 2244 709 2308 πάσα
730 2247 839 2326 γέγονε
862 2237 1014 2324 σύγχυσις
1035 2237 1091 2305 καὶ
1113 2233 1341 2306 ἀκαταστασία
1355 2243 1412 2326 τῆς
1427 2239 1479 2308 ἐκ·

252 2339 396 2428 νλησίας.
440 2342 604 2427 μηδεμίας
624 2345 703 2425 γοῦν
724 2338 953 2409 θεοπνεύστου
975 2341 1103 2426 γραφῆς
1117 2342 1165 2424 τῷ
1180 2339 1217 2418 ἐξ
1229 2334 1288 2406 οὖν
1304 2337 1409 2408 όντων
1424 2343 1477 2408 καὶ

251 2443 299 2528 τῷ
327 2429 367 2526 ῆν
395 2465 479 2508 ποτε
508 2436 564 2508 ὅτε
595 2435 653 2508 οὐκ
679 2432 719 2530 ῆν
741 2442 797 2510 καὶ
817 2452 889 2520 τοῖς
911 2439 984 2527 ἑξῆς
1005 2439 1253 2524 ἀντιλεγομέναις
1273 2449 1478 2530 κεχρημένης,
1545 2485 1549 2490 ,
1609 2459 1610 2502 1

253 2536 311 2610 οόκ
334 2539 467 2628 εόλογον
490 2541 594 2630 ἐφάνη
617 2547 722 2610 ταῦτα
744 2544 924 2628 λέγεινκαὶ
947 2539 1122 2619 διδάσκειν,
1146 2530 1173 2626 ᾦ
1195 2540 1251 2606 καὶ
1266 2536 1355 2626 αάτῷ
1370 2543 1481 2621 καλῶς

254 2643 388 2726 δόξαντι
409 2649 640 2728 συνεθέμεθα,
665 2643 738 2710 ἐπεὶ
761 2645 844 2730 μηδὲ
867 2643 900 2710 ἐν
922 2645 968 2728 τῷ
990 2640 1058 2726 πρὸ
1080 2640 1198 2708 τούτου
1218 2639 1325 2728 χρόνῳ
1347 2641 1481 2722 τούτοις

254 2745 445 2831 1ἰἐοόθαμεν
467 2748 675 2831 συγχρῆσθαι
695 2755 768 2823 τοῖς
789 2744 941 2833 ῥήμασιν.

338 2855 369 2916 9.
413 2844 491 2913 ι’λὲτι
521 2845 585 2932 μὴν
617 2848 676 2912 τοῦ
704 2840 1013 2931 ἀναθεματίζεσθαι
1040 2841 1079 2908 τὸ
1106 2841 1175 2928 πρὸ
1200 2844 1258 2908 τοῦ
1280 2847 1490 2931 γεννηθῆναι

253 2943 314 3016 οάκ
342 2939 382 3038 ἦν
415 2943 473 3015 σιἰκ
505 2944 633 3014 ἀτοπον
662 2946 824 3034 ἐνομίσθη
853 2949 900 3033 τῷ
928 2943 1021 3029 παρά
1047 2947 1153 3010 στάσιν
1177 2939 1417 3030 ὁμολογεῖσθαι
1438 2943 1478 3011 τὸ

253 3041 339 3116 εἶναι
360 3049 418 3116 τόν
439 3048 512 3115 υλὸν
534 3051 592 3115 τοῦ
614 3050 698 3114 θεοῦ
721 3047 788 3132 πρὸ
811 3051 868 3136 τῆς
889 3045 972 3114 κατὰ
995 3045 1099 3131 σάρκα
1120 3043 1308 3131 γεννήσεως.

341 3155 388 3215 10.
431 3144 510 3236 Ἠδῆ
534 3152 570 3220 δὲ
592 3146 611 3216 ό
634 3149 897 3236 θεοφιλέστατος
918 3143 1011 3235 ἡμῶν
1031 3144 1187 3232 βασιλεὺς
1207 3149 1253 3232 τῷ
1276 3145 1363 3234 λόγῳ
1385 3171 1480 3213 κατε-

254 3245 388 3324 σκεύαζε
408 3249 462 3311 καλ
484 3250 568 3316 κατὰ
588 3251 646 3337 τὴν
669 3250 786 3316 ἐνθεον
810 3245 910 3316 αότοῦ
931 3255 1057 3334 γένεσιν
1078 3247 1164 3332 111τῆν
1186 3245 1253 3333 πρὸ
1275 3246 1410 3313 πάντων
1426 3247 1480 3328 αἰ-

255 3339 348 3408 ώνιον
371 3337 457 3408 ελναι
478 3342 592 3426 αάτόν,
617 3346 693 3415 ἐπεὶ
714 3351 767 3412 καί
791 3353 871 3434 πρὶν
894 3349 1038 3434 ἐνεργείᾳ
1059 3339 1269 3436 γεννηθῆναι
1282 3345 1419 3431 δυνάμει
1438 3337 1481 3433 ῆν

254 3437 289 3504 ἐν
311 3444 358 3526 τῷ
380 3445 482 3527 πατρὶ
506 3437 696 3530 ἀγεννῆτιος,
721 3442 818 3523 ἀντος
837 3451 896 3512 τοῦ
919 3446 1047 3530 πατρὸς
1070 3444 1121 3516 ἀεὶ
1136 3449 1273 3535 πατρός,
1290 3444 1336 3527 ιός
1349 3445 1404 3514 καὶ
1418 3453 1481 3532 βα-

254 3539 373 3618 σιλέως
400 3534 452 3605 ἀεὶ
475 3550 549 3607 Ικαὶ
579 3549 727 3631 σωτῆρος
750 3539 811 3622 ἀεί,
835 3547 972 3632 δυνάμει
992 3547 1104 3616 πάντα
1127 3548 1238 3630 ἀντος,
1268 3545 1321 3617 ἀεί
1340 3573 1377 3616 τε
1397 3546 1482 3616 κατὰ

252 3636 296 3702 τά
317 3635 401 3704 αάτά
421 3642 475 3706 καὶ
499 3637 652 3720 ὦςαότιος
675 3646 813 3726 λ’χοντος.

262 3775 310 3834 ³n.
329 3760 409 3810 (λείου.
427 3755 504 3823 μετά.
541 3763 592 3812 Mox
617 3765 730 3813 ὃσα-εισι
755 3765 842 3814 omini!
928 3767 942 3813 ί.
961 3765 1083 3815 Τίιεοδοτ.
1101 3761 1204 3816 δεκτόν.
1234 3771 1434 3837 ίίοιδοειειειγ
1453 3756 1481 3830 τ’·

255 3815 309 3870 αλλ’
330 3817 393 3874 οάδέ
409 3821 479 3876 κατά
497 3842 525 3877 τι
542 3823 633 3884 πάθος
650 3822 665 3890 ηΙ
685 3823 799 3897 προσῆν,
820 3840 844 3881 ει
894 3830 999 3878 σασθαι
1022 3847 1067 3893 pro
1087 3833 1224 3900 χρῆσθαι.
1276 3839 1334 3888 Ιιειο
1385 3855 1411 3890 ιο
1435 3783 1481 3886 ἀφ’

253 3892 327 3951 paulo
348 3899 402 3954 ηοει
422 3903 446 3943 οι
465 3905 487 3944 ει
507 3897 586 3946 Golas.
606 3889 818 3949 οάσίαςτεκαί.
894 3897 1015 3947 Τίιεοδοτ.
1035 3908 1058 3947 ει
1077 3903 1156 3951 Gelas.
1183 3905 1272 3954 Ιοιίιεοι
1297 3897 1336 3952 δι’
1357 3921 1397 3960 ας.
1435 3905 1480 3954 So·

288 3957 311 4005 h.
330 3957 460 4018 Τίιεοδοε.,
479 3963 571 4012 Socrui.
588 3971 612 4012 ει
631 3965 710 4014 Galus.
730 3955 843 4026 ἀγέννη·
894 3973 973 4015 ινείοε
994 3965 1053 4014 ibid.
1072 3961 1203 4081 σόγφυσίς
1220 3983 1256 4018 τε.

253 4033 312 4077 τον,
333 4032 355 4072 ει
374 4024 447 4085 paulo
468 4037 522 4087 ηοει
540 4021 665 4089 γεννητά.
929 4033 951 4080 λ.
970 4031 1091 4082 ΤΙιεοίοι.
1110 4029 1262 4100 ειάθειμεν.

287 4105 309 4138 c.
329 4093 399 4138 δοες.
417 4081 573 4168 ἐμφφὶνειν.
729 4149 737 4168 ,
930 4099 945 4144 Ι.
964 4097 1004 4144 Sic
1021 4099 1094 4146 αδίιίο
1107 4101 1306 4159 (Σοτοονείίοὶειιε,
1327 4104 1448 4154 Τίιεοδοι.
1460 4114 1483 4155 ει

287 4157 309 4204 d.
329 4155 451 4204 Τίιεοιίοε
476 4169 583 4220 υμυιον.
622 4157 843 4224 θελοι-ἀφομοι-
894 4162 1015 4212 Gelasius.
1052 4169 1077 4210 ΑΙ
1098 4179 1140 4212 ms.
1163 4166 1219 4224 neg.
1238 4158 1288 4212 ότι.
1329 4169 1388 4218 ibid.
1408 4173 1482 4222 editio

253 4219 362 4270 οόσθαι.
895 4225 1011 4274 Εοαιιοεί.
1038 4241 1082 4285 pro
1105 4222 1163 4292 μῆν
1187 4230 1256 4277 habet
1281 4226 1332 4289 τῆν
1357 4239 1482 4286 mendam»,

289 4306 309 4337 ο.
329 4289 420 4338 Τοιοδ.
445 4285 703 4352 συγκατατίθεσθαι.
894 4288 1013 4338 Τίιεοδοι.
1034 4290 1089 4338 nem
1116 4303 1136 4340 ει
1157 4295 1235 4341 Gelas.
1261 4311 1305 4357 ριο
1326 4298 1374 4344 τοῦ
1393 4303 1482 4352 habent

289 4358 305 4404 ί.
325 4355 405 4407 Golas.
422 4351 621 4420 χρησαμένους.
893 4345 934 4400 τό.
973 4353 1023 4399 Mox
1044 4369 1089 4414 φτο
1109 4356 1147 4420 τῷ
1165 4353 1241 4422 παρά
1260 4369 1321 4422 elta,
1348 4373 1373 4410 οι
1393 4367 1482 4417 habent

290 4439 312 4485 ς.
332 4409 381 4470 οάν
399 4427 468 4474 abest
485 4439 498 4469 ι
517 4423 637 4470 Τίνεοδοτ.
892 4418 965 4466 νδίίίο
985 4419 1112 4481 (ἰάσιμοι,
1130 4425 1250 4474 ΤΙιοοιΙοτ.
1262 4430 1415 4488 ειίῖείοιίοε,
1436 4447 1481 4482 τοι.

289 4492 311 4538 h.
326 4485 372 4538 καὶ
389 4489 447 4542 τοῖς
464 4482 615 4554 εἰρημένοις
623 4484 766 4551 λογισμοῖς
779 4499 840 4536 σον·
892 4489 948 4546 neg.
968 4485 1037 4534 ίιοοει
1058 4481 1089 4535 τό
1108 4485 1184 4556 παρά
1202 4499 1248 4540 ele.
1286 4494 1343 4543 ibid.
1358 4497 1481 4548 Τίιεοιίοι.

203 4555 209 4564 “
252 4552 471 4622 ομολυγηθιίσαε
487 4559 574 4609 desunt
592 4557 656 4621 ιροί
675 4555 754 4604 Gelas.
892 4555 962 4605 habe!
976 4547 1051 4620 παρὰ
1067 4555 1133 4605 πᾶσι
1150 4551 1202 4623 μὲν
1220 4551 1417 4625 ὁμολογεῖσθαι
1435 4557 1481 4614 αά-
