3258 5276
566 365 711 412 oaarror.
727 367 991 415 courmamauos.
1326 358 1402 432 ,259

165 535 232 582 saar
252 533 338 598 pum
358 533 414 578 cos
436 515 646 598 cracifips'ru's.
690 515 771 580 Hace
791 517 834 582 illi
853 517 919 582 loca
946 537 1066 586 sursum
1093 519 1234 588 deornm
1262 533 1483 600 versantu-ot·

167 635 293 700 quorum
321 635 382 680 nou
410 616 541 680 assecuti
564 635 689 680 sensum
714 617 785 680 indo
805 617 858 682 llei
880 619 1011 684 Verbum
1038 630 1169 686 creatum
1197 634 1332 708 etopus
1362 645 1398 692 ac

167 738 256 782 uuam
278 737 315 782 ex
336 718 427 782 rebus
449 719 534 782 lactis
561 737 632 782 essa
653 717 852 792 arbitrantur,
885 727 974 799 atquc
1000 721 1041 782 ita
1069 723 1176 785 stultos
1203 726 1235 787 iu
1262 745 1396 792 errorem

166 821 326 896 inducunt,
355 819 456 899 specie
484 819 604 900 quidem
630 819 721 881 verba
748 838 766 880 c
793 819 888 882 sacris
910 819 1005 882 literis
1027 830 1165 902 excerpta
1185 836 1398 906 proponentes,

167 921 221 984 sad
241 921 309 984 loco
331 939 419 984 veras
448 920 627 994 sententiaa,
661 937 750 1000 quam
778 919 949 994 continent,
981 921 1138 1002 proprium
1167 942 1239 986 auae
1266 925 1399 992 bacrcaia

166 1030 342 1104 spargentes
363 1039 522 1086 vencnum.
564 1021 698 1101 Namque
720 1020 748 1082 si
769 1020 850 1100 quod
870 1019 928 1082 illis
951 1021 1125 1102 scripturae
1150 1023 1226 1088 locis
1249 1025 1399 1105 significa·

167 1131 226 1197 tarr,
247 1122 394 1186 haberant
415 1123 610 1203 exploratum,
633 1121 664 1184 in
684 1121 845 1184 llomiuum
867 1121 978 1201 gloriae
992 1123 1076 1204 impii
1090 1142 1152 1187 nou
1168 1135 1279 1199 essent,
1302 1117 1426 1208 nequc'

167 1243 221 1300 ca,
243 1243 320 1306 quae
340 1233 420 1288 reete
441 1224 551 1305 scripta
573 1232 660 1298 sunt,
682 1241 773 1304 pravo
794 1222 1067 1304 interpretarentur.
1112 1226 1201 1300 Quod
1223 1227 1250 1290 si
1272 1227 1401 1308 Caiphae

167 1343 269 1390 morea
289 1327 386 1406 palam
406 1327 467 1390 iam
489 1322 646 1407 amplexati
667 1324 795 1388 ludaeos
818 1325 1098 1405 aequilaterem,
1127 1327 1167 1390 ita
1194 1337 1228 1390 ut
1259 1329 1401 1410 ignorent

166 1425 249 1506 qnod
272 1427 416 1509 scriptum
439 1435 500 1502 est,
529 1425 670 1488 nimirum
692 1443 761 1487 vere
782 1423 876 1488 Deum
897 1424 929 1488 in
950 1427 1040 1490 terris
1061 1427 1275 1504 habitaturum
1309 1449 1400 1496 voces

164 1527 257 1607 igitur
277 1527 461 1610 apostolicas
489 1526 585 1590 nolint
613 1534 761 1590 excutere.
804 1525 839 1587 ld
861 1525 940 1588 cuim
961 1527 1139 1592 ludaeorum
1160 1548 1222 1592 nou
1244 1541 1300 1596 est.
1344 1531 1397 1596 Sin

164 1637 265 1694 autem
288 1629 431 1692 socictate
452 1628 525 1692 inita
546 1646 614 1690 cum
635 1625 821 1708 impiissimis
843 1626 1032 1704 blauicbacis,
1060 1629 1189 1693 Verbum
1211 1649 1329 1696 carnem
1350 1634 1396 1696 la-

165 1738 249 1794 ctum
271 1747 350 1803 asse,
371 1746 611 1808 corporeumque
632 1729 697 1790 aius
719 1728 877 1790 adveutum
899 1737 1023 1808 negaut;
1043 1729 1132 1793 nobis
1154 1731 1314 1794 Proverbia
1335 1752 1397 1796 non

169 1836 334 1907 opponant.
377 1828 453 1888 Nam
473 1829 532 1890 boc
553 1827 639 1888 etiam
661 1827 789 1890 menum
811 1827 1018 1893 allanicbaeis
1041 1837 1096 1892 est.
1129 1831 1259 1904 Quodsi
1274 1841 1482 1912 propterera.

169 1927 354 2007 dignitatem,
377 1946 464 2007 ᾳιιιιιι
486 1927 631 2001 obtinent,
654 1936 684 1990 ct
704 1927 842 1992 avaritiae
863 1928 988 2004 lacuum,
1010 1929 1090 2010 quod
1105 1947 1142 1992 ex
1163 1949 1198 1994 ea
1220 1931 1329 2005 locere,
1351 1941 1401 1996 aut

168 2030 267 2092 lamae
295 2031 514 2092 conservandae
541 2029 633 2109 gratia
662 2029 832 2110 gloriaeque
860 2027 1019 2110 cupiditate
1047 2029 1169 2096 inficiari
1195 2049 1258 2094 nou
1280 2032 1399 2110 audent,

168 2129 301 2192 Verbum
322 2149 440 2194 caruem
462 2133 570 2196 sactum
591 2149 676 2205 csse,
706 2129 776 2210 quia
797 2129 914 2190 scilicet
935 2126 967 2188 id
988 2129 1130 2208 scriptum
1159 2143 1222 2207 cst3
1252 2134 1297 2195 rel
1325 2153 1397 2217 ergo

167 2231 260 2296 acrba
281 2231 318 2295 olo
339 2231 390 2294 illo
411 2233 521 2313 scripta
543 2231 580 2295 dc
602 2249 744 2313 corporea
766 2227 864 2308 ipsius
879 2224 1042 2290 Salvatoris
1063 2231 1232 2311 praescotia
1253 2243 1333 2298 recte
1347 2236 1396 2300 in-

169 2333 310 2413 telligant,
333 2333 376 2396 vel
398 2334 425 2396 si
446 2334 493 2408 id,
516 2332 597 2415 quud
618 2331 805 2410 significant,
827 2326 920 2388 velint
939 2327 1072 2406 relicere,
1093 2342 1259 2414 pernegant
1278 2353 1397 2417 quoquo

165 2435 326 2498 llcmiuum
347 2437 454 2500 lactum
476 2435 569 2498 luisse
590 2430 754 2492 bominem.
787 2426 877 2490 Valde
900 2428 978 2492 enim
998 2431 1122 2496 dedecet
1135 2433 1263 2496 Verbum
1278 2453 1398 2500 monem

164 2537 273 2600 tactum
296 2555 366 2600 esse
387 2533 537 2606 confiteri,
560 2539 590 2592 et
612 2531 644 2590 in
665 2528 732 2602 bis,
755 2545 828 2607 quac
850 2529 887 2592 de
909 2549 945 2592 ao
967 2533 1077 2612 scripta
1100 2542 1186 2608 suut,
1209 2533 1397 2608 erubescere,

166 2638 205 2699 ub
227 2655 353 2716 eamque
373 2635 523 2696 rationem
545 2631 706 2708 depmraro
726 2629 885 2710 genuinum
908 2631 1079 2714 Scripturas
1101 2652 1235 2698 sensum.

252 2741 306 2800 bl.
350 2735 452 2812 ltaque
474 2730 618 2810 scriptum
640 2738 694 2804 est,
716 2740 798 2794 tanto
819 2735 1070 2812 praestantiorem
1092 2735 1201 2798 lanum
1216 2753 1285 2798 csse
1298 2735 1399 2814 Ange-

166 2835 218 2898 lis.
261 2833 336 2896 Nam
357 2832 388 2892 id
409 2831 540 2912 primum
562 2831 727 2909 expendere
748 2849 873 2895 necessa
894 2840 950 2893 est
993 2833 1134 2896 Ceterum
1155 2833 1215 2908 bic,
1236 2841 1270 2896 ul
1286 2834 1316 2898 in
1331 2853 1399 2896 om-

168 2934 260 2998 uibus
281 2931 348 2994 aliis
370 2931 486 2994 (livinae
509 2931 680 3011 Scripturas
701 2931 775 2993 locis
796 2949 885 3011 agere
913 2933 1068 3004 convenit,
1097 2932 1315 2996 observandum
1343 2942 1400 3011 est,

170 3051 230 3115 qua
252 3031 410 3095 occasione
431 3031 549 3094 locutus
571 3032 612 3096 sit
631 3031 800 3110 Apostolus,
823 3049 900 3113 quae
922 3032 962 3092 sit
982 3047 1123 3111 pareone,
1146 3049 1293 3110 quaeres
1315 3035 1399 3098 cuius

171 3133 264 3214 gratia
287 3132 416 3212 scripsit,
439 3141 574 3196 accurate
596 3141 627 3194 et
648 3131 774 3194 fideliter
796 3131 1007 3194 attendendum
1030 3138 1086 3207 cst,
1108 3151 1148 3196 na
1165 3133 1233 3213 quis
1247 3133 1295 3198 illa
1309 3136 1398 3216 igno-

168 3251 241 3298 rans
263 3241 314 3296 aut
334 3234 413 3298 aliud
432 3241 551 3315 praeter
579 3253 613 3296 ea
635 3232 806 3312 intelligens
834 3249 851 3293 a
880 3249 948 3292 vera
975 3231 1093 3294 aberret
1119 3235 1275 3298 sententia.
1317 3237 1398 3302 llaec

166 3336 304 3417 prolecto
326 3353 386 3396 non
408 3335 563 3415 ignorabat
581 3335 738 3398 studiosus
761 3333 810 3394 ille
831 3331 1002 3408 Eunuchus,
1025 3333 1075 3414 qui
1089 3334 1257 3417 Philippum
1279 3338 1320 3400 ita
1340 3356 1395 3400 ro·

166 3436 268 3518 gabat:
302 3437 433 3501 Obsecro
457 3449 500 3509 tc,
523 3437 559 3499 cla
580 3455 638 3519 poc
661 3434 815 3516 Proplteto
836 3435 908 3497 da'cit
930 3433 999 3508 lroc,
1023 3436 1059 3498 eta
1079 3454 1111 3500 sc
1132 3455 1174 3500 oa
1196 3439 1231 3500 de
1252 3437 1314 3503 olto
1336 3437 1398 3502 oli-

168 3638 233 3685 ano,
250 3631 316 3674 recto
333 3638 430 3688 quoquo
446 3615 592 3690 πρόβὶημα
616 3625 694 3688 ipsam
713 3621 756 3672 de·
805 3622 924 3686 lorlcpro
937 3613 987 3682 εἰῆ
1002 3615 1059 3683 τήν.
1077 3613 1242 3682 Editietaliii'r
1255 3615 1280 3671 al
1291 3614 1397 3682 clorio.

166 3693 263 3753 signare
282 3699 362 3754 potest
385 3691 533 3754 dignitatem.
568 3691 675 3742 Nunnius
693 3691 758 3740 bunc
841 3690 858 3738 l.
883 3689 923 3740 Sic
940 3689 1081 3754 Segncrlaa.
1116 3691 1145 3739 lt
1163 3689 1186 3738 in
1206 3689 1261 3740 aliia
1287 3697 1312 3739 ct
1329 3689 1400 3741 attus

91 3813 96 3820 ,
166 3758 248 3808 lucum
267 3759 300 3808 ita
317 3760 399 3810 vertit:
418 3759 545 3810 Siaoalrra
553 3761 681 3810 molendi
692 3759 756 3808 Glari·
806 3753 860 3821 pt»
876 3757 953 3806 docet.

165 3828 285 3876 cuononi
302 3829 392 3889 prolia,
418 3834 439 3876 et
457 3829 506 3877 eius
525 3829 565 3890 poi
581 3828 637 3876 lade
653 3827 757 3890 prouenit
842 3839 864 3885 g.
883 3823 928 3872 alii
947 3824 994 3872 loci
1013 3835 1079 3871 num.
1099 3819 1142 3870 5³.
1165 3821 1285 3886 propositi
1309 3833 1400 3888 arpan-

167 3900 279 3956 puoeatas
303 3900 324 3942 ct
340 3899 415 3957 [omae
439 3907 511 3944 craso
534 3909 581 3942 occ
604 3895 689 3942 anderu
706 3893 758 3952 iap-
810 3889 899 3938 duntur
918 3887 1071 3950 insequenti
1090 3887 1211 3938 Oratione.

166 3961 229 4009 ciart
246 3968 293 4010 etc.
318 3959 447 4011 Omniboni
458 3961 519 4008 baec
536 3972 632 4021 quoque
651 3964 689 4006 est
705 3971 759 4004 rer·
846 3955 870 4002 b.
888 3953 929 4002 Sic
946 3955 1056 4015 Seguer„
1074 3952 1171 4003 Gobler.
1189 3963 1213 4004 et
1229 3953 1366 4006 relclmaa.
1378 3955 1401 4006 1.

167 4027 222 4078 sto:
240 4029 307 4077 lt-ri
321 4029 438 4092 propositi
455 4028 492 4076 sui
509 4022 761 4088 motioetlucripcoo
812 4029 838 4070 ut
856 4025 880 4068 et
898 4020 959 4069 intra
978 4019 1068 4068 babent
1091 4033 1149 4070 mar.
1175 4029 1199 4072 sl
1215 4021 1282 4074 culti.
1316 4023 1345 4076 bt
1362 4023 1402 4073 bic

168 4093 225 4145 iude
243 4109 312 4145 orare
328 4097 431 4157 satum,
457 4101 477 4143 et
496 4092 613 4156 opiciooia
631 4091 669 4141 rai
686 4091 761 4139 corbi-
812 4085 886 4136 ceteri
905 4093 928 4136 el
946 4086 1003 4136 editi
1021 4079 1054 4134 τὸ
1071 4099 1110 4134 rra
1129 4079 1268 4168 άδειγμα,
1290 4087 1344 4140 Hos
1355 4089 1402 4140 Sa·

167 4163 229 4212 ricae
247 4163 339 4212 etcum
357 4169 403 4212 cac,
812 4167 879 4216 gaer.
899 4160 923 4203 el
939 4153 1030 4216 anglic
1047 4165 1123 4221 napo
1146 4155 1234 4204 ταῦτα
1251 4171 1276 4222 p.
1309 4155 1402 4206 lbidam

205 4243 227 4277 e.
246 4220 498 4285 summotonus}
516 4221 680 4304 γέγραπται.
715 4225 760 4276 Sc·
812 4221 911 4284 Seguer.
930 4230 954 4271 ct
971 4221 1029 4284 lleg.
1046 4235 1067 4270 π
1107 4215 1115 4236 ’
1143 4215 1238 4292 ἕτερόν
1254 4234 1291 4272 τι.
1327 4221 1402 4273 Basll.

171 4309 239 4356 goar.
258 4295 317 4344 ibici.
335 4285 351 4355 ἢ
369 4287 414 4344 καὶ
433 4287 466 4344 τὰ
485 4289 561 4359 burn.
586 4293 639 4342 llos
656 4293 720 4342 idem
738 4299 762 4342 el
812 4295 837 4338 ot
852 4289 975 4352 tngticac.
993 4235 1182 4357 παρ’σὶρτέρυν
1199 4303 1233 4338 rs.
1268 4289 1330 4340 Editi
1347 4289 1403 4340 alii·

168 4361 270 4414 tlobler.
289 4369 313 4412 el
330 4362 436 4412 l'elclrm.
451 4362 473 4412 l.
496 4353 660 4427 ἐνσώμαιον
677 4350 762 4408 obteri
786 4387 790 4392 -
813 4369 859 4421 que
876 4350 952 4421 παρὰ
971 4356 1058 4406 ταῦτα
1076 4347 1092 4417 ἢ
1109 4353 1155 4406 καὶ
1172 4349 1267 4424 ἕτερόν
1284 4367 1320 4404 τι.

169 4422 328 4494 παρουσίαν
344 4427 394 4478 τοῦ
411 4426 543 4494 σωτῆρος.
579 4429 670 4479 ibidem
688 4427 762 4478 tluen
846 4425 862 4473 i.
880 4423 921 4475 Sic
938 4425 1080 4487 Seguntiae.
1099 4426 1192 4484 eodm,
1217 4431 1243 4474 ιιι
1260 4431 1285 4474 ot
1301 4421 1404 4472 babetur

168 4503 195 4546 ot
212 4497 270 4558 ileg.
294 4510 323 4548 ac
341 4497 414 4548 basil.
438 4504 462 4548 et
478 4497 601 4576 anglicap.
625 4484 685 4555 ἢεΙ
701 4485 760 4554 τήν.
812 4489 894 4542 letor.
911 4505 965 4568 cgp-
974 4491 999 4542 8.
1016 4505 1078 4544 rora.
1089 4489 1129 4542 34.
1164 4488 1317 4544 uoluenti!
1332 4487 1406 4542 omil-

168 4561 279 4614 ratum.
291 4563 315 4615 b.
334 4561 473 4632 σωτῆρος,
492 4575 532 4623 era
551 4575 616 4625 rur3
634 4561 761 4624 mendose,
813 4565 868 4612 tant
886 4569 976 4608 rouro.

1150 4634 1204 4686 1¹1·
