3226 5308
556 398 666 442 enarro
682 398 724 441 m.
741 399 856 442 consae
871 399 1007 443 tauros.
1316 389 1378 456 593

149 549 230 630 quod
252 555 299 610 est
320 555 440 627 praeter
461 557 601 622 mentem,
624 547 670 610 sic
691 547 897 610 deliberationi
921 549 1068 610 antecellit
1083 560 1112 612 et
1126 553 1221 630 praeit
1235 553 1275 625 id,
1298 555 1464 634 quodnam

148 671 186 714 ex
207 659 312 712 natura
335 657 389 710 est.
435 648 536 727 ltaque
559 650 680 710 domum
702 649 828 728 quisque
851 649 1020 710 deliberans
1043 650 1185 724 aedilicet,
1209 651 1263 713 sed
1286 654 1378 716 lilium

148 769 185 814 ex
206 758 311 812 natura
334 749 443 828 gignit3
467 749 545 810 unde
567 749 597 809 id
620 749 749 827 quidem,
773 749 853 828 quod
875 750 1025 811 voluntate
1048 751 1228 825 aedificatur,
1250 754 1379 816 lier'rin-

150 853 231 934 oipa't,
254 861 342 932 atque
365 851 484 913 aliunde
506 867 594 930 quam
617 850 654 911 ab
676 849 836 912 architecto
860 857 917 924 ost,
940 851 1069 912 attilius
1091 853 1231 932 proprius
1255 864 1303 916 est
1322 873 1379 917 na-

149 963 233 1016 turae
261 953 355 1034 patris
383 954 477 1034 letus,
508 969 607 1031 neque
636 951 754 1014 aliunde
773 968 860 1030 quam
883 951 920 1012 ab
942 951 1010 1031 ipso
1032 961 1093 1026 est3
1124 963 1304 1033 quapropter
1324 975 1380 1019 nec

150 1055 187 1116 do
216 1054 268 1116 illo
296 1051 458 1126 deliberat,
486 1071 525 1114 ne
554 1052 643 1114 etiam
670 1052 707 1113 de
735 1071 770 1114 se
796 1052 863 1131 ipse
885 1051 1050 1114 deliberare
1072 1052 1215 1116 videatur.
1261 1055 1378 1128 Quanto

150 1156 241 1236 igitur
261 1153 340 1216 lilius
361 1171 395 1215 re
417 1160 516 1214 creata
540 1153 679 1232 superior
708 1161 771 1227 est,
799 1160 883 1216 tanto
912 1153 1002 1215 etiam
1030 1153 1076 1228 id,
1104 1156 1184 1234 quod
1212 1175 1248 1216 ex
1275 1166 1380 1220 natura
1418 1183 1426 1200 ·

151 1263 209 1330 est,
232 1255 277 1316 rei
298 1254 339 1315 illi
360 1261 510 1332 praestat,
540 1273 616 1334 quae
639 1262 685 1316 est
707 1273 743 1316 ex
765 1254 924 1318 voluntate.
970 1253 1056 1318 Certe
1078 1273 1204 1334 aequum
1226 1265 1304 1328 erat,
1325 1277 1380 1320 eos

151 1357 200 1418 bis
222 1355 329 1418 auditis
351 1355 391 1428 id,
414 1355 494 1434 quod
516 1374 553 1416 ex
574 1362 681 1418 natura
704 1363 760 1430 est,
783 1355 926 1417 voluntati
949 1375 1010 1417 non
1032 1356 1213 1418 adscribere.
1249 1358 1292 1419 llli
1308 1377 1379 1421 vero

152 1457 245 1531 obliti,
268 1473 437 1518 sermonem
459 1455 508 1516 bic
531 1475 600 1518 esse
622 1457 660 1518 de
682 1455 757 1518 Filio
779 1455 843 1530 llei,
866 1457 1010 1520 humanas
1030 1458 1249 1538 oppositiones,
1271 1477 1380 1521 necee-

151 1560 269 1621 sitatem
299 1557 412 1618 scilicet
440 1565 470 1618 ct
498 1558 577 1636 quod
606 1565 726 1636 praeter
747 1565 878 1620 mentem
902 1567 963 1632 est,
991 1559 1023 1618 in
1045 1559 1139 1620 lleum
1160 1559 1319 1634 inducunt,
1349 1569 1382 1623 ut

148 1661 286 1722 videlicet
317 1677 421 1720 renim
449 1657 502 1718 Dei
531 1657 636 1719 Filium
669 1677 737 1720 esse
766 1657 944 1748 inficientur.
996 1659 1176 1738 Ceteroquin
1204 1659 1293 1722 nobis
1322 1661 1382 1740 ipsi

148 1759 368 1842 respondeant:
397 1757 491 1818 Deum
513 1757 626 1820 bonum
649 1766 679 1819 et
700 1757 926 1820 misericordem
949 1777 1019 1822 esse
1042 1777 1111 1821 uum
1135 1761 1192 1839 ipsi
1215 1779 1249 1822 ex
1272 1761 1391 1823 rolun·.

148 1869 210 1924 tate
239 1867 287 1922 est
313 1857 361 1919 rel
389 1874 451 1918 uon
481 1877 516 1919 ex
537 1857 714 1920 voluntate?
758 1859 790 1920 Si
813 1877 849 1920 ex
870 1860 1037 1942 voluptate,
1066 1879 1138 1939 ergo
1162 1861 1259 1940 coepit
1280 1861 1378 1924 bonus

150 1981 236 2035 esse,
252 1959 384 2038 flerique
405 1966 507 2038 potest
529 1967 561 2019 ut
582 1959 680 2022 bonus
701 1977 764 2022 non
786 1959 849 2022 siti
894 1961 1046 2041 Siquidem
1069 1961 1250 2023 deliberandi
1274 1969 1304 2022 et
1325 1961 1380 2022 eli-

151 2061 241 2145 gendi
271 2061 393 2124 incultas
416 2069 572 2142 utramque
593 2061 625 2122 in
646 2069 760 2140 partem
779 2061 987 2141 propendendi
1009 2063 1069 2124 dm
1091 2063 1180 2123 babet
1201 2069 1308 2142 estque
1329 2081 1379 2123 ra-

148 2163 270 2228 tionelis
298 2171 422 2224 naturae
451 2163 577 2224 allectio.
622 2161 710 2236 'Quod
739 2162 782 2236 oi,
812 2163 880 2243 quia
910 2164 938 2225 id
968 2164 1130 2226 absurdum
1153 2164 1208 2238 sit,
1236 2165 1295 2225 dici
1318 2181 1380 2225 aon

148 2271 252 2348 potest
271 2263 351 2326 Deus
381 2282 418 2325 ex
446 2263 598 2325 voluntate
630 2263 804 2326 misericors
828 2271 858 2325 et
878 2263 978 2326 bonus
1001 2283 1085 2338 esse,
1108 2265 1230 2326 audiant
1251 2265 1320 2343 quid
1343 2281 1380 2325 ex

16 2362 31 2390 ⁰
148 2367 286 2448 ipsorum
307 2364 407 2427 verbis
430 2373 588 2446 sequatur:
611 2365 691 2445 Ergo
712 2365 894 2427 necessitate
917 2373 948 2427 et
969 2365 1075 2428 nolem
1097 2366 1267 2427 bonusest
1305 2361 1380 2435 Quis

147 2468 240 2548 igitur
260 2467 473 2528 necessitatem
494 2465 556 2528 Deo
579 2464 746 2545 imposuit?
790 2466 878 2539 Quod
902 2467 929 2528 si
950 2467 1165 2547 perabsurdum
1182 2471 1229 2526 est
1243 2463 1381 2524 necessi-

148 2575 241 2628 tatem
268 2565 330 2627 lieo
358 2567 539 2642 attribuere,
574 2568 762 2648 proindeque
797 2567 939 2630 dicendus
967 2577 1015 2631 est
1042 2575 1147 2629 natura
1175 2583 1245 2626 esse
1270 2565 1381 2639 bonus,

150 2667 245 2728 multo
280 2665 374 2744 magis
403 2675 433 2727 et
460 2668 560 2730 serius
588 2663 752 2732 latendum
767 2677 829 2744 est,
859 2678 964 2731 natura
992 2687 1051 2730 non
1081 2666 1232 2728 voluntate
1264 2673 1380 2744 patrem

150 2765 220 2828 Filii
242 2783 322 2828 esse.
1320 2823 1332 2844 ,

238 2869 290 2932 63.
333 2865 368 2927 ld
394 2873 547 2944 praeterea
579 2867 667 2932 nobis
693 2871 781 2932 velim
810 2871 977 2934 edisserant
1004 2871 1084 2942 (nam
1107 2867 1142 2929 ad
1165 2867 1283 2928 illorum
1306 2877 1380 2928 oon=

151 2967 337 3043 tundendam
360 2965 574 3045 impudentiam
598 2989 650 3032 eos
673 2961 780 3033 rursus
803 2971 901 3051 placet
921 2967 1127 3048 interrogare,
1149 2967 1288 3030 audacius
1311 2965 1379 3046 qui·

150 3070 231 3142 dem,
254 3068 310 3129 sed
332 3075 431 3128 tamen
454 3069 581 3131 tuendae
601 3072 668 3150 piae
690 3071 759 3132 fidei
782 3070 891 3150 gratim
912 3079 944 3132 tu
960 3080 1068 3144 autem,
1090 3069 1227 3141 Domino,
1249 3068 1323 3130 mibi
1338 3067 1381 3129 sis

152 3187 264 3250 quaeso
293 3168 472 3248 propitius):
500 3169 576 3232 Num
598 3171 686 3233 Pater
713 3172 797 3251 prius
819 3171 1008 3245 deliberarit,
1037 3170 1144 3232 deinde
1165 3176 1271 3248 postea
1293 3185 1382 3246 quom

150 3265 308 3333 voluit'ita
332 3270 442 3344 existit,
465 3271 512 3332 vel
535 3289 606 3334 num
630 3279 788 3352 antequam
811 3270 1013 3333 deliberaret?
1055 3271 1113 3332 Par
1135 3277 1182 3332 est
1204 3271 1293 3341 euim,
1317 3285 1380 3343 eos,

151 3371 201 3452 qui
224 3371 292 3433 talia
315 3371 352 3432 de
373 3369 449 3433 Filio
471 3390 532 3433 non
555 3372 691 3434 dubitant
713 3371 829 3447 dicere,
852 3373 953 3434 eadem
977 3373 1014 3434 de
1035 3372 1123 3434 Patre
1145 3370 1256 3444 audire,
1279 3378 1311 3431 ut
1332 3370 1381 3430 in-

151 3472 293 3551 telligant,
317 3489 351 3533 se
373 3490 427 3542 sua
449 3471 505 3538 bac
525 3471 693 3534 temeritate
714 3473 814 3552 ipsum
837 3491 956 3552 quoque
971 3474 1088 3535 Pauem
1104 3473 1259 3552 impetere.
1293 3469 1382 3543 Quod
1412 3471 1415 3476 “

150 3573 180 3634 si
213 3573 289 3634 banc
321 3591 405 3635 suam
436 3573 473 3634 de
502 3575 655 3636 voluntate
683 3575 862 3637 sententiam
888 3593 1077 3655 propugnare
1100 3575 1159 3654 ipsi
1181 3572 1380 3634 deliberantes

151 3681 182 3736 et
211 3683 376 3736 stutuentcs
398 3673 517 3736 Patrem
543 3693 586 3736 ex·
600 3675 751 3738 voluntate
774 3677 925 3740 exstitisse
948 3675 1175 3757 responderint,
1199 3666 1269 3753 quid
1291 3671 1382 3748 igitur

153 3782 218 3836 erat
246 3783 401 3853 antequam
432 3774 625 3850 deliberaret,
658 3777 703 3838 rel
732 3777 804 3856 quid
828 3778 955 3858 amplius
977 3777 1095 3848 habuit,
1127 3775 1172 3836 uti
1193 3791 1248 3833 vos
1270 3771 1465 3845 dicitis,n.on.

153 3927 206 3976 llox
226 3927 297 3976 iidem
311 3933 334 3975 et
345 3927 402 3984 Rea.
412 3925 435 3976 2.
447 3919 543 3990 τὸγὰρ
554 3919 742 3988 βουλεύεσθαι.
828 3929 910 3977 uste
928 3941 987 3975 mss.
1006 3941 1099 3975 ornnes.
1136 3925 1196 3973 Editi
1221 3937 1276 3972 vero
1294 3915 1381 3988 duciq-

152 3995 232 4046 Coterl
251 4000 275 4043 et
292 3994 349 4041 editi
367 3986 399 4039 τὸ
417 3985 471 4057 γὰρ
490 3989 645 4055 βούλεσθαι.
789 4007 860 4058 χειν.
895 3993 987 4043 ibidem
1007 3995 1063 4054 tlt-q.
1084 3993 1105 4040 l.
1124 3993 1223 4046 sepner.
1242 3993 1338 4040 Gobter.
1358 3997 1383 4040 et

187 4063 268 4125 ebio
287 4061 343 4121 aeg.
362 4059 383 4108 l.
413 4069 436 4108 et
459 4063 558 4116 Sentiet:
594 4061 637 4108 dlii
662 4068 745 4109 auteur
795 4061 901 4110 Felctm.
923 4061 945 4109 l.
964 4053 1017 4125 πρὸ
1037 4058 1086 4107 τοῦ
1102 4050 1286 4122 perluceret.
1324 4059 1381 4119 lleg.

152 4137 176 4178 et
201 4128 258 4178 editi
282 4121 315 4173 τὸ
341 4118 433 4179 naidas
456 4125 547 4174 τοῦτο.
587 4127 661 4176 l’uulo
685 4136 743 4189 post
797 4128 818 4176 l.
838 4135 861 4176 et
880 4129 980 4188 Sequor.
998 4129 1053 4176 item
1073 4128 1159 4176 ibidem
1174 4119 1229 4190 χρὴ
1247 4119 1302 4192 γὰρ
1320 4117 1383 4188 περὶ

152 4197 210 4260 lteq.
232 4197 252 4244 Ι.
279 4204 303 4244 et
326 4185 627 4256 Sequenrlaeodrorccr.
663 4183 759 4244 Coterl'
793 4192 850 4242 τοῦ.
889 4196 948 4245 ltem
973 4196 1072 4244 Gobler.
1091 4195 1236 4244 etFelclm.
1256 4192 1383 4242 hibidem

151 4273 176 4314 et
195 4264 251 4314 editi
271 4253 477 4312 ἀκουσάτωσαν.
793 4259 899 4329 τολμᾷν
917 4255 1024 4318 αὐτούς.

187 4332 210 4381 b.
229 4332 286 4392 lteq.
303 4331 324 4381 1.
342 4339 366 4380 ot
383 4333 482 4394 Sequer.
501 4321 613 4379 ἄτοπον.
649 4331 695 4380 llil
720 4337 744 4380 et
829 4333 844 4379 l.
864 4333 903 4381 Sic
923 4332 976 4391 aeg.
1000 4331 1021 4381 l.
1040 4331 1179 4392 euSequer.
1216 4329 1244 4377 lt
1262 4323 1382 4401 iterius}

153 4399 211 4448 ertu
228 4389 337 4462 ἄλογον.
794 4398 867 4447 nean
900 4401 998 4450 uenter.
1029 4399 1132 4448 serram.
1155 4397 1176 4446 t.
1196 4404 1217 4474 q
1237 4396 1259 4444 s.
1284 4387 1313 4468 ‘f'
1335 4401 1385 4468 ου]

186 4467 201 4516 i.
222 4467 319 4516 Gobter.
338 4474 361 4515 et
374 4466 512 4517 Frlclm.l.
533 4457 618 4519 adroic
631 4458 683 4514 ἐπ’
703 4477 744 4514 ειν
794 4460 848 4531 πρὸ
866 4465 923 4516 τοῦ.
959 4469 1002 4517 aui
1027 4477 1049 4516 et
1074 4466 1129 4514 editt
1155 4455 1185 4511 τί
1200 4477 1234 4521 ην
1249 4471 1304 4524 προ
1323 4469 1381 4502 roo.
1499 4461 1504 4476 ·

151 4526 292 4598 βούλομαι.
330 4533 385 4596 lteq.
399 4535 419 4584 l.
439 4545 462 4583 et
480 4535 579 4590 sepner.
598 4479 743 4585 ἰωὰοῖα·
795 4535 886 4582 ibidem
906 4536 962 4595 Res.
977 4536 998 4584 1.
1017 4525 1348 4596 Segetloblenetllelolm.
1361 4521 1383 4568 l·

150 4600 257 4665 γαγιῖν.
291 4601 335 4649 tut
354 4609 378 4651 et
395 4603 452 4652 editi
469 4595 589 4667 ἐπάγειν.
793 4595 978 4666 βουλεύσηται.

190 4685 317 4729 erasnm
330 4697 382 4733 oar.
394 4699 465 4733 nour.
480 4699 529 4732 arc.
1148 4679 1182 4730 3⁸
