3226 5308
585 375 694 420 ornato
710 377 754 421 nr.
769 377 885 424 eonrm
900 378 1036 427 munos.
1349 361 1412 438 5'49

185 531 365 606 potestatem
386 523 528 588 adversus
551 525 712 589 daemones
734 539 998 608 consequerentur,
1021 531 1053 594 in
1074 533 1250 598 moderere
1275 547 1500 618 tanquamenro.

185 626 378 706 corruptione
410 625 526 688 liberati
558 635 703 706 perpetuo
737 645 862 708 regnare
894 632 1023 709 possint
1073 632 1107 694 ld
1139 635 1218 698 enim
1250 639 1414 716 generatim

186 727 342 792 edendum
363 735 419 802 ost,
442 727 516 793 nihil
538 745 652 800 eornm,
674 745 750 807 quae
771 729 923 807 accepisse
944 729 1025 804 dicit,
1047 733 1133 811 quasi
1155 753 1189 796 ea
1209 755 1272 798 non
1292 738 1416 804 haberet

186 827 348 908 accepisse,
371 847 440 893 nam
462 827 590 892 Verbum
613 835 738 907 utpote
761 827 840 890 Deos
863 829 912 892 itte
935 847 1055 910 semper
1076 830 1188 894 habuit.
1231 836 1341 899 Verum
1361 857 1413 902 ee·

186 930 317 992 cundum
338 930 495 994 humanam
523 936 658 992 naturam
687 929 839 1008 accepisse
868 947 947 992 nunc
974 929 1097 1004 dicitur,
1131 939 1165 992 ut
1185 951 1273 996 carne
1294 936 1325 998 in
1346 938 1412 1016 ipso
1453 985 1458 996 .

186 1029 350 1110 accipiente
372 1029 441 1094 inde
462 1029 493 1093 in
516 1028 604 1092 nobis
627 1047 702 1108 quae
724 1029 791 1092 dete
812 1036 883 1092 sunt
903 1037 1076 1093 constanter
1089 1043 1308 1110 permanerent.
1341 1036 1415 1102 Nam

187 1139 218 1194 et
245 1131 331 1206 iilud,
364 1131 444 1211 quod
473 1151 490 1194 a
519 1131 607 1192 Petro
640 1130 750 1193 dictum
779 1138 839 1192 est:
880 1131 943 1204 Qasr·
969 1135 1085 1214 nemost
1107 1151 1126 1194 o
1147 1133 1212 1196 Deo
1233 1133 1364 1214 gloriosa
1386 1145 1415 1202 et

187 1231 350 1303 horrorem,
383 1233 525 1296 subiectis
554 1234 617 1314 ipsi
641 1230 777 1310 Angelis,
809 1230 915 1294 eodem
948 1231 1039 1294 modo
1067 1239 1115 1294 est
1148 1232 1413 1320 interpretandum.

188 1333 445 1406 Quemadmodum
473 1331 554 1395 enim
583 1339 616 1394 ut
641 1332 733 1394 homo
767 1331 989 1404 sciscitabatur,
1018 1339 1050 1394 et
1076 1332 1220 1396 Lazarum
1243 1344 1275 1397 ut
1295 1335 1415 1400 Densa

186 1435 315 1497 mortuis
343 1433 503 1507 excitabat,
537 1434 576 1496 ita
604 1433 677 1495 haec
707 1451 765 1494 ror
786 1437 902 1514 accepit
924 1431 962 1494 de
982 1434 1111 1496 humana
1131 1442 1236 1498 natura
1258 1436 1335 1500 dicta
1357 1447 1414 1512 est,

186 1535 364 1616 Angelorum
387 1543 484 1598 sutem
507 1533 651 1596 subiectio
674 1533 762 1596 Verbi
784 1533 973 1618 diuinitatemv
991 1533 1183 1598 demonstrat.

273 1641 325 1700 tt.
369 1635 502 1698 Tandem
524 1653 595 1714 ergo
617 1635 771 1715 quiescite,
795 1654 813 1698 n
835 1634 899 1696 Deo
921 1634 1019 1710 invisi,
1041 1635 1229 1716 Verbumgue
1250 1638 1417 1720 deprimere

112 1737 118 1746 “
186 1736 327 1810 desinite,
349 1755 425 1798 nere
447 1737 511 1798 eius
533 1735 724 1809 divinitatem,
747 1755 822 1816 quae
844 1736 948 1798 eadent
969 1736 1134 1811 cstPstris,
1150 1736 1286 1800 adimere
1307 1737 1416 1814 vetitis,

188 1845 313 1918 utpote
334 1855 422 1917 quem
444 1836 626 1917 indigentem
654 1855 724 1898 esse
751 1845 781 1898 et
808 1837 995 1916 ignorantem
1027 1837 1218 1911 existimatis,
1251 1857 1290 1901 ne
1315 1847 1445 1902 vesun·

187 1940 356 2002 commenta
378 1945 410 2002 ut
432 1937 502 2000 olim
525 1937 625 2000 iudaei
647 1937 762 2018 lapides
784 1938 815 2000 in
838 1937 989 2018 Christum
1010 1939 1133 2001 iacietis.
1176 1938 1238 2000 Nec
1258 1940 1337 2002 enim
1358 1942 1418 2004 isto

187 2040 225 2102 ad
253 2040 382 2104 Verbum
413 2047 560 2120 quatenus
589 2038 718 2102 Verbum
752 2047 802 2102 est
832 2039 997 2120 pertinent,
1029 2039 1083 2102 sed
1115 2039 1269 2104 hominum
1296 2041 1417 2120 propria

185 2150 269 2204 sunt.
297 2141 456 2205 Enimvero
480 2139 729 2221 quemadmodum
752 2139 802 2201 iilo
827 2147 1024 2218 conspuente,
1047 2157 1166 2204 manum
1189 2141 1365 2206 extendente
1387 2147 1419 2202 et

113 2313 122 2334 ,
188 2241 332 2306 Lazarum
354 2251 477 2305 vocante
498 2242 563 2321 ipsa
588 2241 743 2312 miracuta,
774 2239 893 2302 ameni
919 2250 1107 2321 percorpus
1130 2241 1248 2315 herent,
1272 2259 1335 2304 non
1352 2241 1416 2304 ho-

186 2343 289 2430 minis,
311 2343 365 2406 sed
385 2343 439 2406 Dei
461 2359 530 2406 esse
553 2340 697 2415 dicimus,
720 2341 760 2401 ita
782 2357 849 2402 cum
871 2341 998 2403 humana
1019 2339 1050 2402 in
1072 2340 1232 2421 Evangelio
1254 2341 1291 2404 de
1313 2341 1416 2403 Satro-

187 2433 254 2506 tore
271 2453 440 2517 narrantur,
462 2442 606 2505 dehemus
622 2442 658 2502 ad
676 2448 809 2503 naturam
824 2459 939 2515 eorum,
962 2459 1038 2522 quac
1058 2443 1240 2512 referuntur,
1262 2440 1504 2510 attenderernu.

188 2543 432 2622 perspicereque,
460 2544 535 2605 haec
563 2541 615 2602 [tei
645 2539 739 2603 atiena
766 2559 852 2615 esse,
879 2559 936 2604 nec
961 2541 1089 2622 proinde
1111 2541 1176 2604 eius
1198 2541 1340 2606 diuinitati
1363 2541 1418 2604 sed

192 2641 365 2704 humanitati
388 2659 457 2704 esse
478 2641 676 2704 attribuenda.
713 2642 786 2704 Nam
808 2642 867 2704 etsi
890 2641 1018 2706 Verbum
1040 2659 1109 2705 carn
1133 2644 1241 2704 iactum
1264 2649 1320 2716 cet,
1342 2661 1417 2722 prn-

190 2741 273 2822 priae
295 2741 486 2805 nihilominus
507 2752 579 2804 sunt
602 2743 700 2804 carnis
723 2743 907 2816 affectiones,
930 2753 961 2806 ct
980 2741 1125 2815 vicissim,
1147 2743 1281 2822 quamvis
1302 2741 1418 2806 caro'in

189 2832 292 2906 Verbo
311 2843 409 2904 divine
431 2850 574 2922 gestatur,
597 2843 689 2922 gratia
713 2852 810 2907 tamen
827 2843 863 2906 'et
884 2843 980 2906 virtus
1002 2843 1092 2904 Verbi
1115 2852 1170 2904 est.
1206 2844 1305 2923 itaque
1319 2841 1417 2905 Patris

187 2962 281 3025 opero
303 2961 359 3026 per
380 2961 497 3006 curnem
520 2943 680 3018 efficiebat,
703 2944 756 3006 sed
779 2943 974 3006 nihilominus
997 2943 1095 3004 carnis
1117 2943 1291 3006 affectiones
1314 2943 1350 3004 in'
1366 2941 1419 3004 itte

189 3045 423 3116 exhibebantur,
446 3052 479 3106 ut
499 3063 566 3106 cum
588 3045 756 3107 sciscitatus
779 3049 844 3116 eet,
875 3042 1068 3104 ethaeorum
1091 3041 1126 3103 ad
1149 3042 1239 3106 dmm
1260 3041 1419 3114 revocavit,

189 3163 257 3208 cunr
279 3147 349 3208 item
372 3152 497 3208 matrem
520 3145 568 3207 his
591 3145 690 3207 rerhis
712 3143 889 3222 increparit:
912 3141 1054 3204 Nondum
1068 3146 1148 3205 oenr't
1164 3144 1252 3216 born,
1275 3151 1305 3205 et
1320 3151 1419 3204 tamen

188 3245 331 3309 continuo
360 3263 465 3326 equam
492 3247 524 3308 iu
553 3247 651 3308 riounr
683 3242 837 3306 convertit.
882 3241 1034 3323 Siquidem
1064 3259 1153 3304 verus
1174 3242 1253 3306 Deus
1275 3244 1305 3305 in
1328 3259 1419 3306 carne

187 3355 219 3408 et
240 3366 307 3410 vera
329 3366 398 3410 caro
429 3347 550 3411 eratin
581 3345 689 3410 Verbo.
731 3344 846 3409 Idcirco
874 3363 910 3406 ex
940 3343 1081 3425 operibus
1110 3343 1229 3424 quidem
1254 3361 1289 3406 se
1310 3343 1419 3406 Filium

187 3447 241 3512 liei
263 3466 410 3528 suumque
431 3447 605 3512 ostendebat
623 3448 751 3522 Patrem,
774 3447 828 3510 sod
851 3465 887 3510 ex
909 3447 1007 3510 cornis
1030 3444 1237 3510 affectionibus
1259 3461 1293 3506 se
1315 3461 1418 3506 rerum

186 3565 296 3628 corpus
318 3549 428 3612 hahere
449 3537 579 3629 illudque
600 3550 756 3628 proprium
779 3549 826 3614 sui
849 3567 917 3612 esse
940 3547 1095 3629 probabat.

223 3836 247 3886 b.
266 3833 403 3893 sichaei.
416 3833 515 3894 Segner.
526 3832 596 3884 nont.
608 3832 777 3892 ethelstani.
863 3833 881 3884 t.
898 3823 965 3878 crta
982 3827 1049 3878 deod
1067 3829 1145 3880 deletu
1163 3835 1220 3878 runt
1237 3827 1261 3876 in
1278 3825 1352 3876 itasit.

188 3903 234 3953 ttii
260 3909 285 3950 et
308 3901 381 3950 editio
400 3899 517 3949 Commei.
536 3889 623 3966 deneg
640 3891 696 3964 γὰρ
713 3911 778 3945 aror-
863 3912 886 3958 g.
905 3897 945 3945 Sic
956 3897 1011 3958 ttag.
1025 3895 1047 3948 l.
1063 3896 1162 3956 Segosr.
1173 3894 1270 3944 Gohicr.
1281 3893 1420 3945 etdetcim.

188 3961 350 4047 ξαινόμενος.
393 3965 485 4015 ibidem
509 3965 565 4025 ttag.
585 3965 656 4039 tuat
679 3967 779 4024 Segusr.
832 3963 860 4040 ¹¹,
889 3963 919 4011 tt
936 3962 1020 4038 etit-ct
1037 3962 1093 4038 editi
1112 3953 1238 4038 deniqne,
1257 3954 1303 4008 rui
1321 3952 1358 4040 cic
1374 3949 1420 4008 ct-

190 4023 779 4161 '¹⁷‡.“'s⁶a⁶ia,.⁸if¹ai¹ii¹iiei“²riiiii{iaaaa
829 4025 1008 4146 bittit.
1022 4023 1415 4161 if⁰iaiii³fif⁰diaidaii

188 4161 335 4218 παύσασθε
353 4151 410 4216 οὖν.
451 4165 503 4214 tior
526 4165 583 4226 neg.
597 4163 619 4212 t.
638 4162 779 4224 choerisn.
865 4163 889 4212 h.
907 4163 948 4213 Sto
963 4162 1019 4224 neg.
1031 4162 1053 4210 t.
1072 4163 1216 4224 ctSsguer.,
1234 4170 1260 4212 nt
1277 4169 1301 4211 et
1318 4161 1421 4210 hahetur

192 4225 567 4297 Gobtcr.ctietrtm.t.go'1
593 4224 623 4280 di
640 4229 781 4296 παραιρεῖ-
832 4231 854 4280 in
875 4237 938 4280 tatto
958 4231 1050 4282 Graeco
1069 4231 1216 4293 Scripturas.
1252 4229 1296 4278 stit
1320 4237 1344 4278 at
1361 4226 1419 4278 editi

193 4303 251 4352 oda.
288 4301 333 4352 stit
351 4310 376 4353 et
393 4301 450 4351 editi
467 4293 513 4348 καὶ
529 4291 567 4364 μὴ
586 4297 777 4366 παραιρεῑσθε.
832 4283 921 4358 ἢλθεν.
959 4297 1009 4348 iios
1028 4305 1128 4362 uterque
1143 4293 1420 4362 hcg.hjrgner.Gobter.

225 4371 249 4420 d.
268 4369 323 4432 ttsg.
336 4369 358 4419 t.
376 4376 399 4419 ct
417 4368 517 4430 Seguer.
534 4364 574 4432 τῷ
583 4364 704 4432 Χριστῷ.
734 4365 781 4418 Ce—
832 4373 856 4415 et
880 4365 985 4415 Felctrm.
1006 4364 1027 4416 t.
1051 4355 1153 4424 ἀληθὴς
1176 4357 1247 4428 odoi
1270 4375 1303 4442 tr
1326 4354 1358 4409 ἐν
1374 4355 1419 4436 1τῷ

190 4439 237 4489 teri
255 4444 279 4487 rt
296 4437 353 4486 editi
370 4433 409 4500 τῷ
425 4429 518 4500 κυρίῳ.
831 4424 913 4496 λόγῳ.
948 4432 1027 4484 Ceteri
1044 4438 1069 4482 et
1086 4432 1143 4484 editi
1160 4422 1263 4489 ἀληθὴς
1279 4443 1314 4488 ην
1324 4421 1339 4487 ri
1351 4423 1422 4490 σαρξ

227 4519 249 4553 e.
268 4501 779 4566 Sicdeg.t.Segoar.Gobienetiietctm.
831 4491 862 4548 du
880 4495 927 4562 τῷ.
1030 4555 1048 4578 u
1124 4561 1136 4575 .
1208 4559 1220 4573 ο

197 4570 219 4618 t.
253 4578 280 4620 tt
297 4571 320 4621 in
333 4571 387 4621 atiis
406 4579 430 4622 et
447 4571 518 4622 editis
535 4571 604 4620 deest
621 4563 677 4626 τήν.
866 4565 957 4628 i.·ttsg.
969 4564 990 4616 t.
1010 4579 1070 4615 υιον
1086 4577 1135 4613 rou
1153 4562 1228 4612 θεον.
