3258 5276
191 304 253 368 280
593 313 619 356 s.
635 312 789 356 ιτεικιειι
802 311 1028 356 nemausum

103 464 269 534 Μολόταν
290 467 401 530 τοίνυν
423 453 644 536 ἀσθενοῦντες
665 457 717 524 ὀἱ
739 455 921 544 ἅνθρωποι
934 458 1183 543 παρακαλῶσιν,
1207 454 1287 526 ὅταν
1303 461 1425 528 διωκό-

188 588 282 654 μενοι
303 564 445 628 δέωνται
465 563 637 646 βοηθείας,
662 553 751 656 ὅταν.
766 553 978 644 ἀδικούμενοι
992 556 1248 645 προςεῦχωνται,
1271 559 1348 631 τότε
1361 586 1424 650 φι-

188 665 392 750 λάνθρωπος
413 654 481 727 ι’νῦν
504 655 522 725 ὁ
545 653 687 745 ἀόρατος
709 658 925 747 ἐπιφαίνεται
947 658 1004 727 διὰ
1018 662 1076 746 τῆς
1091 659 1209 726 ἑαυτοῦ
1225 654 1421 748 εῦεργεσέας,

188 765 227 852 ἣν
250 765 307 833 διὰ
328 766 387 830 τοῦ
411 763 497 830 ἰδίου
521 755 622 827 αῦτοῦ
645 759 745 847 λόγου
766 758 823 826 καὶ
844 759 878 827 ἒν
906 753 997 846 αῦτηῦ
1025 769 1193 827 ποιεῖται’
1222 759 1280 828 καὶ
1299 762 1422 830 λοιπὸν

187 866 275 953 πρὸς
294 865 353 954 τὴν
374 869 486 951 χρείαν
510 859 636 948 ἑκάστῳ
658 868 785 947 γίνεται
804 859 848 926 τά
874 863 933 948 τῆς
959 866 1181 949 θεοφανείας,
1213 864 1269 930 καὶ
1296 869 1423 949 γίνεται

188 978 260 1048 τοῖς
280 969 341 1053 μὲν
356 960 559 1033 ἀσθενοῦσιν
575 961 675 1045 ἰσχῦς,
698 971 772 1041 τοῖς
787 963 824 1029 δέ
840 962 1054 1048 διωκομένοις
1068 962 1239 1050 καταφυγὴ
1262 967 1316 1031 καί
1332 959 1422 1046 οἶκος

189 1074 362 1156 σωτηρίας,
385 1075 458 1144 τοῖς
480 1065 516 1131 δέ
538 1057 769 1148 ἀδικουμένοις
789 1063 891 1150 λέγει·
915 1063 965 1130 ότι
979 1063 1158 1142 λαλοῦντός
1173 1086 1234 1132 σου
1250 1065 1324 1153 έρώ,
1349 1066 1421 1134 ἰδοὺ

187 1170 368 1258 πάρειμώ).
415 1161 499 1252 όπερ
521 1155 580 1232 οῦν
603 1164 650 1244 εἰς
673 1159 851 1250 ἀντίληψιν
873 1163 1018 1251 οἑκάστῳ
1041 1164 1098 1232 διὰ
1118 1167 1178 1233 τοῦ
1196 1166 1270 1234 υἱοῦ
1284 1174 1419 1254 γίνεται,

188 1275 286 1338 τοῦτο
308 1269 366 1335 τὸν
388 1264 471 1333 θεὸν
494 1265 631 1343 ἕκαστος
652 1265 759 1352 ἑαυτῷ
782 1268 983 1352 γεγενῆσθαι
1003 1267 1103 1352 λέγει,
1127 1265 1243 1354 ἐπειδὴ
1265 1267 1322 1336 καὶ
1341 1271 1422 1357 βοή-

187 1377 270 1440 θεια
290 1362 369 1455 παρ’
394 1361 496 1434 αῦτοῦ
517 1369 576 1433 τοῦ
598 1370 683 1435 θεοῦ
706 1367 764 1434 διὰ
783 1370 843 1434 τοῦ
866 1365 965 1454 λόγου
986 1373 1121 1454 γίνεται.
1165 1371 1265 1437 τοῦτο
1281 1364 1352 1438 οἶδε
1365 1373 1421 1439 καί

187 1468 207 1560 ἦ
231 1469 394 1558 συνήθεια
414 1470 481 1535 τῶν
503 1462 712 1554 ἀνθρώπων,
743 1469 819 1535 ‘nal
840 1470 940 1535 τοῦτο
962 1470 1017 1535 καὶ
1039 1471 1108 1548 πᾶς
1130 1464 1275 1548 όςτιςοῦν
1297 1466 1420 1556 όμολο-

100 1635 105 1644 ,
188 1570 281 1658 γήσει
302 1571 411 1648 καλῶς
433 1569 600 1657 είρῆοθαι.
644 1567 807 1648 πολλάκις
827 1571 882 1636 καὶ
901 1567 996 1654 παρὰ
1011 1562 1204 1657 ἀνθρώπων
1217 1577 1345 1657 γέγονεν
1361 1565 1418 1640 ἀν·

188 1671 346 1759 θρώποις
366 1669 521 1758 βοήθεια,
544 1671 599 1736 καί
622 1666 641 1736 ὁ
662 1671 722 1754 μέν
738 1664 941 1756 ἀδικουμένῳ
958 1676 1146 1756 συνέκαμον,
1169 1668 1214 1751 ώς
1229 1666 1247 1739 ό
1265 1667 1420 1759 Ἀβραὰμ

188 1775 235 1860 τῷ
256 1771 384 1852 Acie),
408 1767 427 1838 ό
450 1771 486 1838 δὲ
509 1772 698 1856 διωκομένῳ
720 1768 779 1839 τὸν
795 1765 885 1838 οἶκον
907 1765 1075 1858 ’ἠνέῳξεκ
1099 1768 1178 1852 ώςό
1197 1767 1333 1859 Ἀβδίας
1347 1784 1420 1854 τοῖς

187 1873 273 1954 υίσῖς
294 1876 361 1941 τῶν
383 1875 607 1962 προφητώνἿ,
631 1873 685 1938 καὶ
709 1867 728 1937 ό
749 1873 809 1956 μ’έν
831 1871 889 1940 τὸν
912 1875 1004 1952 ξένον
1019 1867 1215 1954 ἀνέπαυσεν,
1239 1870 1285 1954 ώς
1301 1870 1319 1940 ὃ
1333 1874 1422 1944 Λώτ

187 1974 264 2054 τοῦς
286 1969 479 2060 ἀγγέλουςί),
503 1968 521 2040 ό
548 1973 584 2040 δὲ
598 1983 670 2052 τοῖς
693 1973 862 2058 δεομένοις
884 1972 1125 2062 ίκεχορήγηκεν,
1149 1971 1195 2054 ὦς
1218 1970 1328 2062 δἸώβ
1348 1987 1421 2056 τοῖς

188 2077 339 2143 αἰτοῦσιν
355 2069 491 2155 αῦτόνί).
537 2071 647 2158 ὥςπερ
663 2063 722 2139 οῦν
744 2073 880 2152 ἕκαστος
902 2077 968 2140 τών
992 2064 1027 2141 οῦ
1054 2073 1239 2144 παθόντων
1262 2077 1292 2144 εί
1313 2079 1419 2164 λέγοι·

188 2172 207 2243 ό
230 2175 323 2243 δεῖνά
347 2200 408 2259 μοι
428 2181 539 2262 γέγονε
559 2173 704 2262 βοηθός,
737 2173 794 2240 καὶ
815 2170 916 2252 ἀλλος
939 2173 969 2241 εἰ
990 2175 1096 2258 λέγοι·
1125 2168 1226 2261 κάμοὶ
1247 2178 1418 2266 καταφυγὴ

186 2279 241 2344 καὶ
262 2274 389 2363 ῑτοῦτῳ
408 2274 555 2364 χορηγός,
579 2276 727 2361 λέγοντες
749 2275 910 2342 δὲταῦτα
932 2267 969 2370 οῦ
993 2273 1050 2358 τὴν
1074 2268 1173 2362 ἀρχὴν
1188 2278 1247 2363 τῆς
1260 2285 1420 2364 γενέσεως

188 2373 264 2446 οῦδὲ
285 2377 344 2464 τὴν
366 2371 483 2452 οῦσίαν
504 2379 570 2444 τών
593 2365 629 2444 εῦ
650 2375 864 2464 ποιησάντων
893 2382 1124 2464 σημαίνουσιν,
1148 2370 1241 2458 ζάλλὰ
1261 2377 1320 2464 τὴν
1348 2379 1417 2458 ““είς

186 2475 306 2557 αὖτοὺς
320 2484 492 2566 γινομένην
507 2472 585 2565 παρ’
603 2473 734 2546 ἐκείνων
750 2471 951 2563 εῦεργεσίαν·
975 2473 1080 2556 οὕτως
1101 2471 1179 2544 όταν
1202 2478 1324 2563 λέγωσι
1337 2481 1417 2565 περὶ

185 2583 245 2648 τοῦ
266 2582 352 2648 θεοῦ
375 2580 407 2646 ολ
429 2575 519 2666 ἀγιυι
539 2576 579 2644 τὸ
601 2578 726 2664 ἐγένετο
748 2581 803 2645 καὶ
825 2577 865 2644 τὸ
885 2581 996 2664 γενοῦ,
1026 2571 1085 2644 οῦκ
1112 2572 1210 2666 ἀρχήν
1231 2604 1307 2646 τινα
1328 2585 1419 2666 γενέ-

187 2703 271 2760 σεως
293 2687 520 2768 σημαίνουσιν,
545 2676 686 2763 ἀναρχος
706 2677 767 2765 γάρ
790 2673 907 2745 καλοῦ
929 2678 1063 2767 γενητὸς
1086 2673 1103 2744 ό
1126 2676 1224 2760 θεός,
1253 2673 1338 2748 ἀλλὰ
1358 2679 1417 2767 τὴν

187 2782 235 2861 είς
256 2777 461 2869 ἀνθρώπους
481 2773 560 2864 παρ’
585 2773 687 2844 αῦτοῦ
708 2784 898 2867 ιγενομένην
921 2786 1096 2868 σωτηρίαν.
1138 2771 1140 2776 ’

68 2884 72 2891 ’
101 2914 177 2961 ms.
272 2889 324 2951 64.
372 2881 499 2949 Τούτου
521 2881 559 2946 δὲ
581 2875 687 2958 οῦτως
708 2886 902 2966 νοουμένου,
931 2875 1119 2949 ἀκόλουθον
1147 2874 1189 2949 ἀν
1211 2883 1261 2970 ε’ίη
1284 2883 1338 2950 καὶ
1361 2882 1419 2951 ἐπὶ

186 2988 246 3051 τοῦ
268 2984 353 3064 υἱοῦ,
376 2979 441 3051 ὅσα
463 2974 496 3048 δ’
521 2974 562 3048 ἀν
583 2978 639 3047 καὶ
661 2977 777 3060 ὁσάκις
798 2975 839 3048 ἀν
861 2983 995 3070 λέγηται
1016 2980 1141 3068 ἐγένετο
1164 2985 1218 3049 καί
1233 2985 1337 3069 γενοῦ,
1361 2981 1426 3080 τὴν

186 3080 287 3173 αὐτὴν
310 3083 461 3152 διάνοιαν
483 3082 615 3164 σώζειν,
645 3079 728 3163 ώςτε
755 3085 832 3151 ικαὶ
861 3082 901 3150 τὸ
923 3082 1097 3170 λεγόμενον
1119 3082 1293 3169 γενόμενος
1313 3090 1420 3171 κρείτ-

187 3207 254 3249 των
273 3187 340 3248 τιῖν
363 3179 506 3269 ἀγγέλων
528 3182 584 3251 καὶ
607 3183 734 3271 ἐγένετο
756 3178 937 3262 ἀκούοντας
957 3183 1002 3269 μὴ
1019 3178 1118 3272 ἀρχήν
1132 3209 1208 3251 τινα
1236 3187 1311 3252 1τοῦ
1332 3191 1419 3271 γίνε-

187 3285 274 3348 σθαι
295 3279 443 3348 ἐπινοεῖν
465 3285 524 3348 τοῦ
547 3283 655 3370 λόγου,
678 3285 762 3372 μηδὲ
780 3282 866 3362 ἀλως
880 3284 915 3351 έκ
928 3281 1054 3350 τούτων
1068 3284 1202 3372 γενητὸν
1218 3281 1317 3352 αὐτὸν
1332 3307 1419 3373 φαν-

185 3378 364 3462 τάζεσθαι,
385 3377 463 3465 ,ἀλλ’
495 3381 555 3451 ἐπὶ
581 3386 641 3470 τῆς
669 3384 838 3460 διακονίας
865 3384 921 3448 καλ
949 3383 1155 3469 οἰκονομίας,
1185 3379 1268 3453 ΙΙ’ὅτε
1287 3390 1416 3472 γέγονεν

186 3479 380 3569 ἅνθρωπος,
403 3491 491 3550 νοεῖν
513 3483 552 3547 τὸ
575 3481 749 3568 λεγόμενον
771 3480 866 3568 παρὰ
887 3484 947 3549 τοῦ
961 3482 1109 3552 Παύλου.
1141 3481 1197 3554 ὅτε
1210 3485 1273 3574 γὰρ
1288 3481 1306 3552 ὁ
1321 3484 1418 3573 λόγος

186 3583 270 3669 σὰρξ
290 3585 416 3670 ἐγένετο
438 3586 492 3650 καί
516 3582 698 3670 ἐσκήνωσεν
721 3583 755 3652 έν
776 3579 898 3672 ἡμῖν’),
921 3573 1007 3671 ἦλθέ
1028 3610 1064 3653 τι
1085 3587 1142 3653 ἵνα
1163 3587 1340 3676 διακονήση
1363 3589 1426 3656 καὶ.

184 3688 273 3754 πᾶσι
294 3691 460 3774 σωτηρίαν
479 3690 673 3772 χαρίσηται,
696 3683 772 3752 τότε
792 3680 872 3771 ἡμῖν
895 3685 1021 3772 ἐγένετο
1044 3694 1191 3774 σωτηρία
1212 3687 1269 3757 καὶ
1291 3689 1417 3775 ἐγένετο

255 3859 279 3917 η
298 3859 353 3909 ιω.
372 3859 414 3916 τε.
432 3860 457 3910 ο.
527 3858 553 3916 ιι
572 3859 660 3911 σιω..
680 3857 721 3920 ιι,
741 3858 780 3910 ιε.
833 3857 859 3919 ε)
879 3860 902 3910 1.
920 3855 957 3924 [ε.
977 3855 1055 3925 ειυς]
1073 3861 1130 3924 τις.
1151 3825 1235 3922 κεί,
1283 3861 1310 3924 ι)
1328 3862 1415 3914 σωκ.

186 3925 227 3986 ιο,
245 3925 270 3976 ο.
340 3927 366 3983 ω
385 3927 434 3977 ιιι.
454 3927 495 3988 τι,
516 3927 555 3978 ιε.
625 3926 651 3989 ο)
669 3927 737 3980 τωο.
757 3928 780 3990 ι,
800 3926 842 3978 ιι.

217 4059 239 4094 ε.
258 4036 287 4092 οί
303 4044 371 4096 διατι
387 4046 410 4093 in
429 4045 588 4106 Seguerinno.
827 4053 851 4096 ιι
873 4045 980 4095 Felekm.
997 4044 1021 4095 5.
1045 4036 1157 4099 ἕκαστος
1183 4038 1285 4102 αῦτοῦν.
1324 4047 1370 4099 Alii
1395 4054 1420 4100 et

216 4111 240 4160 b.
259 4113 360 4170 Senum
384 4112 482 4162 Gobler.
507 4113 612 4162 θυΙελοι.
630 4113 651 4162 l.
677 4121 701 4164 εί
718 4114 774 4192 θιρ.
827 4113 883 4163 editi
901 4103 1015 4165 ἕκαστος
1031 4105 1126 4178 ἕαυῐῷ.

183 4169 224 4226 οῦν
242 4171 257 4225 ό
276 4170 403 4243 ἀόρατος.
430 4179 509 4228 ceteri
521 4187 545 4227 ει
560 4180 616 4229 edili
635 4169 679 4225 ὢν.
692 4171 775 4245 διορα-
861 4179 884 4228 δ.
902 4181 950 4234 καί
971 4181 1040 4230 deest
1057 4183 1081 4229 in
1104 4183 1205 4244 θυροιτ.
1245 4182 1299 4231 Mox
1316 4181 1418 4243 Seguer.

182 4257 245 4298 τινε.
289 4247 349 4296 ibid.
374 4249 475 4302 senuer.
499 4245 598 4297 (ἰοοίει.
628 4245 733 4296 θιΙυλιιι.
752 4247 774 4296 1.
827 4245 926 4298 Gobler.
950 4254 974 4295 et
992 4247 1096 4298 Felckm.
1116 4248 1138 4298 1.
1165 4241 1336 4316 δμολογῆσει.
1371 4247 1418 4298 Alii

183 4305 231 4361 διά
249 4311 298 4372 τῆς
313 4308 420 4363 λαοτοῦ.
460 4312 520 4362 Εδίιί
544 4305 592 4360 διὰ
614 4311 663 4371 τῆς
681 4303 773 4363 αι’τοῦ.
825 4321 850 4363 ιι
867 4313 923 4364 editi
941 4306 1144 4380 όμολογάσειεν.

172 4438 174 4448 ¹
217 4395 239 4429 e.
256 4383 357 4443 θερσιε.
375 4373 489 4444 ἑκάστῳ.
527 4379 589 4428 Εδιιί
616 4389 640 4430 ιι
658 4381 697 4429 alii
715 4373 774 4429 ἔνιά·
860 4374 1282 4447 κειςιω.ιικις1ίι.ἧνιιεεν.
1396 4433 1399 4436 .

183 4458 258 4498 στου.
286 4449 346 4499 ibid.
365 4449 470 4499 ΡιΙιλω.
480 4447 504 4497 5.
523 4446 623 4495 τοῦτον
639 4439 773 4502 τὸνθεόν.
859 4449 1048 4513 1-Sicseguer.
1067 4450 1204 4504 ῦοδΙοτίιο.
1232 4458 1256 4502 ιι
1273 4447 1379 4500 Felckm.
1393 4447 1417 4501 ί.

182 4515 242 4564 item
261 4516 317 4568 ibid.
329 4505 553 4581 Seguessmm
565 4507 647 4582 αῦιηῦ.
675 4517 773 4570 Guhler.
824 4517 884 4568 Item
902 4518 975 4570 Basil.
994 4519 1051 4584 δερ.
1076 4525 1100 4572 ιι
1116 4517 1208 4583 ΔοςΙίι.
1234 4519 1324 4572 habent
1340 4529 1416 4586 κεχο-
