3234 5282
602 361 758 408 aurion.
774 363 892 408 norrea
905 363 1043 408 tarmes.
1358 349 1421 412 365

189 512 256 589 „tit
282 511 362 576 enim
391 511 587 587 diviniorem,
615 513 652 576 do
680 531 741 602 qun
765 514 815 576 into
840 531 942 576 sermo
970 521 1036 589 ast,
1064 531 1154 578 nemo
1177 513 1327 578 OEnnstum
1351 533 1512 578 essenus.
1614 593 1615 602 ἵ

188 615 335 690 „dixerit
357 614 411 676 sed
432 615 531 695 ipsum
548 633 616 676 esse
631 615 770 690 Patrem„
782 614 833 686 ita,
855 623 890 676 ut
905 615 1025 695 opinor,
1049 617 1229 696 sempiterna
1244 617 1310 680 eius
1324 618 1421 680 virtus

187 724 248 792 „et
274 715 412 778 divinitas
441 734 503 778 non
531 715 703 796 unigenitus
732 723 780 778 eet
806 715 917 788 Fitina,
949 715 1004 776 sed
1032 716 1097 794 ipse
1118 727 1164 778 est
1185 719 1302 798 genitor
1323 719 1420 782 Pater.
1462 699 1481 724 ⁸

186 818 430 894 ‚,A1iamentem
452 817 592 880 virtutem
614 825 645 878 et
666 815 843 897 sapientiam
866 815 920 876 Dei
942 833 1013 876 esse
1035 815 1138 888 doeet,
1161 835 1235 896 quae
1256 837 1310 898 per
1332 820 1419 883 Chri-

186 931 297 996 „stnm
330 917 498 998 apperens·
548 918 662 980 Deinde
694 917 798 997 paneis
832 915 998 978 interiectis
1030 917 1130 996 pergit
1161 917 1240 978 idem
1271 919 1421 982 deterius:

186 1021 403 1100 ,‚Qoamquam
425 1021 606 1100 sempiterna
629 1019 694 1081 eine
716 1018 810 1080 virtus
833 1027 864 1080 et
878 1016 1034 1097 sapientia,
1058 1035 1146 1098 quam
1161 1018 1309 1098 principio
1324 1038 1423 1084 oarere

186 1141 273 1200 „nee
293 1121 423 1201 genitum
445 1139 515 1184 esee
536 1120 612 1184 ratio
634 1138 703 1182 rera
726 1118 872 1192 declarat,
901 1137 959 1182 una
987 1127 1068 1182 certe
1090 1115 1121 1180 et
1142 1119 1209 1200 ipsa
1232 1129 1288 1182 est.
1333 1120 1423 1184 Com·
1538 1181 1545 1190 ,

142 1279 147 1286 .
185 1224 317 1304 ‚sitiones
338 1241 411 1284 rero
434 1233 505 1284 sunt
527 1222 692 1301 sapientiae
713 1219 883 1300 singulatim
905 1220 1032 1301 abipso
1054 1229 1187 1296 creatae,
1211 1239 1337 1302 quarunt
1359 1223 1424 1303 pri-

186 1325 387 1405 „mogsnitus
410 1332 440 1385 et
460 1322 632 1403 unigenitus
652 1331 700 1386 est
714 1321 860 1396 Christus,
884 1341 959 1402 quae
975 1341 1080 1386 omnes
1095 1323 1234 1386 similiter
1248 1341 1285 1386 ex
1300 1323 1424 1386 domino

186 1427 345 1508 „pendent
366 1444 435 1500 suo,
458 1425 583 1505 eiusque
604 1424 739 1498 virtutes,
761 1424 814 1503 qui
837 1443 888 1486 eas
911 1425 1023 1487 crearit
1043 1433 1071 1486 et
1092 1425 1142 1505 qui
1164 1425 1213 1487 hia
1232 1425 1336 1498 utitur,
1359 1425 1425 1491 iure

185 1527 322 1603 „merito
354 1526 549 1606 appellantur.
595 1526 672 1588 Hine
697 1525 850 1606 Propheta
882 1525 1028 1588 loeustarn
1057 1525 1093 1588 ed
1119 1526 1274 1590 hominum
1302 1535 1423 1606 pennata

187 1628 385 1704 „uleiscenda
419 1627 561 1690 divinitus
590 1627 755 1690 immissam
784 1645 848 1688 non
874 1628 1012 1690 virtutem
1041 1635 1170 1700 tantum,
1204 1629 1257 1692 sed
1284 1647 1423 1708 magnam

187 1730 354 1805 „virtutem
378 1747 395 1789 e
416 1727 479 1790 Deo
502 1729 569 1806 ipso
593 1735 718 1789 testetur
740 1727 891 1807 appellari.
934 1727 1041 1789 Beatus
1063 1727 1135 1790 item
1156 1729 1247 1791 Derid
1269 1749 1330 1792 nnn
1353 1739 1421 1792 tan·
1490 1727 1499 1740 '

189 1837 281 1906 „tum
302 1827 443 1906 Angelos,
468 1827 523 1890 sed
546 1828 634 1890 etiam
656 1827 787 1890 Virtutes
811 1828 846 1890 ed
868 1829 961 1890 Deum
982 1829 1160 1892 laudandum
1183 1829 1351 1892 hortatnr.“

273 2131 325 2196 38.
370 2127 450 2192 ilaec
471 2147 540 2191 urm
561 2127 603 2190 illi
624 2128 669 2190 rel
694 2137 807 2192 tontum
842 2131 911 2210 oqui
935 2131 1054 2206 audent,
1077 2149 1178 2194 nonne
1199 2132 1334 2196 omnium
1351 2131 1422 2196 odio

183 2229 354 2312 dignissimi
377 2229 472 2292 sunt?
493 2229 526 2292 Si
548 2229 639 2304 enim,
661 2238 695 2293 ut
716 2230 775 2311 ipsi
798 2230 919 2310 quidem
942 2239 1057 2310 putant,
1079 2232 1172 2295 Filius
1196 2243 1253 2308 est,
1276 2233 1422 2314 nunquia

182 2353 221 2398 ex
241 2333 330 2396 Patre
351 2332 469 2412 genitus
493 2341 556 2406 est,
583 2351 641 2394 nen
659 2341 788 2412 propter
808 2339 933 2394 naturae
955 2331 1188 2416 proprietatem,
1217 2334 1423 2398 sedvermm

181 2435 291 2498 dieitur
311 2435 374 2498 sire
396 2434 483 2496 Retio
506 2433 547 2496 ob
569 2453 621 2496 res
642 2435 759 2496 ratione
781 2431 950 2514 praeditas,
980 2442 1010 2494 et
1030 2434 1176 2514 sepientis
1197 2442 1323 2516 propter
1345 2433 1424 2508 idos,

89 2591 96 2602 ,
182 2535 232 2616 qui
263 2537 415 2616 sepientes
445 2536 538 2608 flunt,
571 2535 706 2614 potentia
734 2555 791 2596 sen
816 2534 912 2596 virtus
942 2553 1048 2596 eornm
1070 2554 1177 2608 nausa,
1210 2535 1262 2615 qui
1283 2541 1423 2614 potentes

184 2636 372 2708 reddunturr
398 2635 531 2712 denique
560 2633 638 2696 titius
667 2653 721 2695 eos
748 2643 890 2715 propter,
920 2635 971 2714 qui
994 2635 1046 2696 filii
1070 2634 1257 2706 efficiuntur,
1286 2633 1516 2694 romesinam.

186 2749 307 2811 qunque
322 2733 361 2792 ob
383 2751 443 2807 res,
467 2751 544 2811 qnae
566 2733 706 2808 existunt,
729 2735 792 2798 sole
815 2735 998 2814 cogitatione
1020 2717 1134 2796 existit.
1170 2733 1249 2806 Quid
1265 2751 1337 2811 ergo
1359 2741 1425 2794 ten-

186 2832 256 2896 dem
279 2833 397 2894 tumme
420 2833 469 2894 ille
491 2829 563 2896 esti
585 2833 664 2896 Nihil
686 2835 764 2898 enim
786 2835 907 2896 illorum
930 2853 1000 2896 ease
1021 2835 1079 2895 diei
1101 2831 1201 2913 possit
1216 2833 1294 2911 ipse,
1315 2833 1342 2894 si
1357 2833 1429 2898 haee
1483 2895 1501 2917 „

184 2951 269 2996 ruera
293 2929 357 2994 eius
381 2942 452 2996 sunt
472 2934 606 3007 nomine,
629 2927 753 3014 sola'qne
774 2934 957 3020 cogitatione
978 2933 1124 2994 dieendne
1140 2942 1187 2992 est
1201 2931 1340 3006 existere,
1362 2951 1427 2998 com

184 3033 285 3098 nostri
314 3041 430 3096 tentum
459 3051 550 3094 eausa
576 3033 749 3096 huiusmodi
771 3041 898 3095 ornetur
918 3032 1102 3093 nominibus.
1148 3031 1228 3093 Sane
1249 3032 1307 3112 ipsi
1329 3033 1427 3113 potius

186 3134 331 3198 censendi
354 3141 426 3198 sunt
448 3133 596 3196 diabolice
618 3135 779 3196 autetiam
802 3131 953 3194 deteriore
975 3131 1077 3211 agitari
1098 3132 1224 3207 insania,
1246 3133 1355 3214 qnippe
1376 3135 1425 3214 gui

93 3299 110 3320 t
184 3257 220 3300 se
242 3236 363 3316 quidem
387 3253 457 3296 rere
480 3235 611 3296 existere
634 3233 736 3308 velint,
757 3233 812 3294 Dei
834 3240 933 3295 eutem
949 3233 1164 3296 Verbumsolo
1186 3233 1307 3296 nomine
1320 3243 1425 3314 putent

183 3337 325 3400 existere.
369 3335 415 3396 An
436 3354 499 3398 non
521 3353 595 3398 rere
618 3343 753 3396 monstra
769 3334 881 3408 dicunt,
904 3353 970 3396 eum
984 3335 1130 3397 affirmant
1144 3335 1319 3414 sapientiam
1334 3336 1423 3399 simui

127 3449 132 3460 ’
181 3457 250 3502 oum
272 3437 363 3498 Patre
384 3436 533 3510 existere,
563 3453 691 3516 eamque
713 3435 863 3498 Christum
887 3453 956 3497 esse
984 3445 1107 3515 negent,
1136 3437 1191 3498 sed
1214 3437 1320 3500 multae
1341 3437 1424 3500 aiunt

180 3540 309 3602 virtutes
340 3547 456 3600 mestas
484 3547 515 3600 et
544 3537 706 3618 sapientias
735 3555 820 3611 ease,
851 3555 977 3618 querum
999 3556 1056 3599 nna
1079 3538 1120 3600 sit
1141 3538 1305 3613 Dominus,
1335 3557 1423 3617 quens

185 3659 252 3702 num
276 3657 364 3702 eruor
387 3647 416 3700 et
439 3639 553 3700 loeuatx
577 3639 714 3700 conterre
741 3658 802 3700 non
834 3637 993 3702 dubitent?
1035 3641 1080 3701 dn
1110 3658 1173 3701 non
1200 3639 1289 3700 etiam
1317 3636 1425 3700 dolose

95 3735 98 3742 ’
183 3749 286 3820 agunt,
309 3739 360 3820 qni
382 3757 449 3803 euin
471 3739 599 3804 anobis
621 3741 747 3804 audiunt
767 3737 898 3804 Verbum
920 3743 986 3801 uno
998 3759 1065 3802 otim
1080 3741 1170 3803 Patre
1186 3737 1324 3812 existere,
1347 3755 1422 3798 eon·

183 4025 303 4075 Commel.
330 4025 391 4078 ibid.
405 4025 504 4085 Segner.
519 4021 591 4075 nott.
605 4022 780 4072 atterunt.
832 4018 931 4069 τοῦτο.
964 4017 1016 4068 Nox
1043 4017 1116 4068 Banii.
1140 4031 1186 4081 pro
1211 4009 1330 4066 ἀπόνοια
1352 4016 1425 4066 hebet

183 4083 208 4140 el
230 4085 287 4158 γὰρ
313 4083 351 4145 nir
373 4083 460 4142 αὐτοί.
496 4090 541 4142 Atii
566 4097 591 4140 rt
608 4091 666 4139 editi
685 4080 709 4138 tl
724 4082 781 4156 γὰρ
832 4080 948 4136 ἐπίνοια»
977 4073 1424 4156 tuidseguenariter,irtoeiropic.

182 4152 230 4206 καὶ
253 4153 291 4213 ὥς
314 4151 403 4208 οὗτοί.
443 4161 494 4210 tior
519 4157 663 4220 Segnrriao.
682 4157 781 4206 Gobter.
867 4169 890 4216 g.
909 4155 1008 4215 Seguer.
1028 4145 1131 4212 ταύτην
1147 4139 1218 4201 εἶναι
1235 4147 1421 4215 stantem.

183 4227 290 4279 Feiekrn.
317 4217 654 4278 1.οι4.καὶοὸῖδων.
692 4223 737 4272 atti
759 4230 782 4274 et
832 4223 858 4272 ln
878 4221 934 4271 aliia
952 4230 976 4271 et
994 4221 1065 4273 editis
1083 4221 1153 4271 deest
1170 4209 1248 4268 ebra.

183 4295 257 4346 editio
276 4295 395 4346 Commod.
413 4289 459 4344 troi
475 4287 507 4342 ad
527 4285 627 4345 αΐδιον.
866 4289 891 4338 h.
909 4291 950 4338 Sir
967 4291 1067 4352 segner.
1087 4287 1185 4337 anter.
1203 4283 1307 4334 Frittm.
1323 4282 1350 4358 ¹:
1362 4287 1385 4328 et
1398 4279 1423 4328 t.

221 4379 242 4413 e.
261 4364 302 4412 Sic
320 4365 421 4424 Sepuer.
456 4365 485 4412 tt
497 4361 538 4411 elii
551 4370 575 4411 et
586 4361 644 4412 editi
657 4352 706 4408 deri
719 4350 800 4410 retr
831 4357 860 4407 tt
885 4355 927 4407 aiii
951 4364 976 4407 et
1000 4357 1057 4406 editi
1075 4351 1135 4405 nate
1151 4347 1182 4400 δὲ
1198 4345 1245 4399 erni
1261 4357 1424 4418 narooprop

182 4426 376 4496 ποιουμένους.
832 4424 893 4474 ltin.
917 4423 1018 4484 Segner.
1043 4424 1101 4482 neg.
1119 4429 1143 4468 et
1161 4419 1296 4466 Fetrtrnrn.
1315 4415 1339 4490 ,⁶
1350 4419 1436 4486 ,παρ’

219 4499 237 4547 i.
260 4499 404 4560 Segnerian.
429 4496 526 4548 Gobiar.
544 4495 652 4545 Faieim.
672 4494 694 4542 i.
713 4500 738 4540 et
755 4491 779 4539 d.
830 4483 846 4550 ἧ
870 4488 911 4537 οἶν
933 4487 993 4556 μέν.
1028 4487 1109 4539 Ceteri
1132 4494 1156 4534 et
1181 4484 1238 4533 editi
1260 4491 1317 4544 neg
1345 4479 1425 4536 'tim'

181 4557 253 4614 etta
275 4559 322 4614 ani
349 4561 442 4616 τοῦτο,
477 4563 557 4616 Ceteri
584 4571 609 4612 et
632 4559 690 4610 aditi
714 4549 782 4606 tm
832 4505 931 4624 speia.
1010 4559 1017 4574 ¹
