3258 5276
226 342 289 406 266
625 359 651 403 ε.
667 329 821 404 annisu
835 357 1059 406 ιεσυιενιεσανι

1 563 2 576 ,
141 504 349 586 ε.ιω.ζωνται
369 503 473 573 πάλιν
494 507 600 593 λέγειν
621 507 834 594 συγκριτικῶς
856 506 1014 595 εἰρῆσθαι
1033 505 1076 572 τὰ
1096 505 1188 595 ῥητά,
1211 503 1268 574 καὶ
1282 507 1341 574 διά
1353 511 1454 577 ταῦτα

225 601 382 674 εἶναιτὰ
410 605 645 693 συγκρινόμενα
675 603 829 694 ὁμογενῆ,
864 604 947 688 ιῦςτε
967 606 1025 674 τόν
1046 605 1119 676 υἱόν
1139 611 1198 694 τῆς
1218 611 1285 676 τῶν
1307 604 1453 695 άγγέλων
1574 615 1592 639 “

1 747 2 764 1
225 701 312 776 εἶναι
334 707 480 796 φύσεως,
512 707 794 797 αἰσχυνθήσονται
814 712 875 794 μὲν
896 715 1152 798 προηγουμένως
1173 704 1219 789 ιὸς
1239 709 1282 777 τὰ
1308 706 1453 781 Ούαλεν-

223 817 316 878 τίνου
337 807 393 875 καὶ
412 808 694 896 ιΚαρποκρόιτους
714 808 771 877 καὶ
791 813 858 877 τῶν
879 807 989 879 άλλων
1011 811 1183 897 αἱρετικῶν
1205 811 1375 898 ζηλοῦντες
1394 817 1453 882 καί

224 909 459 999 φθεγγόμενοι,
483 899 529 978 ιὸν
552 905 571 977 ὁ
592 912 652 995 μὲν
674 911 752 990 τοὺς
774 907 929 998 ἀγγέλους
943 906 1113 998 ὁμογενεῖς
1124 912 1231 1002 εἴρηκε
1241 915 1289 1000 τῷ
1300 919 1449 1003 Χριστῷ,

224 1006 244 1077 ὁ
273 1012 310 1078 dh
332 1011 575 1100 Καρπσκράτης
604 1006 759 1099 ἀγγέλους
779 1015 839 1079 τοῦ
860 1011 985 1098 κόσμου
1008 1013 1226 1101 ὁημωυργοῦς
1248 1009 1335 1083 εἶναί
1357 1038 1450 1106 φησι

223 1107 322 1199 1’παρ’
353 1108 460 1180 αὐτῶν
488 1112 549 1201 γὰρ
577 1114 661 1192 ἰ’σως
686 1111 856 1199 μαθόντες
881 1116 935 1181 καί
965 1102 1059 1182 οῦτοι
1081 1120 1292 1201 συγκρίνουσι
1312 1117 1371 1184 τὸν
1391 1120 1451 1186 τοῦ

222 1217 308 1282 θεοῦ
331 1214 428 1301 λόγον
448 1225 522 1295 τοῖς
544 1213 701 1302 όγγέλοις.

309 1323 359 1384 57.
400 1311 489 1384 Ἀλλ’
513 1315 778 1404 ἐντραπήσονται
797 1320 937 1384 τοιαῦτα
951 1316 1193 1405 φανταζόμενοι
1206 1317 1302 1404 παρὰ
1316 1321 1377 1403 μέν
1391 1323 1451 1387 τσῦ

223 1411 375 1505 ῦμνῳόυῦ
389 1419 554 1505 λέγοντος·
577 1425 629 1496 τίς
641 1412 893 1506 ὁμοιωθήσεται
904 1421 952 1504 τῷ
969 1424 1070 1504 κυρίῳ
1086 1417 1120 1486 έν
1135 1418 1222 1498 υἱοῖς
1232 1423 1316 1486 θεοῦ
1325 1425 1366 1503 ¹),·
1380 1427 1451 1490 καί·

223 1525 275 1598 τίς
291 1514 408 1604 ὁμοιός
423 1541 479 1587 σοι
493 1519 526 1587 έν
541 1526 648 1599 θεοῖς,
671 1518 762 1605 κύριε
768 1520 808 1602 ’),·
831 1512 1031 1586 άκοόσονται
1043 1520 1079 1586 δὲ
1093 1515 1192 1604 ὁμως,
1216 1518 1272 1588 ἐὰν
1287 1519 1352 1608 ἄρα
1373 1516 1450 1610 εκάν

224 1615 330 1699 σῦτως
343 1618 511 1704 μάθωσιν,
535 1616 581 1700 ὥς
596 1620 629 1688 ἐν
645 1621 706 1705 μέν
720 1630 793 1699 τοῖς
808 1615 998 1706 όμογενέσιν
1014 1616 1283 1707 ὁμολογουμένως
1297 1624 1391 1710 φιλεῖ
1405 1622 1450 1690 τὰ

222 1724 282 1809 τῆς
314 1728 512 1809 συγκρίσεως
543 1727 699 1808 γίνεσθαι
730 1724 784 1788 καί
818 1716 876 1788 οῦκ
905 1721 939 1790 έν
966 1732 1040 1802 τοῖς
1067 1719 1294 1809 ἑτερογενέσιν.
1339 1718 1449 1804 οὐδεὶς

222 1826 301 1910 γοῦν
321 1822 405 1891 θεὸν
426 1823 613 1910 ἀσυγκρίνει
632 1821 719 1909 πρὸς
742 1820 926 1910 ἄνθρωπον
948 1819 1025 1892 οῦδὲ
1047 1824 1151 1892 πάλιν
1166 1822 1349 1912 ἄνθρωπον
1364 1809 1459 1912 πρὸς

222 1924 265 1993 τὰ
293 1922 397 2012 ῦλογα
425 1920 502 1992 οὐδὲ
530 1923 610 2004 ξόλα
637 1923 724 2010 πρὸς
752 1924 872 2003 λίθους
900 1925 958 1992 διὰ
984 1924 1023 1992 τὸ
1046 1919 1205 2011 άνόμοιον
1226 1929 1286 2015 τῆς
1307 1926 1449 2016 φύσεως,

222 2022 308 2092 άλλά
333 2025 417 2104 θεὸς
443 2027 504 2110 μὲν
525 2021 719 2113 άσύγκριτόν
742 2023 815 2092 ἐστι
835 2029 988 2112 πρᾶγμα,
1018 2024 1203 2112 άνθρωπος
1225 2029 1263 2096 δὲ
1283 2028 1370 2115 πρὸς
1392 2027 1451 2097 άν-

221 2131 366 2212 θρωπον
386 2133 608 2213 ’συγκρίνεται
630 2130 684 2194 καί
707 2125 805 2206 ξύλον
825 2125 912 2211 πρὸς
933 2125 1030 2206 ξύλον
1051 2129 1106 2193 καὶ
1122 2130 1222 2206 λίθος
1236 2129 1323 2216 πρὸς
1337 2130 1447 2211 λίθον,

220 2229 275 2294 καί
297 2221 355 2294 οῦκ
377 2226 417 2294 σ’ἱν
438 2253 490 2307 τις
512 2227 569 2294 έπλ
590 2226 716 2296 τούτων
739 2227 832 2295 ε’ίποι
853 2225 892 2292 τὸ
913 2236 1071 2314 κρεῖττον,
1095 2221 1181 2294 ἄλλά
1194 2228 1234 2294 τὸ
1248 2232 1376 2314 μᾶλλον
1390 2229 1449 2298 καὶ

219 2327 275 2395 ’τὸ
297 2330 409 2397 πλέον.
448 2325 553 2409 οῦτως
571 2323 691 2418 Ἰωσὴφ
714 2325 837 2416 ὡραῖος
857 2317 897 2416 ἦν
918 2329 1045 2413 μᾶλλον
1065 2327 1160 2414 παρὰ
1181 2330 1260 2410 τοὺς
1281 2326 1450 2420 ἀδελφούς

220 2425 338 2512 αὐτοῦ,
366 2435 421 2500 καί
444 2427 556 2520 Ῥαχὴλ
582 2433 641 2518 τῆς
660 2436 787 2510 Λείας·
819 2427 923 2519 ἀστὴρ
951 2430 988 2497 δὲ
1016 2423 1153 2515 ἀστέρος
1182 2424 1447 2518 οῦχὶκρείσσων,

221 2527 306 2600 ἆλλὸι
330 2535 456 2620 μᾶλλον
485 2535 637 2622 διαφέρει
665 2531 699 2600 ἒν
729 2531 848 2618 δόξη’).
894 2531 952 2599 ἐπὶ
979 2532 1015 2598 δέ
1036 2534 1103 2598 τιῦν
1125 2531 1334 2619 ἑτερογενῶν,
1356 2529 1448 2600 ιὸταν

88 2685 96 2698 .
219 2635 344 2704 Ιταῦτά
370 2661 423 2715 τις
454 2633 651 2723 παραβάλλῃ
679 2631 767 2718 πρὸς
799 2630 941 2718 άλληλα,
975 2632 1052 2700 τότε
1071 2631 1111 2699 τὸ
1131 2643 1279 2720 κρεῖττον
1300 2633 1388 2719 πρὸς
1408 2633 1450 2702 τό

187 2787 189 2792 -
220 2737 417 2804 διαλλάττον
439 2739 575 2823 λέγεται,
598 2734 777 2819 ικαθάπερ
800 2731 857 2800 ἐπί
879 2737 939 2820 τῆς
960 2740 1085 2824 σοφίας
1106 2737 1160 2802 καί
1181 2738 1247 2802 τῶν
1270 2736 1378 2802 λίθων
1400 2735 1450 2804 ε’ί-

219 2862 326 2926 ρηται.
366 2838 396 2907 εἰ
423 2839 485 2924 μὲν
512 2827 570 2905 οῦν
598 2834 734 2923 εἰρηκὼς
760 2825 801 2924 ἢν
830 2828 1078 2916 ὁάπόστολος·
1110 2835 1259 2923 τοσούτῳ
1280 2832 1449 2920 μάλλονὸ

219 2940 291 3020 υἱὸς
317 2944 385 3008 τῶν
414 2934 557 3028 ἀγγέλων
585 2936 727 3026 προάγει
753 2931 775 3021 ἢ
796 2935 946 3024 τοσούτῳ
968 2938 1089 3021 μείζων
1111 2937 1218 3018 ἐστίν,
1247 2927 1286 3024 ἦν
1308 2931 1349 3004 άν
1371 2933 1448 3023 ὁμλν

218 3040 406 3130 πρόφασις,
435 3038 497 3122 ἰιὸς
525 3043 778 3128 συγκρινομένου
805 3041 864 3103 τοῦ
887 3037 961 3104 υίσῦ
982 3037 1069 3124 πρὸς
1090 3037 1169 3116 τοὺς
1191 3033 1362 3125 ἀγγέλους·
1392 3042 1449 3106 νῦν

219 3141 257 3208 ῦὸ
278 3145 380 3226 λέγων
400 3151 571 3228 κρείττονα
594 3139 694 3210 αὐτὸν
716 3135 876 3211 εἶναικαὶ
899 3140 1047 3227 τοσούτῳ
1071 3142 1258 3228 διαφέρειν,
1289 3135 1358 3228 ὁσῳ
1381 3141 1448 3207 διέ-

121 3297 124 3302 .
219 3261 335 3328 στηκεν
356 3242 450 3321 Ι·υἱὸς
472 3245 613 3325 δούλων,
643 3246 807 3312 δείκνυσιν
829 3241 930 3310 αὐτὸν
952 3238 1053 3308 ἄλλον
1076 3236 1163 3310 εἶναι
1182 3244 1242 3327 τῆς
1262 3245 1329 3309 τῶν
1353 3235 1447 3330 άγγέ-
1495 3287 1505 3305 .

220 3343 287 3410 λων
315 3343 455 3432 φύσεως.
494 3346 597 3432 λέγων
626 3347 662 3413 δὲ
690 3345 794 3412 πάλιν
817 3339 919 3411 αῦτὸν
941 3337 1027 3410 εἶναι
1048 3342 1106 3411 τὸν
1126 3342 1383 3428 θεμελιώσαντα
1403 3341 1447 3410 τά

134 3443 361 3528 νιστιτάνταί)
385 3445 555 3514 δείκνυσιν
569 3445 670 3515 ἄλλον
692 3441 792 3514 αὐτὸν
815 3439 1060 3513 εἶναιπάντων
1081 3447 1148 3512 τῶν
1162 3447 1314 3532 γενητῶν.
1343 3441 1445 3511 άλλσυ

220 3548 257 3616 δὲ
276 3550 332 3615 καὶ
354 3547 562 3635 ἑτερσουσίου
584 3544 685 3616 αἰτοῦ
708 3545 804 3626 ὄντος
818 3545 913 3633 παρὰ
925 3545 984 3636 τὴν
998 3549 1064 3616 τῶν
1079 3547 1221 3634 γενητῶν
1236 3545 1349 3635 φύσιν,
1364 3551 1450 3612 πσία

218 3652 278 3738 τῆς
298 3644 415 3730 οῦσίας
435 3645 537 3718 αῦτοῦ
560 3651 727 3740 σύγκρισις
748 3643 770 3736 ἢ
792 3643 949 3736 ὁμοιότης
969 3648 1056 3734 πρὸς
1076 3651 1120 3715 τὰ
1140 3647 1276 3736 γενητά,·
1305 3642 1365 3736 κᾷν
1385 3637 1448 3734 γάρ

218 3751 322 3819 πάλιν
344 3751 567 3839 ένθυμηθῶσί
586 3779 621 3820 τι
641 3754 809 3831 τοιοῦτον,
839 3751 996 3837 ὁιελέγξει
1016 3749 1153 3828 τούτους
1174 3747 1217 3817 τὰ
1238 3743 1323 3816 αῦτὸι
1344 3750 1447 3834 λέγων

220 3847 238 3919 ὁ
266 3853 417 3932 Παῦλος·
452 3860 519 3922 τίνι
549 3853 610 3942 γὰρ
640 3848 715 3923 εἶπέ
742 3875 826 3920 ποτε
853 3853 920 3918 τῶν
949 3845 1108 3940 άγγέλων·
1135 3849 1207 3936 υἱός
1232 3873 1297 3936 μου
1331 3843 1361 3917 ελ
1392 3848 1444 3930 σύ,

218 4107 246 4170 4)
263 4041 314 4160 Ηέιη
333 4039 447 4159 ΡηιΙ.139
465 4036 519 4107 [88.
538 4040 627 4110 1.xx.]‚
645 4044 670 4094 7.
733 4041 759 4103 2)
776 4041 840 4094 Pul.
859 4041 892 4094 86
910 4039 965 4108 [85.
982 4043 1071 4104 Lm,
1089 4040 1113 4092 8.
1183 4037 1209 4101 3)
1229 4038 1252 4090 1.
1271 4039 1328 4092 Cor.
1348 4038 1388 4103 15,
1406 4037 1449 4090 41.

316 4125 336 4159 r.
372 4145 378 4169 ‚
431 4145 437 4158 .

252 4259 274 4294 ν.
292 4245 333 4294 Sic
350 4242 422 4293 nuit.
440 4241 532 4303 Angue.
550 4249 574 4292 τι
590 4243 729 4294 ῦεΙεΙιΜ.
760 4243 806 4294 Se·
858 4243 996 4294 Goblerian.
1022 4249 1045 4292 ει
1068 4241 1172 4292 Felckm.
1191 4241 1213 4292 1.
1236 4231 1313 4308 παρά
1336 4253 1369 4306 γε
1391 4238 1450 4287 τῶν

219 4325 287 4376 suet.
309 4307 470 4378 Καρπσκρᾶ.
512 4307 574 4360 Edili
596 4301 806 4376 Καρπσκράτσυ.
858 4301 935 4358 ἴσων.
973 4308 1051 4359 ceteri
1069 4317 1093 4359 et
1119 4309 1176 4360 editi
1193 4298 1263 4376 παρ’
1283 4299 1375 4357 αῦτυῦν
1390 4300 1448 4376 γάρ

219 4380 285 4430 Infra
296 4379 397 4442 θεςσιτ.
407 4379 463 4440 fleg.
475 4375 612 4428 felem&
629 4374 806 4443 Καρπσκρᾶς,
858 4369 933 4429 ἴσως.

218 4454 247 4498 αλ
270 4453 295 4498 εί
320 4447 392 4497 λεαίνει
408 4444 558 4510 Εμόρλιναίαι
575 4445 671 4495 haemi
688 4442 730 4494 27.
757 4445 807 4494 Go-

218 4513 280 4566 bler.
298 4505 671 4580 εῑΐεΙιΙω.1.Καρσυκράι.
731 4569 745 4590 n
879 4527 913 4592 ,α
932 4511 973 4562 Sic
990 4511 1129 4574 Seguerian.
1164 4513 1192 4564 At
1215 4512 1256 4564 ulii
1280 4519 1305 4564 ει
1326 4509 1384 4560 editi
1401 4503 1449 4557 καὶ

252 4583 276 4634 b.
294 4583 435 4646 δεςσειὶιο.
460 4573 538 4646 παρὰ
558 4574 615 4648 γάρ
643 4575 702 4628 νῦν
730 4587 808 4631 taur.
858 4591 943 4628 ουτοι.
