3176 5304
405 361 550 404 eersroea
565 359 603 402 ne
619 357 762 402 necesses
778 357 920 402 armenes
936 357 1054 400 srsonr.
1217 321 1226 331 '
1304 343 1345 404 27

99 515 227 594 amplius
263 531 282 572 a
313 511 406 574 nobis
437 519 519 573 esset
547 509 710 572 addendum
733 509 777 570 vel
798 507 835 570 ad
858 509 905 570 illa
927 508 1112 570 defendenda
1132 509 1178 570 rel
1201 508 1237 570 ad
1260 509 1430 570 vacienus.

97 634 202 676 etnam
229 612 410 674 rationibus
432 610 686 690 respondendnm,
709 609 825 670 necilli
848 627 965 688 quoque
987 609 1083 670 adhue
1104 609 1245 670 deberent
1267 629 1342 670 con-

98 718 238 786 tendere,
264 714 324 776 sed
346 714 448 792 polius
471 713 517 774 his
539 711 691 786 assentiri,
715 710 824 790 quibus
846 729 916 770 suae
939 709 1075 770 haeresis
1097 710 1186 769 duces
1208 710 1342 770 subseri-

99 837 207 894 psere,
233 825 273 876 ut
297 823 370 894 pote
393 814 443 892 qui
465 831 525 874 non
547 813 703 892 ignorent,
733 830 798 872 cam
821 829 896 889 quae
919 817 1020 870 secuta
1042 817 1089 868 est
1111 808 1342 871 Eusebianorum

99 919 310 979 mutationem
335 921 502 992 suspectam
525 933 559 976 ac
579 913 795 975 fraudulentam
819 929 899 970 esse.
945 909 1031 982 Quod
1061 909 1140 970 enim
1157 907 1344 987 subscripse-

100 1021 159 1080 rint
182 1025 358 1099 postquam
381 1014 485 1075 saltem
507 1034 540 1076 se
562 1014 691 1075 breviter
709 1019 869 1091 potuerunt
883 1009 1052 1083 defendere,
1074 1011 1133 1070 hoc
1148 1011 1247 1088 ipsum
1263 1010 1347 1088 plane

101 1129 258 1181 restatur.
292 1134 380 1194 quam
408 1115 496 1194 impia
519 1113 686 1184 sitiriano
709 1113 853 1174 haeresis.
898 1113 960 1174 Nec
980 1112 1059 1172 enim
1083 1110 1347 1188 subscripsissent,

101 1222 159 1280 uisi
184 1219 280 1299 prius
304 1216 382 1278 illam
404 1217 552 1278 haeresim
575 1215 842 1286 condemnassent3
864 1233 920 1274 nec
934 1213 1194 1284 condemnassent,
1217 1211 1277 1272 nisi
1293 1229 1346 1272 eos

102 1321 244 1398 undique
267 1317 450 1378 haesitantes
472 1317 570 1396 pudor
591 1316 626 1376 ad
650 1315 679 1374 id
702 1315 846 1393 agendum
869 1314 1026 1392 coegisset.
1057 1314 1203 1386 Quocirca
1226 1312 1346 1374 illorum

103 1418 309 1481 osmmutatio
339 1417 458 1478 eridens
488 1426 535 1478 est
560 1416 701 1478 indicium
723 1433 794 1476 snae
817 1415 848 1475 in
870 1415 1021 1493 impietate
1044 1414 1224 1476 defendenda
1247 1413 1343 1494 perli-

105 1521 227 1581 naciae.
274 1517 345 1578 lllos
374 1518 480 1596 igitur,
513 1517 598 1578 sicuti
626 1517 821 1588 dictumest,
855 1523 1019 1594 praestaret
1041 1515 1208 1594 quiescere:
1243 1533 1343 1577 rerum

106 1619 358 1700 quandoquidem
380 1618 489 1696 insigni
512 1626 582 1678 sunt
606 1617 787 1696 impudentia
802 1615 936 1696 praediti,
959 1617 1240 1695 arbitranturquese
1252 1634 1342 1694 posse

109 1722 231 1782 felicius
254 1738 342 1798 quam
366 1719 433 1780 illos
455 1719 627 1780 diabolicam
650 1709 727 1778 hanc
748 1717 925 1796 impietatem
947 1735 1152 1796 propugnare:
1176 1715 1291 1776 etiamsi
1312 1715 1343 1776 in

108 1823 217 1901 priore
239 1819 389 1900 Epistola,
413 1839 499 1898 quam
522 1821 557 1880 ad
582 1827 609 1879 te
631 1817 828 1902 misissemus
850 1827 952 1879 contra
975 1838 1028 1878 eos
1051 1817 1244 1896 dispulerim,
1266 1817 1343 1875 islo-

110 1941 181 1982 rum
212 1931 309 1984 tamen
339 1929 372 1982 ut
401 1930 486 1981 antea
512 1920 632 1980 illorum
660 1918 736 1980 dieta
765 1919 879 1997 singrda
908 1918 1074 1978 examinare
1102 1936 1161 1978 non
1191 1914 1344 1995 gravabor.

111 2023 212 2102 Spero
236 2022 315 2084 enim
337 2040 400 2084 non
421 2021 519 2082 minus
542 2039 620 2083 nunc
641 2022 707 2088 lore
728 2020 940 2098 perspicuum,
970 2037 1075 2078 eorum
1096 2019 1242 2078 haeresim
1265 2015 1343 2078 haud
1354 2037 1429 2081 nna.

112 2144 231 2198 sanam,
254 2123 307 2186 sed
331 2133 421 2184 totam
444 2123 644 2185 daemonicam
668 2140 747 2182 esse.

203 2329 231 2390 6.
275 2327 362 2388 nium
393 2327 505 2406 itaque,
535 2324 784 2405 quemadmodum
816 2329 846 2383 et
874 2321 916 2383 illi
945 2321 1042 2382 dicere
1071 2319 1232 2380 audebunt:
1257 2321 1342 2394 „Non

114 2413 266 2506 „semper
275 2428 373 2500 Pater,
395 2446 457 2488 non
479 2446 597 2505 semper
612 2425 723 2498 Filius3
745 2443 813 2486 nam
828 2443 889 2484 non
906 2431 969 2484 erat
983 2421 1075 2482 lilius
1092 2431 1248 2500 antequam
1264 2431 1344 2485 esset

114 2575 133 2598 ‚,
143 2528 275 2606 genitus,
299 2528 352 2590 sed
373 2528 437 2605 ipse
460 2546 577 2604 quoque
593 2544 627 2585 ex
643 2525 735 2587 nihilo
751 2525 807 2588 tuit
821 2528 926 2588 lactus.
964 2523 1040 2584 Hinc
1056 2541 1114 2584 nou
1130 2542 1249 2602 semper
1263 2523 1343 2584 lleus

115 2627 203 2700 „luit
215 2626 282 2685 Filii
291 2627 397 2696 Pater,
418 2627 470 2686 sed
493 2643 559 2686 eum
582 2626 675 2686 lactus
699 2637 728 2685 ει
749 2633 864 2687 creatus
888 2635 936 2686 est
950 2625 1052 2694 Filius,
1077 2633 1145 2685 tunc
1160 2624 1249 2684 eliam
1266 2623 1346 2683 lleus

122 2724 220 2795 „eius
245 2724 332 2782 Pater
365 2731 410 2782 est
435 2724 605 2801 appellatus.
647 2723 778 2803 Namque
798 2745 848 2788 res
870 2733 969 2788 creata
991 2733 1020 2784 et
1041 2726 1115 2786 laeta
1138 2733 1184 2784 est
1205 2721 1347 2794 Verbum,

123 2820 240 2899 „quod
263 2830 292 2882 et
313 2821 474 2881 substantie
490 2821 569 2882 Patri
590 2821 730 2882 dissimile
751 2832 797 2884 est
818 2844 852 2884 ae
874 2834 1037 2884 externum.
1081 2825 1149 2883 Non
1171 2831 1271 2882 autem
1293 2839 1349 2880 ua·
1454 2815 1460 2824 '

117 2967 141 2998 „
154 2929 221 2982 tura
244 2930 295 2982 aut
318 2939 406 2982 verus
421 2929 466 2982 est
476 2921 571 2981 Patris
583 2920 687 2992 Filius,
708 2939 802 2998 neque
824 2923 886 2982 sola
909 2931 939 2982 et
959 2943 1027 2983 iera
1046 2924 1110 2983 eius
1128 2931 1175 2982 est
1190 2920 1350 2998 Sapientia,

116 3071 136 3098 „
151 3023 206 3084 sed
230 3031 364 3084 creatum
387 3031 434 3083 est
456 3030 484 3082 et
506 3040 563 3083 una
580 3039 614 3081 ex
630 3019 720 3080 rebus
736 3021 850 3094 crealis,
871 3021 1059 3099 verbumque
1075 3031 1104 3080 et
1119 3021 1268 3099 Sapientia
1290 3039 1350 3080 uon

117 3124 205 3200 „nisi
221 3123 368 3186 abusione
384 3123 501 3184 dicitur.
545 3123 606 3183 Per
620 3121 747 3183 Verbum
772 3121 861 3194 euim,
883 3123 962 3200 quod
979 3129 1024 3180 est
1040 3122 1068 3180 in
1083 3121 1180 3192 Patre,
1203 3127 1232 3180 ει
1253 3120 1347 3200 ipsum

118 3245 268 3306 „quoque
291 3227 399 3286 lactum
422 3234 478 3298 est,
503 3232 535 3285 ut
558 3233 587 3284 et
610 3233 726 3284 caetera
749 3223 858 3294 omnia,
883 3241 918 3283 ae
937 3220 1063 3301 proinde
1083 3221 1235 3283 neeFilius
1258 3241 1343 3284 verns

118 3335 192 3397 „est
214 3327 327 3388 licus‘·
372 3326 434 3405 Ego
456 3343 526 3386 vere
549 3325 608 3386 hoc
630 3324 760 3404 primum
782 3324 820 3384 ab
842 3323 901 3384 illis
925 3323 1009 3384 velim
1032 3323 1182 3397 sciscitari,
1205 3323 1343 3404 quidnam

117 3447 243 3506 prorsus
275 3427 314 3488 sit
335 3425 442 3498 Filius,
471 3425 577 3506 quidve
606 3443 642 3486 eo
670 3425 791 3488 nomine
813 3425 1010 3504 significetur,
1046 3433 1077 3485 ut
1097 3425 1155 3486 hoe
1175 3435 1261 3506 paeto
1285 3425 1343 3504 ipsi

119 3529 186 3606 quid
210 3529 308 3590 dicant
329 3527 447 3607 possiet
469 3527 642 3606 intelligere.
687 3525 830 3605 Equidem
853 3545 889 3587 ex
912 3526 1006 3588 divina
1024 3526 1176 3605 Sqiptnra
1189 3526 1342 3597 discimus,

121 3629 264 3706 duplicem
291 3629 379 3688 liuius
407 3628 537 3689 nominis
561 3645 629 3689 esse
654 3627 912 3705 significationem,
936 3647 1040 3700 unam,
1064 3628 1148 3688 cuius
1172 3627 1289 3703 llloyses
1312 3625 1343 3686 in
1420 3700 1424 3710 1

121 3729 181 3808 lege
204 3728 351 3789 meminit:
375 3729 410 3791 Si
430 3731 598 3802 audieritis,
622 3728 726 3807 inquit,
750 3748 852 3791 vocem
873 3729 997 3792 llemine'
1018 3729 1077 3789 Dei
1098 3730 1209 3796 vestri,
1232 3734 1267 3786 ut
1290 3745 1344 3786 eu-

121 3830 257 3892 alodialis
282 3834 382 3891 omnic
401 3831 543 3892 munidato
565 3836 638 3900 eles,
661 3849 735 3910 quae
758 3849 809 3910 epe
830 3835 986 3910 praecipio
1011 3829 1066 3890 tibi
1081 3828 1174 3896 lodie,
1197 3827 1342 3904 ulfacius

123 3930 229 3992 lenum
251 3938 279 3991 et
302 3930 382 4010 qued
403 3940 554 4008 occeptum
577 3942 622 3990 est
646 3930 773 3990 Domino
797 3929 858 3988 Dee
883 3939 952 4000 tee;
976 3927 1038 4006 filii
1057 3931 1128 3989 estis
1150 3927 1274 3988 Dareitai
1288 3926 1345 3986 lte·

121 4035 226 4092 nostri.
273 4029 341 4102 Quo
371 4029 459 4090 etiam
488 4047 580 4089 sensu
602 4029 729 4088 loannes
758 4027 789 4088 in
812 4027 960 4106 evangelio
983 4027 1036 4087 ait:
1069 4026 1223 4108 Quotquot
1245 4039 1345 4088 eutem

120 4273 192 4337 οἷόν,
236 4276 279 4332 ἑτέ
297 4295 333 4330 αν
363 4277 393 4332 δὲ
431 4298 448 4329 ν
476 4281 508 4349 τῇ
536 4275 634 4331 ἑαυτου
662 4271 705 4329 eri-
758 4283 858 4345 sepiem.

122 4343 175 4411 riq,
193 4341 255 4398 καθ’
276 4297 384 4409 fulan
401 4345 499 4416 σοφός.
535 4351 625 4400 idest:
643 4349 705 4399 liele
790 4363 811 4411 g.
831 4350 872 4398 Sic
895 4349 991 4411 Regius,
1033 4347 1061 4398 dl
1085 4348 1126 4398 alii
1150 4353 1174 4397 et
1197 4345 1253 4395 editi
1279 4337 1344 4398 daris

120 4207 168 4261 τὸν
191 4209 258 4264 θεὸν
281 4210 327 4262 καὶ
349 4211 470 4332 noviper·
495 4209 565 4280 μίαν
588 4207 641 4278 μὲν
658 4205 708 4260 τὸν
759 4215 789 4262 eil
807 4215 832 4262 in
849 4229 891 4264 see
909 4217 1051 4276 substantie,
1079 4215 1205 4264 secundem
1222 4227 1290 4300 quein
1310 4219 1341 4260 eit

121 4417 173 4468 tae:
196 4419 228 4468 cd
251 4419 306 4468 illm
330 4433 379 4468 esre
397 4421 472 4480 dicte,
498 4421 539 4482 qui
557 4421 703 4468 etiamnunc
755 4417 874 4466 emittunt.

120 4483 186 4534 lieren
197 4494 217 4536 et
227 4487 316 4536 Putrem
333 4487 391 4536 deor
409 4488 535 4550 sapienties
553 4487 702 4536 latescen-
789 4483 812 4534 h.
831 4484 872 4533 Sic
890 4483 947 4545 iles.
966 4490 993 4532 ut
1011 4489 1035 4530 et
1052 4481 1129 4530 versio
1148 4479 1213 4530 Lxx.
1249 4477 1342 4528 caeteri

123 4554 221 4616 tentem,
241 4569 311 4605 neena
328 4554 518 4618 meridient,
538 4554 702 4616 alterumquee
757 4557 781 4602 et
797 4550 854 4603 editi
872 4541 904 4598 τό
923 4550 1036 4599 omittunt
1054 4555 1077 4597 ct
1094 4561 1139 4611 pro
1157 4537 1283 4596 inanior
1298 4547 1344 4594 lm·
