3226 5280
230 405 290 468 114
628 417 654 462 ε.
669 414 1061 462 ιτιιιιιιιιιιισαιτειεοονι

142 572 285 656 νακτῆς
311 567 345 636 ἐν
366 567 504 652 Χριστῷ
532 571 679 643 πίστεως
706 563 766 652 τήν
793 559 899 651 ὀρθήν
920 585 986 648 μου
1008 561 1179 650 φρόνησιν.
1224 563 1292 632 ἔδει
1312 566 1373 650 μὲν
1394 554 1454 634 οῦν

225 666 281 736 καὶ
302 666 380 746 τούς
397 661 597 752 Ἀρειανούς,
621 665 717 751 εἴπερ
740 659 827 747 εἶχον
848 660 1039 749 ὑγιαίνοντα
1060 664 1117 730 τὸν
1133 666 1219 745 νοῦν,
1243 669 1382 734 τοιαῦτα
1396 668 1456 734 λο-

225 767 381 855 γίζεσθαι
400 770 455 833 καί
478 769 613 854 φρονεῖν
635 767 787 851 περὶτοῦ
803 763 1011 832 ἐπισκόπου·
1034 763 1145 830 πάντα
1158 764 1223 851 γάρ
1239 764 1368 834 ἐνώπια
1381 777 1454 847 τοῖς

226 870 396 936 σννισῦσίν
418 867 565 935 ἐστικαὶ
588 859 679 952 όρθὰ
699 875 771 944 τοῖς
793 861 982 951 εὑρίσκουσι
1002 867 1163 951 γνώσιν“).
1210 865 1326 954 ἐπειδὴ
1350 868 1452 955 δὲμὴ

225 969 394 1053 μαθόντες
420 966 496 1054 Ιτὴν
523 973 641 1034 πίστιν
667 970 727 1054 τῆς
753 968 935 1053 καθολικῆς
966 961 1138 1052 ἐκκλησίας
1165 967 1383 1036 πεπτώκασιν
1405 969 1454 1049 είς

140 1088 218 1134 εισι.
227 1064 391 1155 ἀσέβειαν,
413 1066 470 1136 καὶ
491 1068 612 1134 λοιπόν
633 1067 692 1135 τόν
713 1070 790 1134 νοῦν
812 1072 1053 1154 πεπηρωμένοι
1067 1067 1257 1150 νομίζουσιν
1270 1063 1357 1136 εἶναι
1378 1075 1451 1139 ι’κοιλ

225 1169 268 1238 τὰ
289 1164 380 1256 όρθὰ
401 1168 551 1255 στρεβλύ,
574 1172 629 1235 καί
652 1169 784 1254 λέγουσι
805 1167 845 1234 τὸ
865 1170 926 1253 μὲν
949 1170 1024 1254 φώς
1046 1166 1172 1248 σκότος,
1197 1167 1253 1234 οτό
1277 1171 1314 1237 δὲ
1334 1171 1452 1252 σκότος

225 1271 414 1355 νομίζουσιν
436 1263 522 1336 εἶναι
543 1272 625 1356 φῶς,
649 1263 826 1355 ἀναγκαῖον
847 1271 902 1336 καί
924 1266 966 1335 τό
988 1267 1023 1336 ἐκ
1044 1271 1111 1334 τών
1133 1265 1242 1336 ἀλλων
1264 1270 1451 1340 ἐπιστολῶν

224 1375 283 1437 τοῦ
311 1375 491 1436 Διονυσίου
520 1375 746 1457 παραθέσθαι
772 1372 827 1436 καὶ
853 1367 894 1435 τό
921 1369 1031 1436 α’ότιον
1059 1364 1167 1436 αύτών
1195 1371 1283 1456 πρὸς
1310 1375 1451 1442 πλείονα

223 1470 428 1556 κατάγνωσιν
460 1473 525 1538 τών
558 1471 738 1556 αἱρετικιῦν.
784 1470 820 1552 ἐξ
851 1467 961 1538 αύτών
987 1469 1050 1556 γὰρ
1078 1469 1134 1536 καὶ
1159 1465 1255 1557 ἡμεῖς
1281 1472 1450 1556 μαθόντες

224 1567 311 1638 οῦτω
333 1572 411 1658 περί
433 1575 492 1638 τοῦ
515 1566 634 1659 ἀνδρὸς
656 1575 841 1660 φρονοῦμεν
863 1573 917 1639 καὶ
940 1569 1118 1658 γράφομεν.

311 1678 359 1739 13.
404 1668 463 1738 “H
493 1672 530 1739 δέ
558 1671 744 1761 πρόφασις,
779 1667 821 1740 δι’
844 1669 885 1761 ἣν
907 1672 1031 1758 ἔγραψε
1051 1670 1112 1749 τὰς
1133 1667 1236 1750 άλλας
1257 1671 1445 1754 ἐπιστολάς,

223 1771 329 1840 ’ἐστιν
363 1770 455 1862 αῦτη.
499 1778 680 1841 Διονυσίου
708 1777 768 1840 τοῦ
800 1771 986 1842 ἐπισκόπου
1014 1771 1185 1855 μαθόντος
1212 1775 1289 1858 περὶ
1317 1777 1383 1840 τῶν
1412 1775 1447 1843 ἐν

222 1874 436 1943 Πενταπόλει
462 1876 516 1941 καί
546 1874 630 1961 ζήλῳ
652 1877 711 1964 τῆς
732 1868 901 1960 εύσεβείας
921 1872 1127 1960 γράψαντος,
1156 1871 1250 1940 καθὰ
1271 1885 1446 1960 προεῖπον,

222 1973 306 2040 κατὰ
326 1978 385 2062 τῆς
407 1975 564 2060 αἱρέσεως
579 1977 761 2061 Σαβελλίου
782 1974 841 2061 τήν
863 1973 950 2061 πρὸς
965 1969 1166 2062 Εὐφράνορα
1185 1975 1240 2040 καί
1260 1968 1465 2058 Ἀμμώνιον·

223 2072 411 2162 ἐπιστολήν,
435 2077 523 2156 τινές
543 2080 610 2142 τών
631 2072 702 2144 ἀπὸ
723 2080 782 2165 τῆς
797 2076 968 2163 ἐκκλησίας
989 2077 1000 2116 ¹
1007 2070 1162 2162 ἀδελφῶν
1177 2078 1376 2162 φρονοῦντες
1389 2079 1449 2160 μέν

223 2167 351 2260 ὀρθῶς,
384 2175 429 2262 μὴ
458 2176 680 2264 ἐρωτήσαντες
702 2179 738 2246 tt
760 2172 875 2258 αύτόν,
908 2176 966 2244 tra
986 2171 1065 2261 παρ’
1090 2169 1192 2241 αὐτοῦ
1212 2174 1355 2260 μάθωσι
1375 2181 1450 2256 πώς

222 2274 375 2361 ἔγραψεν,
400 2271 547 2364 ἀνῆλθον
569 2278 616 2358 είς
637 2278 696 2366 τήν
714 2274 834 2366 Ῥώμην
855 2278 910 2343 καὶ
932 2275 1161 2364 κατειρήκασιν
1176 2271 1278 2342 αύτοῦ
1293 2277 1387 2364 παρὰ
1401 2281 1448 2365 τῷ

223 2370 386 2465 ὁμωνύμῳ
410 2373 511 2445 αύτοῦ
533 2383 702 2466 Διονυσίῳ
724 2380 771 2458 τῷ
794 2377 969 2464 ἐπισκόπῳ
989 2375 1118 2463 Ῥώμης.
1141 2371 1291 2463 κάκεῖνος
1305 2373 1449 2459 ἀκούσας

222 2477 366 2563 ἔγραψεν
398 2475 482 2563 όμοῦ
510 2479 594 2547 κατά
614 2483 739 2548 τετῶν
759 2478 803 2546 τὰ
823 2481 1006 2564 Σαβελλίου
1029 2475 1247 2557 δοξαζόντων,
1281 2483 1337 2547 καί
1365 2481 1449 2548 κατὰ

220 2580 287 2644 τῶν
309 2580 521 2666 φρονούντων
542 2585 655 2662 ταῦτα,
680 2577 766 2665 άπερ
788 2583 843 2647 καὶ
860 2577 994 2668 ’Ἀρειος
1015 2580 1118 2664 λέγων
1140 2575 1301 2666 ἐξεβλήθη
1323 2583 1382 2668 τῆς
1397 2581 1448 2648 ἐκ·

219 2679 365 2766 κλησίας,
389 2680 464 2770 λ’σην
485 2681 646 2751 καὶκατὰ
667 2681 844 2767 διάμετρον
866 2675 1020 2766 ἀσέβειαν
1043 2674 1128 2746 εἶναι
1142 2679 1244 2764 λέγων
1258 2679 1317 2766 τήν
1331 2706 1368 2748 τε
1381 2688 1448 2748 Σα-

219 2781 353 2866 βελλίου
379 2785 435 2849 καί
462 2782 521 2870 τήν
548 2786 615 2850 τῶν
642 2781 803 2869 λεγόντων
831 2788 953 2864 κτίσμα
981 2783 1034 2847 καί
1066 2776 1196 2867 ποίημα
1217 2784 1290 2848 Ικοιί
1312 2782 1447 2871 γενητόν

223 2875 309 2949 εέναι
336 2882 394 2950 τόν
420 2887 480 2950 τοῦ
506 2887 593 2952 θεοῦ
616 2883 721 2971 λόγον.
767 2882 938 2951 ἐπέστειλε
973 2882 1083 2948 δὲκαὶ
1106 2887 1275 2968 Διονυσίῳ
1299 2883 1448 2970 δηλῶσαι

220 2981 300 3068 περὶ
328 2973 373 3050 ών
403 2985 551 3072 εἰρήκασι
572 2980 640 3052 κατ’
665 2980 775 3052 αύτοῦ.
821 2986 875 3052 καί
898 2978 1102 3068 ἀπέγραψεν
1125 2979 1226 3061 εύθύς
1247 2977 1363 3063 αῦτός,
1391 2989 1447 3053 καί

221 3081 392 3170 ἐπέγραψε
411 3085 454 3153 τὰ
474 3087 590 3172 βιβλία
611 3085 741 3173 ἐλέγχου
762 3090 816 3154 καί
840 3081 1032 3169 ἀπολογίας.
1070 3083 1218 3150 ἐνταῦθα
1238 3083 1278 3149 τὸ
1297 3085 1447 3172 μυσαρὸν

118 3195 122 3202 ’
221 3180 433 3268 ἐργαστήριον
455 3190 521 3252 τών
543 3187 791 3273 ιιγριστομάγων
812 3183 966 3252 κατανόει
986 3183 1042 3251 καὶ
1063 3188 1138 3264 πῶς
1159 3180 1253 3252 αὐτοὶ
1275 3180 1352 3252 καθ’
1370 3186 1448 3254 δαυ-

219 3283 286 3346 τών
307 3281 366 3367 τήν
388 3285 542 3372 αἰσχύνην
564 3287 732 3374 ἐκίνησαν·
754 3291 935 3354 Διονυσίου
956 3283 1018 3371 γὰρ
1039 3287 1098 3351 τοῦ
1121 3283 1308 3352 ἐπισκόπου
1326 3282 1446 3375 Ῥώμης

218 3379 411 3466 γράψαντος
442 3385 496 3449 καλ
528 3385 612 3452 κατὰ
638 3390 705 3452 τιῦν
733 3385 894 3471 λεγόντων
921 3391 1042 3468 κτίσμα
1063 3383 1120 3452 καὶ
1140 3386 1351 3473 ποίηματὸν
1372 3387 1445 3455 υίδν

219 3482 278 3546 τοῦ
307 3485 408 3562 θεοῦ,
440 3483 603 3552 δείκνυται
630 3483 675 3572 μή
698 3489 755 3552 νῦν
777 3489 912 3571 πρῶτον
934 3479 1004 3553 ἀλλ’
1030 3485 1173 3554 έκπαλαι
1193 3487 1289 3571 παρὰ
1309 3489 1445 3556 πάντων

220 3575 534 3665 ἀναθεματισθεῖσα
555 3587 621 3649 τών
644 3585 882 3670 ὶχριστομάχων
901 3581 1082 3672 ’Λρειανών
1104 3583 1123 3671 ἡ
1146 3587 1282 3672 αἵρεσις.
1328 3590 1446 3658 ἔπειτα

218 3678 399 3750 Διονυσίου
428 3686 487 3748 τοῦ
517 3683 704 3751 ἐπισκόπου
727 3689 785 3774 τῆς
804 3681 1054 3772 Ἀλεξανδρείας
1076 3681 1344 3772 ἀπολογουμένου
1366 3695 1445 3778 περὶ

219 3771 258 3874 ἧς
280 3782 423 3869 ἔγραψεν
445 3783 624 3874 ἐπιστολῆς
631 3836 639 3866 ,
671 3789 901 3874 φαίνεταικαὶ
924 3783 1023 3864 αὐτὸς
1043 3785 1126 3873 μήτε
1148 3781 1253 3867 ούτως
1277 3791 1445 3880 φρονήσας

220 3877 265 3962 ώς
286 3878 400 3951 ιαύτολ
424 3887 564 3971 λέγουσι,
586 3887 669 3976 μήτε
693 3883 777 3968 ὅλως
798 3887 857 3976 τήν
876 3883 1008 3974 Ἀρείοο
1031 3888 1227 3969 κακοδοξίαν
1249 3889 1398 3978 ἐσχηκώς.

290 4072 313 4132 t)
331 4073 397 4122 Prot.
417 4073 441 4134 8,
459 4075 484 4124 9.

252 4219 272 4252 ι.
290 4197 342 4263 τήν
359 4207 427 4258 διατι
445 4209 468 4256 in
488 4208 544 4270 θος.
562 4215 586 4257 et
605 4211 628 4258 in
647 4211 718 4260 editis
737 4210 802 4260 δεώ-
888 4212 911 4262 δ.
931 4212 995 4262 Ηιεο
1012 4214 1098 4263 verba:
1122 4206 1130 4226 ‘
1151 4208 1181 4261 δὲ
1197 4206 1340 4278 πρόφασις
1357 4206 1393 4263 δι’
1410 4206 1445 4275 ἣν

217 4271 324 4333 dentur,
343 4273 444 4324 habetur
462 4283 541 4324 tutem
561 4276 583 4324 in
603 4277 702 4326 Τιοιὶιι.
720 4279 767 4327 Ιει.
779 4285 803 4327 ει
854 4271 959 4345 ἔγραψε
967 4273 1017 4332 τὰς
1028 4230 1269 4336 ἀλλαεέπιστσλάς,
1289 4273 1366 4329 ἐστιν
1374 4275 1442 4343 αῦτη

218 4339 256 4387 Fr.
274 4339 291 4386 Ι.
461 4400 469 4418 ¹
855 4347 885 4396 nd
905 4346 1003 4396 modum
1022 4347 1083 4398 tituli
1102 4348 1180 4397 iacent
1197 4347 1221 4396 in
1240 4349 1351 4398 omnibns
1370 4350 1442 4400 editis

252 4406 274 4453 b.
291 4400 340 4454 κατ’
355 4415 410 4458 ante
434 4420 469 4456 τα
486 4409 555 4458 donst
573 4411 597 4459 iu
617 4411 713 4462 Tauria.
733 4411 802 4462 eott.
855 4421 879 4461 ει
897 4415 1075 4477 manuscriptis,
1095 4415 1164 4476 ηυιιλ
1183 4427 1244 4478 qute
1259 4416 1442 4478 subsequuntur

217 4469 265 4520 Ιεε.
276 4472 324 4522 Sed
340 4473 459 4538 tegiturin
470 4476 583 4525 οιαοῑίιοι
596 4477 667 4526 editis
677 4485 700 4527 ει
713 4479 803 4540 integ.
855 4480 928 4528 atium
960 4483 1134 4530 constituerent
1164 4488 1298 4532 ιιισῑιισιο.
1340 4481 1441 4533 Tauria.

251 4553 271 4587 α.
291 4539 388 4592 Τιατίο.
406 4543 536 4593 (ΣοΙΙιΛεε.
557 4543 623 4594 ΕΜ.
641 4536 675 4592 τό
694 4538 723 4594 δὲ
741 4543 803 4594 σινδ-
854 4561 910 4595 vero
935 4547 971 4596 εἰε
994 4547 1023 4596 ad
1048 4549 1179 4608 maginem
1205 4547 1289 4598 hahet:
1320 4540 1442 4612 λόγσςβ

215 4615 263 4659 τοο
280 4604 342 4671 φώς
359 4609 458 4660 omittis
476 4610 634 4662 intermeditn.
854 4611 904 4662 τοῦ
920 4604 1042 4678 μεγάλου
1062 4605 1234 4664 Ἀθανατίου.
1267 4615 1346 4680 utqui
1369 4617 1440 4668 λιλα-
