3054 5236
506 376 651 420 srtsroxs
663 377 703 447 pn
719 377 899 445 sarcrnruu.
1244 366 1305 428 839

19 529 165 592 actori
197 535 378 607 exaequant,
402 534 433 587 ot
454 525 636 588 arbitrantur
657 544 751 606 posse
765 525 908 619 Doitstem
924 529 1126 590 accessionem
1143 529 1307 608 admittere,
1317 547 1392 592 nore.

19 637 275 709 gnorentque
304 645 365 688 non
387 635 510 707 propter
538 636 727 706 augmentum
751 627 875 702 Deitatis
897 627 1026 690 Verbum
1054 648 1172 692 carnem
1200 632 1307 692 laetum

19 751 127 804 esse,
163 730 232 793 secl
254 737 288 792 ut
309 747 379 790 caro
401 737 583 809 resurgeret,
605 746 703 808 neque
724 727 977 809 utprsestantius
992 729 1168 792 redderetur
1181 731 1308 802 Verbum

19 852 62 894 ex
96 831 225 894 Maria
246 829 408 910 prodiisse,
435 830 488 892 scd
510 838 545 892 ut
565 830 726 902 humanum
748 844 842 907 genus
865 827 1034 891 redimeret.
1078 831 1138 891 Cur
1159 848 1230 908 ergo
1254 851 1307 892 ex·

18 933 219 1008 istimant,
242 947 354 1010 corpus
376 949 393 990 s
415 929 512 991 Verbo
534 929 699 992 redemtum
723 937 754 989 et
773 928 949 991 vivificatum
972 930 1068 992 Verbo
1091 931 1246 993 vivificanti
1271 933 1308 994 ad

18 1035 220 1096 Deitatem
249 1032 463 1101 incrementum
496 1029 615 1120 aliquod
643 1027 775 1091 accerst
818 1028 892 1092 Nam
914 1031 1015 1110 potius
1036 1032 1166 1094 humano
1189 1034 1308 1112 corpori

19 1157 66 1198 ex
97 1133 221 1196 Verbi
252 1131 461 1195 communione
490 1139 521 1192 et
548 1129 760 1210 coniupctioue
785 1131 891 1210 ingens
919 1131 994 1193 lacta
1021 1140 1068 1193 est
1090 1132 1240 1208 accessio,
1273 1151 1309 1196 ex

18 1234 192 1300 mortali
219 1234 299 1296 enim
322 1235 429 1296 lactum
452 1243 499 1294 est
519 1227 698 1304 immortale,
722 1241 752 1292 et
772 1250 839 1294 cum
862 1232 988 1294 animale
1011 1242 1108 1307 esset,
1131 1235 1239 1296 lactum
1262 1242 1309 1295 est

27 1335 249 1418 spirituale,
278 1315 461 1415 uumqueex
483 1343 561 1396 terra
583 1335 692 1396 lactum
715 1340 813 1407 esset,
843 1333 987 1396 caelestes
1009 1343 1112 1415 portas
1135 1335 1309 1413 penetrarit.

27 1439 162 1500 Porro
193 1435 327 1498 Trinitas
350 1436 438 1496 etiarn
460 1435 557 1496 Verbo
581 1454 617 1497 ex
639 1434 728 1496 blaria
751 1452 862 1513 eorpus
886 1442 1022 1496 sumente
1038 1434 1169 1498 Trinitas
1191 1453 1310 1515 semper

36 1549 118 1614 est,
158 1547 266 1616 neque
295 1537 498 1598 accessionem
521 1536 679 1598 admittens
700 1553 798 1614 neque
820 1535 1063 1610 diminutionem,
1097 1537 1151 1598 sed
1179 1537 1311 1615 perlecta

36 1657 194 1719 semper
219 1645 283 1709 est,
313 1645 343 1698 et
369 1638 399 1697 in
423 1636 567 1698 Trinitate
596 1653 654 1696 una
676 1634 775 1714 licitas
798 1637 984 1720 agnoscitur,
1015 1645 1045 1698 et
1066 1635 1110 1698 sic
1131 1635 1309 1698 unus-Deus

40 1739 157 1804 Verbi
186 1739 277 1798 Pater
299 1737 330 1798 in
352 1735 484 1798 Ecclesia
506 1735 703 1815 praedicatur.

160 1940 217 2002 10.
262 1935 373 1998 Eadem
395 1943 494 1997 autem
517 1936 633 1998 ratione
655 1935 676 1998 li
698 1955 816 2016 quoque
839 1937 896 1999 iam
919 1937 1058 2010 silebunt,
1082 1939 1133 2016 qui
1148 1937 1304 2017 aliquando

50 2033 196 2112 dixere,
231 2055 316 2111 eum,
349 2037 399 2116 qui
429 2056 464 2098 ex
486 2037 576 2099 Maria
598 2037 725 2116 prodiit,
756 2055 812 2098 neo
831 2037 984 2100 Christum
1007 2056 1063 2100 nec
1083 2037 1242 2100 [lominum
1264 2039 1309 2100 rel

55 2141 170 2203 Deum
196 2155 277 2200 esse.
323 2137 355 2198 Si
378 2137 456 2198 enim
478 2136 558 2199 Deus
581 2138 613 2198 iu
635 2153 761 2218 corpore
783 2156 844 2200 non
867 2147 939 2212 erat,
963 2139 1113 2218 mornado
1137 2140 1237 2202 statim
1259 2148 1307 2202 at-

56 2261 126 2322 que
154 2258 196 2302 ex
218 2238 308 2301 blaria
331 2239 444 2318 prodiit
466 2248 586 2300 vocatus
610 2251 657 2300 est
677 2238 872 2310 Emmanuel,
903 2242 982 2321 quod
1004 2250 1051 2304 art
1071 2245 1309 2319 interpretatura

15 2337 16 2346 ’
59 2343 236 2404 nobiscum
257 2338 366 2402 Dara?
422 2339 482 2400 Cur
513 2339 585 2401 item
608 2339 733 2413 Paulus,
763 2340 790 2402 si
812 2340 939 2402 Verbum
969 2341 999 2401 iu
1029 2358 1118 2402 carne
1145 2357 1206 2400 non
1235 2347 1308 2412 erat,

59 2440 223 2503 Romanis
246 2439 383 2519 scripsit:
405 2439 455 2502 ne
476 2441 584 2521 quidus
608 2451 654 2502 est
678 2439 819 2502 Gloriatur
842 2441 1005 2504 seeundum
1028 2454 1166 2510 comem,
1190 2441 1244 2520 pul
1263 2449 1310 2501 art

14 2540 18 2576 ³
64 2559 171 2620 super
203 2545 304 2604 omniu
326 2540 409 2607 Deos
440 2541 671 2620 benedicturis
699 2542 835 2611 saeculo,
869 2538 982 2604 omen?
1038 2539 1228 2619 Quapropter
1258 2539 1309 2619 qui

65 2641 161 2721 prius
185 2641 344 2719 negabant,
367 2659 447 2715 eum,
470 2641 520 2721 qui
543 2642 700 2703 crucifixus
721 2652 785 2717 est,
809 2660 878 2704 esse
901 2627 1013 2714 Deum,
1037 2658 1070 2702 se
1093 2657 1211 2702 errasse
1231 2639 1308 2702 late-

14 2755 15 2760 ’
72 2749 185 2811 antur,
210 2759 244 2802 ac
263 2740 372 2802 divinis
395 2741 535 2832 omnibus
560 2741 722 2822 Scripturis
744 2743 833 2804 tidem
855 2740 998 2814 habeant,
1022 2739 1155 2802 Thomas
1176 2740 1303 2819 potissi-

70 2859 179 2912 mum,
214 2841 263 2920 qui
296 2861 361 2904 oum
395 2842 425 2903 iu
454 2841 504 2903 illo
533 2841 685 2905 durorum
714 2843 838 2922 vestigia
867 2841 1092 2920 conspexisset,
1121 2839 1308 2904 exclamarit:

74 2943 232 3004 Dominus
259 2961 344 3004 meur
366 2955 395 3006 et
417 2942 498 3006 Deus
521 2963 616 3006 meus.
660 2943 753 3005 Filius
777 2943 856 3003 euim
878 2941 957 3019 Deus
980 2950 1010 3003 et
1030 2941 1176 3002 Dominus
1198 2940 1310 3020 gloriae
1354 3017 1358 3026 .

74 3060 145 3104 cum
170 3048 269 3114 esset,
299 3052 364 3104 erat
384 3052 483 3106 umen
505 3045 536 3106 in
559 3061 686 3124 corpore
709 3042 911 3122 ignominiose
931 3041 1020 3104 elaris
1039 3042 1129 3118 affixo
1152 3050 1181 3103 et
1203 3050 1310 3104 contu-
1361 3121 1365 3128 Ι

76 3142 180 3206 meliis
210 3143 326 3204 allecto.
371 3143 487 3224 Corpus
517 3153 615 3205 autem
645 3143 676 3220 iu
698 3143 778 3223 ligno
802 3144 920 3223 quidem
942 3143 1115 3206 vulneribus
1137 3143 1309 3204 conlossum
1397 3127 1401 3138 ’

77 3243 266 3326 patiebatur,
297 3253 326 3304 et
357 3244 394 3306 ab
423 3245 487 3316 eius
517 3244 608 3306 latere
636 3243 756 3323 sanguis
778 3253 809 3306 et
829 3234 903 3324 agua
925 3243 1074 3306 manabat.
1118 3243 1191 3306 Cum
1212 3251 1310 3306 autem

81 3347 137 3410 Dei
160 3345 317 3425 Templum
340 3354 431 3420 esset,
454 3344 567 3407 lleitate
590 3343 735 3424 repletum
758 3354 829 3407 erat.
875 3345 1020 3418 Quocirca
1036 3344 1082 3406 sol
1097 3345 1227 3424 quidem,
1243 3361 1398 3412 cumnroa.

82 3453 249 3520 creatorem
271 3464 359 3508 suum
382 3447 413 3506 in
435 3465 563 3526 corpore
586 3445 774 3508 contumeliis
798 3447 904 3508 allecto
920 3445 1098 3526 tolerantem
1114 3445 1236 3519 rideret,
1258 3464 1310 3508 ra·
1336 3456 1344 3479 “

21 3591 24 3601 ·
84 3549 149 3613 dios
178 3547 323 3609 contraxit
351 3555 518 3628 terramque
546 3547 676 3609 tenebris
699 3547 815 3609 olludit.
858 3547 960 3627 lpsum
983 3564 1054 3608 reru
1077 3565 1186 3630 corpus
1207 3549 1312 3610 natura

86 3648 249 3732 praeditum
271 3649 389 3710 mortali
413 3668 502 3728 supra
526 3667 608 3710 suam
632 3657 767 3710 naturam
789 3657 913 3729 propter
927 3647 1068 3723 Verbum,
1090 3646 1171 3727 quod
1192 3645 1223 3706 in
1244 3645 1312 3725 ipso

89 3759 165 3824 erat,
194 3749 372 3822 resurrexit,
403 3759 433 3810 et
460 3749 561 3810 amisit
583 3748 702 3828 quidem
725 3748 890 3812 naturalem
913 3767 997 3812 suam
1020 3745 1310 3828 corruptibilitatem,

89 3851 189 3912 induto
211 3854 308 3908 autem
331 3846 412 3924 quod
434 3864 524 3926 supra
539 3847 691 3908 bominem
708 3856 771 3908 erat
785 3847 882 3908 Verbo
897 3845 1121 3926 incorruptibile
1137 3847 1244 3908 lanum
1257 3853 1314 3908 est.

177 3950 223 4010 lt.
268 3945 356 4017 Quod
377 3965 449 4007 vero
472 3946 607 4024 nonnulli
631 3947 898 4009 comminiscuntur
921 3954 951 4008 et
972 3945 1089 4020 dicunt,
1118 3945 1313 4024 quemadmo—

96 4165 193 4218 roes
209 4163 307 4216 dubler
325 4163 430 4235 Falelpr.
449 4163 470 4213 l.
495 4163 634 4226 Seguerlso.
653 4171 676 4214 at
724 4170 799 4214 reete.
835 4161 879 4213 tttt
896 4154 1051 4244 τυῃάνων,
1069 4159 1288 4231 πεπληρωμένος.

98 4233 216 4297 Nierpltor.
759 4231 777 4280 l.
802 4230 893 4280 Vbeod.
912 4223 1005 4279 «troo.
1044 4233 1109 4281 lnlra
1127 4235 1227 4294 seguar.
1241 4226 1315 4281 awt-

130 4301 151 4350 d.
176 4299 251 4349 Exstat
269 4299 309 4348 bic
326 4299 395 4348 loeus
413 4298 476 4362 apud
496 4297 674 4348 'theodoretum
726 4291 823 4346 ceolla
859 4297 919 4348 lbid.
945 4298 1036 4348 Tbeod.
1060 4292 1198 4349 ἐσκότασε.
1239 4299 1315 4350 Paulo

99 4367 154 4418 llial.
165 4365 201 4416 lll.
219 4381 244 4430 p.
262 4365 317 4415 tuo.
724 4371 781 4428 post
798 4355 898 4426 chuo'r¹
919 4365 1015 4415 Goblar
1034 4366 1172 4416 Falciml.
1190 4366 1277 4430 Epipb.
1292 4372 1316 4415 ot
1358 4381 1368 4394 ·

130 4449 150 4484 a.
166 4435 202 4484 Sir
223 4433 309 4498 Epipb.
333 4431 424 4482 Tbsod.
444 4431 514 4484 Gobl.
532 4429 638 4481 Felclrn.
652 4431 675 4480 l.
725 4431 816 4482 Theod.
834 4424 948 4491 θνητήν.
984 4433 1046 4483 Edlti
1083 4445 1114 4482 εν
1114 4426 1188 4494 ptris.

105 4511 125 4550 et
140 4503 228 4564 Seguer
263 4499 326 4550 Editi
344 4493 375 4547 τὸ
394 4493 423 4547 di
442 4499 532 4614 σωμα
535 4513 584 4546 του
573 4497 671 4554 θεον
759 4513 781 4559 g.
799 4497 817 4546 E
838 4499 886 4563 ipb.
906 4495 1101 4568 90⁰dest
1099 4515 1154 4565 υμα
1172 4494 1202 4547 dr
1217 4495 1315 4562 γέγονε

104 4567 158 4617 lnlra
175 4569 269 4632 Saguer.
286 4558 431 4632 τυγχάνον,
450 4579 502 4616 aran
500 4541 672 4652 Ἇῆρωμένὸν,
724 4563 774 4616 τοῦ
791 4560 807 4612 l.
822 4579 883 4630 you.
