3250 5292
572 365 681 410 omero
696 365 740 410 ιιι.
757 365 872 410 eornm
887 365 1023 410 ιιιιιιοι.
1329 351 1392 415 ltu

161 517 258 584 vernt
281 519 356 580 Cum
379 517 467 596 igitur
488 535 522 578 se
544 534 610 578 eum
627 515 714 578 Patre
735 515 932 587 ooniunxerit„
954 515 1057 596 utique
1079 515 1137 578 hoo
1159 517 1236 578 laeto
1259 517 1480 580 declara-roae.

160 621 203 682 rit
225 638 258 681 se
280 628 403 680 naturae
425 617 522 680 Patria
544 633 629 691 esse,
657 633 775 696 nosque
796 617 898 678 douuit
920 635 988 678 rere
1011 635 1045 678 se
1066 635 1101 678 ex
1122 634 1193 680 vero
1216 618 1303 680 Patre
1325 637 1394 680 esse

161 721 305 801 genitum.
350 719 432 781 ldem
455 717 556 780 docuit
583 718 729 791 loannes,
763 725 796 779 ut
824 725 855 777 et
881 717 949 796 ipse
970 735 1089 796 quoque
1110 718 1267 792 didicerat,
1296 718 1341 780 sio
1362 719 1393 779 in

162 821 297 901 Epistola
330 819 483 882 scribens:
521 820 560 884 lta
590 839 694 882 suanus
725 824 757 880 ιἰι
786 836 877 890 vero,
911 822 944 878 ia
973 817 1049 879 Filio
1073 821 1137 880 er'au
1160 818 1230 880 leur
1253 819 1390 892 Christo;

161 927 227 1004 ipae
256 933 302 984 eat
328 939 422 984 verua
446 921 529 984 Deua
551 931 581 984 et
603 925 667 984 ulto
689 930 826 982 aeterno.
871 917 944 979 Cum
973 918 1044 980 item
1073 918 1222 998 Propheta
1250 919 1287 979 de
1308 937 1391 980 erea-

162 1024 245 1087 tione
272 1021 359 1086 dicit:
396 1023 459 1096 Qut
483 1022 569 1085 ιιιιιι
596 1022 730 1083 extrudit
751 1018 875 1090 eoeloa,
904 1036 1031 1098 eumque
1052 1018 1133 1080 Deua
1155 1019 1222 1097 ipse
1244 1019 1299 1078 ait:
1333 1013 1393 1098 Ego

162 1124 248 1188 aolus
261 1122 370 1186 ‘eueloa
399 1125 537 1195 extendi,
565 1121 758 1203 perspicuum
789 1137 860 1181 saue
883 1118 1022 1181 omuibus
1051 1127 1115 1193 est,
1149 1119 1180 1180 io
1211 1118 1277 1180 solo
1299 1119 1394 1182 solius

98 1247 104 1256 ·
164 1245 284 1305 quoque
306 1225 442 1298 Verbum,
465 1226 496 1286 in
518 1243 579 1304 quo
601 1223 700 1286 omnia
723 1224 797 1284 laeta
820 1227 942 1282 suntet
963 1221 1028 1282 siue
1050 1239 1109 1300 quo
1126 1221 1233 1282 laetum
1250 1219 1395 1292 estnihil,

165 1325 336 1406 significari.
379 1325 471 1406 lp'tur
499 1325 525 1387 si
548 1323 754 1406 perverbum
778 1321 845 1384 leoli
869 1329 939 1384 sunt
960 1321 1050 1394 eseli,
1080 1321 1152 1384 dioit
1178 1329 1277 1382 umen
1299 1319 1394 1383 lleus:
1489 1393 1495 1400 g

161 1427 224 1505 Epo
247 1427 341 1499 aolus,
365 1427 418 1488 sed
441 1445 508 1488 oum
531 1425 597 1487 eolo
620 1423 794 1504 intelligitur
808 1422 914 1496 Filius,
936 1440 992 1501 per
1012 1439 1099 1501 quern
1124 1422 1191 1482 tacti
1214 1433 1285 1484 sunt
1305 1423 1396 1497 caeli3

160 1527 299 1590 simililer
320 1545 393 1606 ergo
416 1527 532 1589 etiamsi
555 1526 683 1589 dicetur:
710 1525 797 1588 Unus
812 1523 895 1586 Deua
914 1532 945 1583 et
959 1523 1020 1602 ligo
1037 1523 1123 1585 aolus
1138 1531 1169 1584 et
1184 1523 1243 1602 Bpo
1263 1529 1394 1604 prtinus,

159 1628 191 1690 in
213 1646 287 1702 uno,
310 1628 377 1689 solo
400 1636 430 1688 et
451 1627 549 1706 primo
571 1627 659 1688 simul
682 1645 751 1688 esse
768 1624 897 1686 Verbum
913 1631 946 1685 ut
967 1625 998 1684 iu
1019 1623 1085 1686 luoe
1106 1623 1295 1704 splendorem
1317 1625 1396 1688 lruud

158 1729 251 1791 dubie
282 1735 331 1790 est
357 1727 598 1806 intelligendum
634 1728 713 1806 quod
742 1726 861 1807 quidem
889 1725 927 1786 de
948 1725 1028 1787 nullo
1050 1725 1108 1786 olio
1131 1733 1335 1805 praeterquam
1358 1725 1396 1788 du

158 1829 262 1891 Verbo
285 1828 408 1906 intelligi
431 1836 542 1907 potest
575 1829 707 1908 Namque
728 1845 779 1888 res
801 1835 917 1888 eeleree
940 1845 1045 1888 omnes
1066 1844 1122 1906 per
1142 1824 1248 1888 Filium
1271 1825 1396 1888 enihilo

162 1939 235 1994 sunt
256 1931 362 2003 laetae,
383 1930 568 2010 multumque
591 1929 627 1990 ab
650 1928 700 1990 illo
723 1933 827 1991 uaturl
850 1928 1000 2002 differunt,
1022 1928 1088 2009 ipse
1106 1935 1205 1989 autern
1220 1926 1313 1988 l'iliua
1328 1945 1397 1990 vere

162 2041 194 2094 et
216 2030 390 2092 naturaliter
412 2039 460 2092 est
481 2049 517 2092 ex
537 2031 627 2092 Patre
648 2030 775 2109 genitus.
819 2030 900 2092 lleee
920 2029 1047 2109 prolude
1069 2027 1157 2090 rerba
1182 2027 1242 2108 Ego
1261 2033 1395 2108 primus,

162 2150 239 2212 quae
269 2130 367 2192 stultis
395 2131 536 2194 adhibere
566 2133 663 2193 risum
691 2139 739 2192 est
765 2149 838 2192 suae
871 2129 1005 2192 haeresis
1037 2129 1269 2210 propugnandae
1297 2143 1396 2206 eausa,

161 2234 298 2313 ipsorum
320 2231 502 2312 impietatem
525 2231 620 2312 magle
643 2232 835 2311 redugoont.
880 2230 956 2309 ligo,
986 2230 1082 2310 iuquit
1103 2229 1198 2303 Deus,
1213 2235 1344 2311 primur
1368 2239 1396 2292 ιι

162 2351 214 2415 ego
233 2343 351 2414 posteo.
397 2333 484 2406 Quod
515 2334 542 2395 ei
571 2333 662 2412 igitur
690 2332 783 2394 velint
811 2350 878 2393 eum
901 2332 980 2392 iuter
1001 2349 1049 2392 res
1072 2349 1105 2392 se
1125 2332 1314 2411 posteriores
1337 2349 1395 2392 nu·

161 2435 273 2496 merari
293 2453 454 2514 earumque
476 2436 604 2515 primum
627 2434 703 2508 diei,
734 2443 768 2494 ut
790 2442 819 2494 et
841 2432 906 2494 illae
928 2433 996 2512 ipso
1018 2431 1080 2493 sint
1100 2432 1304 2511 posteriores,
1329 2429 1397 2490 inde

163 2542 243 2596 uerte
264 2535 424 2610 efficietur,
455 2543 489 2596 ut
510 2535 577 2614 ipse
600 2552 690 2614 opera
713 2534 780 2596 solu
803 2542 938 2613 tempore
966 2531 1137 2606 antecedam
1168 2531 1248 2610 quod
1278 2529 1397 2610 quidem

164 2651 256 2694 unum
279 2653 397 2696 ornnem
420 2645 542 2713 superat
563 2635 753 2714 impietatem.
791 2633 844 2696 Sin
866 2645 964 2697 eutero
988 2635 1062 2695 haee
1083 2631 1172 2694 verba
1196 2631 1256 2711 ligo
1276 2633 1397 2711 prr‘mua

166 2731 299 2814 protulit,
322 2741 356 2794 ut
376 2753 411 2796 se
432 2752 494 2795 nou
511 2753 585 2796 esse
606 2755 641 2796 er
663 2736 762 2817 aliquo
785 2755 842 2797 nee
862 2736 990 2814 aliquem
1013 2741 1083 2796 ente
1105 2751 1139 2794 se
1161 2731 1264 2802 luisse,
1288 2730 1341 2793 sed
1365 2749 1398 2792 se

166 2833 301 2895 omnium
323 2851 392 2896 esse
420 2834 599 2916 principium
627 2845 657 2898 et
683 2855 803 2899 oausam
836 2835 1023 2907 ostenderet,
1058 2840 1147 2910 atque
1176 2839 1209 2892 ut
1236 2831 1396 2893 Gentilium
1406 2849 1484 2900 ιιιω,

165 2933 340 3015 exploderet
361 2933 492 3009 fabulam
512 2937 699 3015 perspicuum
722 2954 841 3016 quoque
864 2945 911 2996 est
925 2935 1033 2995 Filium
1048 2931 1278 3013 primogenitum
1294 2931 1397 3012 appel-

164 3035 231 3108 lari,
254 3051 316 3096 ιιιιι
339 3035 418 3114 quod
441 3035 519 3096 inter
539 3053 589 3114 rea
604 3047 717 3098 creatas
734 3033 993 3106 numeretur‚.sed
1009 3033 1249 3095 adiudicandum
1266 3033 1398 3095 omnium

166 3137 349 3198 creationem
373 3143 403 3197 et
424 3135 614 3214 adoptionem
637 3153 693 3216 per·
706 3136 813 3196 Filirun
829 3153 897 3197 esse
912 3135 1057 3196 ellectum.
1086 3134 1238 3213 Siquidem
1254 3135 1396 3214 quemad-

164 3237 289 3300 modum
310 3237 397 3298 Pater
418 3234 534 3316 primus
556 3247 618 3311 est,
651 3238 692 3298 itu
720 3246 750 3298 et
778 3235 843 3315 ipse
864 3235 979 3317 primus
1001 3243 1063 3310 est,
1090 3246 1235 3315 quatenus
1256 3235 1395 3297 nimirum

164 3323 373 3418 imago‘primi
396 3345 458 3408 est,
489 3344 519 3398 el
539 3337 571 3398 iu
594 3355 631 3402 eo
655 3348 703 3400 est
723 3337 857 3418 primus,
884 3337 1009 3416 ipseque
1031 3355 1067 3397 er
1088 3335 1175 3398 Patro
1198 3345 1245 3398 est
1266 3337 1393 3416 genitus,
1476 3407 1481 3422 Ι

162 3440 194 3502 iu
216 3457 277 3519 quo
299 3437 370 3500 item
392 3439 494 3500 omnia
516 3448 619 3502 natura
642 3449 738 3501 ereata
761 3457 828 3500 eum
850 3446 966 3500 eruetur
988 3445 1050 3498 tum
1072 3437 1238 3518 adoptatur.

164 3769 232 3823 ptam
258 3760 343 3809 lueret.
378 3759 468 3808 ibidem
488 3759 544 3820 leeg.
565 3758 585 3808 l.
612 3769 635 3809 et
653 3761 754 3822 Seguer.
838 3775 860 3809 e.
878 3759 1021 3821 Seguerian.
1038 3747 1077 3806 ἐπ’
1098 3749 1193 3811 ἄλλον,
1212 3755 1274 3806 torte
1291 3769 1336 3820 pro
1354 3747 1393 3804 ἐπ’

164 3822 212 3875 καὶ
235 3821 287 3886 ζωὴ
313 3817 430 3879 αιίἱιιις.
468 3825 530 3874 Editi
554 3834 577 3875 et
602 3829 642 3876 alii
666 3821 712 3873 zat
738 3819 752 3886 ἢ
805 3817 902 3878 ἄλλων,

166 3887 220 3953 ζωὴ
247 3886 403 3953 Νώνιος·
448 3893 500 3942 u⁰¹
525 3893 582 3953 ΗΕΒ·
603 3894 624 3942 ¹¹
643 3903 667 3942 ⁸¹
683 3893 707 3942 π’
733 3902 757 3942 ⁰²
842 3928 858 3975 l.
884 3925 941 3986 lleg.
964 3925 985 3973 l.
1005 3915 1101 4000 rpairqr.
1138 3923 1238 3983 Seguer.
1256 3923 1354 3974 Gohler.
1373 3931 1398 3974 at

807 3992 912 4040 l'elelrm.
935 3993 955 4039 l.
980 4002 1093 4038 τουτων.
1133 3989 1223 4040 lhnlem
1248 3991 1304 4054 lleg.
1325 3991 1346 4041 l.
1374 4001 1398 4042 ιι

807 4059 908 4119 Segner.
932 4045 1087 4134 ἒσιωιαθι
1107 4047 1184 4136 {pede
1221 4057 1272 4107 Μαι
1297 4059 1352 4120 lleg.
1373 4059 1396 4109 1.

201 4146 221 4179 c.
240 4131 296 4192 Reg.
317 4130 339 4179 l.
365 4129 464 4204 Seguer.
490 4125 589 4204 Golpler.
608 4124 774 4206 etqltelel‘tpr..
808 4134 838 4204 ,ιιι
856 4127 1068 4204 Seguprpaorpv
1091 4137 1133 4204 epp
1154 4123 1276 4193 Χριστῷ.
1322 4127 1397 4178 lidum

169 4197 191 4246 1.
209 4190 360 4245 restraint
379 4207 430 4244 συν
447 4191 487 4258 uqi
502 4207 581 4260 μινῳ
598 4206 645 4240 και
663 4206 755 4248 eunuc,
807 4193 895 4242 ebidem
914 4187 980 4240 ullu
997 4205 1079 4241 rouro
1094 4204 1194 4243 παιαν.

167 4254 201 4312 δι’
222 4251 562 4330 ιῦγέγινινόιίιρινόι.
600 4263 644 4312 dlii
664 4263 757 4312 etedlli
842 4309 864 4356 Β.
884 4293 1004 4356 nasim
1024 4294 1089 4344 Μ.
1108 4295 1253 4344 melem
1272 4293 1297 4343 5·
1315 4289 1398 4354 δῆλον

167 4323 573 4466 ἴῖξῖγξσνῖυζωῖῗῦἔένᾜωὶ
590 4321 605 4376 ὁ
623 4321 695 4386 '’ib‘'
715 4322 754 4377 δ’,
808 4351 860 4411 ὅτι.
896 4353 1189 4421 tliieteditldplovdre.
1226 4363 1396 4422 seguonibid.

807 4425 936 4493 λέγεσθαι
944 4424 990 4477 aul
1000 4423 1055 4480 τόν.
1083 4431 1109 4480 ln
1128 4429 1183 4478 eliis
1201 4429 1312 4478 eraditis
1331 4430 1399 4480 deest

200 4502 224 4550 d.
244 4501 301 4562 lleg.
322 4501 343 4550 l.
368 4507 392 4549 et
416 4499 515 4562 Seguer.
536 4494 582 4547 καὶ
599 4493 694 4563 ἐντῷ.
730 4499 757 4548 ln
807 4493 862 4544 arui.
899 4499 949 4548 lloa
976 4499 1032 4558 lleg.
1053 4502 1075 4545 l.
1101 4504 1125 4545 et
1149 4499 1249 4556 Segoer.
1267 4497 1398 4560 συναριθ-

166 4566 222 4616 ali'u
240 4575 264 4618 et
281 4567 352 4618 edilia
369 4567 437 4619 deest
453 4563 508 4616 nat.
806 4562 931 4629 petreae.
967 4565 1028 4614 deliri
1047 4572 1070 4612 et
1088 4562 1129 4612 alii
1146 4559 1361 4626 ιιιαριθμῆσαι.

165 3964 265 4024 Seguer.
284 3954 345 4029 περὶ
364 3959 411 4019 τῆς
427 3955 549 4011 κτίσεως.
587 3961 630 4008 dlii
657 3967 682 4008 et
699 3959 756 4008 editi

164 4022 230 4092 περὶ
246 4020 439 4088 ricarioque,
461 4027 585 4076 mendose.
