3250 5292
587 389 694 434 oracio
709 389 753 434 tn.
769 389 885 434 conans
898 391 1034 434 serenos.
1334 377 1396 442 525
1469 455 1470 460 ἵ
1527 445 1529 450 ,

178 541 352 624 ignorarent
371 537 425 602 ou
446 541 566 615 hostes,
596 542 679 602 aria
702 540 832 604 veritatis
854 539 1027 604 aberravero
1049 549 1079 604 et
1099 541 1130 604 in
1151 541 1278 622 lapidem
1301 545 1485 616 offen-rano.

180 641 275 704 sionis
298 641 459 715 offendere,
482 661 516 703 ea
539 643 698 722 sapientes,
720 661 795 723 quae
818 659 922 721 sapere
943 660 1005 704 non
1029 653 1158 722 oportet.

265 745 315 808 29.
359 743 415 806 iiic
442 743 531 824 igitur
560 761 670 824 scopus
700 752 731 806 et
757 743 909 806 character
931 753 976 806 est
995 751 1116 806 sanctae
1138 744 1322 824 Scripturae‚
1356 746 1397 807 uti

178 863 269 926 saepe
291 845 435 920 diximus,
463 863 570 925 nempe
591 837 625 907 ut
646 845 705 906 dno
728 845 765 908 de
788 845 940 908 Salvatore
962 844 1160 918 demonstret.
1184 845 1264 908 illum
1287 845 1400 910 scilicet

177 945 271 1011 Deum
294 966 413 1029 semper
434 947 529 1010 inisse
558 955 588 1008 et
614 947 719 1008 Filium
749 965 832 1020 esse,
867 945 976 1027 quippe
999 965 1063 1008 cunr
1094 927 1134 1008 ¹sit
1154 945 1249 1008 Patris
1271 946 1398 1008 Verbum

178 1048 378 1130 splendorque
400 1057 430 1112 et
451 1049 612 1130 sapientia,
635 1049 791 1129 ipsumque
812 1057 916 1130 posteo
937 1056 1063 1129 propter
1083 1065 1140 1108 nos
1163 1065 1251 1108 carne
1273 1066 1308 1109 ex
1330 1049 1397 1110 iir-

177 1149 245 1230 gine
266 1133 494 1230 Deipara‘otar'ia
516 1161 646 1214 assumta
667 1151 818 1212 hominem
840 1153 948 1212 iactum
963 1168 1042 1212 esse.
1076 1150 1171 1228 Atque
1186 1149 1265 1210 hunc
1279 1147 1398 1228 quidem

177 1269 302 1332 scopum
331 1271 386 1332 per
414 1254 585 1316 universam
612 1252 751 1316 divinitus
779 1251 953 1332 inspiratam
975 1249 1157 1330 Scripturam
1181 1249 1321 1312 inculcari
1343 1250 1397 1312 de·

176 1353 361 1434 prehendere
395 1361 456 1428 eet,
494 1354 741 1434 quemadmodum
775 1361 900 1418 testatur
931 1353 997 1433 ipse
1028 1351 1172 1414 nominos
1203 1350 1250 1412 his
1283 1351 1397 1414 verbis:

176 1453 367 1518 Scrutamini
386 1455 582 1538 Scripturas,
612 1462 682 1538 quio
703 1457 775 1520 iiioe
797 1465 885 1526 sunt,
913 1473 987 1538 quoe
1009 1457 1213 1518 testimouium
1236 1453 1398 1534 perdiderit

177 1558 213 1622 de
233 1575 287 1620 οιο.
331 1557 439 1620 Verum
469 1575 507 1618 ne
530 1557 629 1619 omnia
650 1557 714 1620 ioca
736 1557 907 1619 adducendo
929 1556 1039 1618 multus
1062 1555 1117 1616 hac
1137 1554 1168 1617 in
1191 1572 1224 1616 rc
1245 1553 1397 1634 probanda

128 1673 136 1685 ‘
175 1658 293 1732 ridear,
321 1677 371 1732 ea,
406 1676 481 1736 quae
509 1667 686 1738 sequuntur,
715 1658 777 1722 vioe
800 1657 933 1720 omnium
955 1649 1061 1720 afferre
1084 1657 1157 1718 satis
1178 1655 1275 1718 suerit
1317 1655 1399 1718 Haec

124 1745 128 1752 ’
156 1759 266 1839 ‘igitur
288 1771 358 1822 sunt
378 1759 498 1820 loannis
520 1758 622 1822 rerba:
646 1759 684 1822 in
704 1764 855 1841 principio
879 1771 946 1822 erat
971 1757 1105 1830 Verium,
1129 1767 1159 1819 et
1183 1756 1308 1820 Verium
1330 1771 1398 1824 erut

176 1861 259 1941 opud
278 1859 384 1930 Deum,
408 1869 437 1922 et
450 1861 534 1923 Deus
557 1860 784 1936 mesimiana:
808 1861 863 1924 doc
883 1870 951 1922 crat
973 1863 1006 1922 in
1026 1861 1177 1940 principio
1193 1859 1275 1937 opud
1288 1857 1396 1938 Deum.

83 2041 88 2046 Ι
179 1961 287 2024 Omen
304 1978 364 2042 per
385 1966 483 2042 ι’μιοοι
503 1965 588 2042 socio
610 1973 692 2040 sunt,
715 1973 752 2026 οι.
767 1966 832 2026 sine
853 1967 920 2043 apso
941 1962 1057 2042 sectum
1080 1971 1125 2025 est
1146 1959 1233 2022 nidd.
1267 1957 1396 2020 Deinde:

175 2062 216 2125 m
233 2061 358 2126 Verium
376 2081 449 2126 coro
469 2065 586 2144 [ortum
607 2075 653 2128 est
674 2073 702 2126 et
725 2063 870 2126 iuditocit
891 2066 924 2126 in
946 2061 1040 2132 nodis,
1064 2071 1092 2124 et
1113 2063 1241 2125 vidimus
1263 2060 1395 2142 pieriam

175 2168 250 2240 ctus,
272 2164 402 2245 pdoricm
424 2169 513 2247 quasi
531 2167 719 2246 unipenitdo
740 2163 844 2227 Putre.
877 2162 986 2226 Paulus
1008 2171 1105 2224 autem
1128 2161 1168 2224 ita
1190 2161 1307 2224 scribit:
1335 2161 1399 2236 Qui

176 2285 241 2328 οιιοι
262 2271 294 2328 in
320 2266 423 2346 scroto
442 2267 502 2329 dici
521 2279 613 2339 esset,
635 2285 699 2328 ιιοιι
721 2269 861 2348 rapinam
882 2265 1054 2328 orditrotus
1076 2273 1122 2326 est
1144 2282 1207 2326 csse
1229 2283 1261 2326 ιο
1282 2283 1395 2348 nequo-

175 2367 231 2430 iem
251 2369 326 2441 Deo,
349 2369 403 2432 scd
423 2357 614 2448 semetipsum
636 2371 805 2429 cace'nona'oit
831 2368 936 2448 [οιοιο
958 2370 1043 2429 serui
1063 2374 1197 2446 οιοομοο,
1230 2369 1262 2426 in
1285 2365 1394 2426 simili-

174 2471 305 2532 tudinem
333 2470 485 2532 domenum
517 2469 619 2549 [octus
649 2481 677 2532 οι
708 2468 810 2550 fipuru
840 2473 980 2532 incentor
1008 2477 1044 2530 ut
1073 2467 1170 2531 domo.
1214 2465 1396 2529 Humiiiooit

174 2576 373 2652 semetipsum,
395 2572 496 2649 [octus
520 2571 656 2634 obediens
678 2587 772 2652 usque
794 2571 833 2632 od
852 2580 989 2642 mortem,
1012 2579 1140 2630 mortens
1161 2576 1262 2628 cutem
1284 2571 1393 2630 crucis.

173 2668 215 2730 Ex
238 2669 285 2731 his
307 2659 409 2750 porro,
433 2670 547 2749 siquis
570 2673 671 2734 eadem
694 2671 809 2734 ratione
827 2671 993 2734 universam
1008 2670 1189 2748 Scripturam
1213 2666 1393 2746 perlustrare

173 2768 308 2842 noluerit,
331 2770 417 2834 clare*
427 2771 579 2850 percipiet,
601 2793 691 2853 quare
713 2774 797 2837 initio
819 2773 907 2836 Pater
925 2773 970 2864 illi
992 2771 1080 2834 dixit:
1103 2769 1173 2834 Fici
1197 2770 1252 2831 ium
1274 2776 1304 2830 et
1325 2768 1481 2832 Fiotreso.
1582 2776 1585 2784 '

171 2871 397 2953 firmamentum
418 2879 448 2934 et
470 2871 623 2936 Faciamus
647 2874 801 2946 dominum,
824 2893 876 2938 cur
895 2875 966 2936 item
990 2871 1110 2935 eumin
1132 2871 1191 2932 fine
1207 2868 1393 2932 saeculorum

174 2973 204 3034 in
227 2973 371 3036 mundum
399 2971 529 3046 miserit,
562 2993 623 3036 non
650 2984 683 3038 nt
710 2975 850 3042 mundum
874 2975 1030 3047 iudicaret,
1060 2973 1113 3034 sed
1134 2980 1168 3034 ut
1190 2970 1317 3032 mundos
1339 2989 1395 3052 per

85 3107 88 3119 ·
173 3076 273 3155 ipsum
297 3073 394 3136 salvus
407 3075 516 3147 :fieren
547 3074 680 3138 similiter
701 3095 754 3139 cur
775 3075 917 3157 scriptam
945 3076 998 3138 sit:
1035 3075 1109 3138 Ecce
1140 3073 1227 3154 Virqo
1250 3077 1396 3154 concipiet

171 3269 274 3327 sonetum
294 3262 412 3324 Virpinem.
449 3261 513 3312 Haec
531 3261 585 3322 iiic,
612 3263 651 3326 qoi
669 3259 756 3311 deinde
842 3260 866 3311 d.
888 3262 922 3310 dn
940 3259 980 3310 tie·
1004 3259 1102 3314 Gobier.
1121 3269 1145 3311 et
1162 3260 1266 3310 Feicitm.
1287 3259 1309 3309 1.
1327 3268 1350 3310 et
1367 3261 1391 3310 d.

170 3329 291 3380 Athanasii
316 3331 389 3378 reiert
412 3331 491 3379 rerba.
535 3329 626 3379 ibidem
651 3329 706 3392 deq.
733 3330 754 3378 i.
807 3311 889 3377 οὗτοι
911 3341 989 3380 sectr.
1022 3331 1128 3380 Graccus
1152 3329 1298 3392 Scriptores
1315 3337 1392 3380 textus

169 3398 269 3460 Sequor.
293 3404 317 3447 et
340 3396 454 3462 Cyrinus,
468 3395 514 3458 cic
530 3391 610 3462 ἁγίας
631 3395 753 3464 γραφῆς,
805 3389 907 3448 ἐκεῖνοι(
920 3389 997 3447 εἰσιν.

168 3473 196 3514 ot
219 3472 242 3515 et
266 3465 323 3526 legit
347 3464 492 3536 Cassianos:
520 3465 546 3514 ln
571 3467 624 3516 otiis
643 3475 666 3516 ct
684 3466 754 3516 editis
839 3481 860 3515 c.
885 3465 940 3528 deq.
961 3465 983 3514 i.
1008 3474 1031 3515 et
1053 3463 1153 3546 sepner.
1172 3456 1206 3511 τὰ
1225 3457 1292 3530 ῥητὰ
1312 3477 1392 3512 covu-

169 3523 249 3596 ἁγίας
267 3533 341 3584 deest
802 3525 863 3596 γιον
879 3533 1000 3597 iidemque
1013 3545 1066 3582 osor
1080 3530 1259 3598 αριεοθιῦμεν
1271 3524 1308 3584 uic
1324 3526 1391 3580 πάν-

203 3592 754 3666 nitu.1.Sagaer.etcyrittnatncyyc
802 3614 867 3652 corr.
901 3604 930 3653 dt
953 3601 992 3652 ciii
1017 3609 1040 3652 et
1058 3602 1114 3652 aditi
1132 3594 1167 3648 τὰ
1184 3595 1293 3667 ῥήματα
1311 3611 1391 3648 σανα·
1460 3655 1463 3670 ¹

164 3662 237 3715 Ιλιάιο.
276 3669 354 3718 Ceteri
372 3677 395 3718 et
412 3669 469 3718 editi
487 3660 661 3734 ἀπαγγελίαν.
693 3669 751 3718 cas·
802 3660 900 3735 yoyuir
917 3677 940 3719 et
958 3659 1035 3736 ἀρκεῖ
1051 3667 1101 3717 νῦν
1118 3661 1154 3721 ὡς
1170 3662 1290 3722 πάντων.

169 3739 251 3786 aionas
276 3751 330 3786 tero
349 3738 384 3786 sic
408 3737 492 3787 habet:
515 3739 632 3801 depticem
655 3752 704 3787 esse
728 3739 753 3786 in
836 3741 853 3787 i.
878 3739 934 3798 neg.
961 3739 982 3786 i.
1006 3742 1105 3800 Sequor.
1125 3737 1223 3786 Gobler.
1243 3744 1266 3785 et
1283 3735 1390 3786 Feickm.

169 3807 248 3866 ‚rodnn
266 3805 384 3856 Suiootore
402 3805 597 3866 siqnificotionenc
625 3803 684 3854 ibid.
696 3805 751 3866 ith.
805 3805 828 3854 1.
846 3805 945 3864 addunt,
964 3795 979 3852 ὃ
989 3801 1105 3870 γέγονεν
1122 3795 1151 3851 ἐν
1162 3795 1246 3868 αὐτῷ,
1266 3803 1391 3864 utetiegit

170 3873 193 3921 1.
204 3871 338 3934 etSegoor.
351 3864 396 3917 atui
413 3863 470 3925 οἰός
487 3861 545 3918 ἔστι
561 3863 641 3934 λόγος
657 3861 754 3933 civisci
803 3871 918 3922 Nunnius.
944 3875 1010 3933 Anqt.
1031 3880 1053 3922 et
1071 3872 1175 3920 Feictrn.
1192 3872 1218 3919 5.
1237 3859 1253 3918 d
1269 3865 1390 3934 γέγονεν.

168 3947 213 3989 etc.
239 3938 282 3988 tttt
301 3945 326 3987 et
343 3939 399 3988 editi
418 3929 718 3999 recrudescentium
736 3931 752 3985 d
803 3939 960 4000 itosiieg.1.
979 3941 1079 4016 Sequor.
1098 3939 1195 3988 Gobier.
1215 3939 1388 3988 cassiatam.

165 3999 227 4060 vide
243 4001 324 4070 λόγος
341 3997 380 4052 ὢν
397 4000 444 4052 καί
458 4013 501 4054 cto.
538 4005 667 4054 Cassianos
686 4013 706 4054 ct
720 4012 753 4055 est
803 4005 864 4054 hace
881 4006 969 4054 ornent
983 4017 1029 4052 και
1046 3996 1222 4070 ἐθεασάμεθα
1240 3998 1289 4065 τὴν
1307 3998 1390 4062 δόξαν

166 4075 251 4136 Fiia'ur,
274 4075 375 4134 Verium,
396 4079 417 4122 ct
429 4074 504 4122 iumen
518 4079 538 4122 et
549 4073 752 4137 sopientioPotrir.
804 4063 897 4127 αιίτοῦ,
917 4065 1000 4129 δόξαν
1018 4064 1054 4125 ὥς
1069 4071 1237 4138 μονογενοῦς
1253 4067 1328 4140 παρὰ
1338 4087 1391 4120 πο-

202 4158 224 4193 c.
244 4141 342 4193 dobiae.
361 4149 385 4192 ct
402 4140 506 4190 Feictm.
527 4139 550 4190 l.
576 4141 688 4189 omittunt
704 4137 752 4198 τῆς
802 4132 867 4206 ιροί
885 4155 945 4205 quaa
964 4142 987 4191 iu
1006 4141 1060 4191 aitis
1079 4149 1102 4191 et
1120 4142 1142 4192 io
1159 4143 1263 4192 editione
1271 4142 1388 4192 Commei.

166 4201 299 4260 decro'aeoc
323 4223 368 4259 nec
390 4207 458 4258 vertit
481 4207 587 4258 Naonius
606 4209 629 4257 in
647 4207 751 4262 editione
802 4209 896 4259 desunt.
932 4209 990 4260 ibid.
1010 4209 1107 4260 Gohier.
1127 4219 1149 4260 et
1167 4211 1271 4262 deiciam.
1294 4211 1314 4259 i.
1332 4199 1387 4256 iuni

168 4279 285 4340 commui.
312 4279 339 4327 dt
358 4275 445 4338 legitor
461 4277 484 4325 io
503 4275 613 4326 omnibns
626 4275 679 4324 otiis
691 4291 750 4326 mss.
801 4274 850 4324 τοῦ
866 4269 984 4343 πατρός·
1005 4267 1019 4325 ὅ
1037 4271 1067 4326 δὲ
1086 4273 1206 4331 Παῦλος·
1226 4267 1256 4330 dc
1272 4271 1302 4326 iu
1319 4284 1364 4326 etc.

167 4347 293 4406 etudine,
319 4359 418 4410 comque
443 4353 534 4395 tantum
558 4343 588 4394 oio
612 4359 692 4394 vocem
712 4345 751 4404 hjc
835 4360 858 4408 ς.
882 4345 945 4396 Ηιοο
968 4345 1039 4396 serbe
1057 4339 1087 4395 ἐν
1104 4339 1260 4413 ὁμοιώματι
1278 4336 1389 4410 ἀνθρώ-

165 4414 236 4464 locos
267 4413 391 4464 adducitur
417 4428 430 4462 a
458 4412 546 4478 Cpriito
574 4416 596 4462 et
626 4412 748 4463 Cassiano.
800 4409 1023 4482 πωνγινόμινοι
1046 4415 1238 4478 absuntaiteg.
1261 4413 1281 4464 Ι.
1300 4421 1323 4464 et
1341 4415 1386 4462 Sa·

163 4481 218 4532 otor
237 4481 292 4544 ch.
312 4482 334 4531 i.
352 4478 443 4536 τοῦτο,
462 4481 566 4532 secunda
586 4495 656 4531 mano
668 4494 692 4529 ν.
706 4479 750 4530 de·
801 4483 923 4544 gucciano.

165 4547 223 4598 ieta.
243 4549 349 4604 ¹ibidem
366 4551 389 4600 io
408 4549 463 4612 [teg.
484 4549 506 4599 l.
525 4557 548 4599 et
565 4547 663 4610 Sequar.
682 4549 750 4600 deest
818 4543 858 4598 'ic
877 4551 973 4602 Gobter.
998 4559 1021 4600 et
1047 4551 1151 4602 deiciam.
1178 4549 1199 4600 l.
1218 4540 1256 4601 eir
1272 4527 1383 4596 ιὸνιιό-

164 4611 215 4674 τῆι
230 4609 420 4668 θεοπνεύοιιο.
770 4659 774 4668 ,
801 4627 880 4682 ομον,
900 4607 945 4668 ἵνα
963 4615 1048 4684 σωθῇ.
