3176 5304
430 277 575 322 semrom
589 279 628 322 ns
643 279 786 324 recurris
802 282 945 326 nicenum
963 283 1079 326 smonr.
1329 271 1370 334 ts

131 429 303 509 scripsere,
334 446 441 508 nempe
470 429 550 508 quod
572 429 625 492 Dei
646 429 735 492 Filius
759 450 793 492 ex
807 431 979 494 substantia
1003 435 1042 495 sit
1064 433 1161 496 Patris
1184 435 1270 516 eique
1294 455 1454 510 con-nno.

49 523 50 576 ἶ
131 529 341 592 substantialis
373 539 401 592 et
431 531 512 608 quod
539 549 635 610 neque
657 549 706 592 res
729 541 825 594 creata
848 551 903 594 nec
925 535 1000 596 iacta
1022 536 1066 596 vel
1087 537 1204 600 condita
1229 537 1283 612 sit,
1314 539 1367 600 sed

49 671 50 684 .
131 632 206 710 quod
230 631 369 693 Verbum
393 650 426 692 ex
443 631 538 692 Patris
560 631 724 694 substantia
748 634 787 692 sit
809 633 949 711 genitum.
994 635 1057 695 lmo
1080 637 1159 714 quod
1181 638 1287 698 mirum
1311 647 1366 713 cst,

130 732 193 809 ipso
215 732 374 795 Eusebius
398 731 559 794 Caesareae
582 733 612 794 in
632 733 796 795 Palaestina
820 734 995 813 Episcopus,
1019 737 1068 814 qui
1090 735 1185 816 pridie
1208 740 1365 814 restiterat,

129 841 232 910 postea
257 832 443 911 subscripsit
464 834 597 913 hancque
620 835 761 896 ecclcsiae
784 835 872 896 fidem
896 845 925 896 et
946 835 1067 896 Pattum
1090 835 1277 898 traditionem
1300 858 1365 900 csse

131 933 229 994 missis
255 934 296 1005 ad
322 951 406 996 suam
428 935 582 996 ecclesiam
605 936 712 997 litteris
734 935 908 1014 significavit
931 937 1128 1016 omnibusque
1151 945 1253 1016 aperte
1268 938 1365 1000 derla-

133 1034 219 1107 ravit,
249 1034 325 1096 illos
353 1035 436 1114 prius
465 1054 584 1097 errasse
617 1038 785 1114 frustraque
813 1037 954 1100 adversus
982 1037 1134 1098 veritatem
1163 1038 1449 1110 contendissenni,

134 1131 211 1195 Licet
240 1135 327 1196 enim
357 1145 427 1198 tunc
448 1156 515 1198 eum
538 1137 585 1198 his
609 1137 651 1198 nti
673 1136 795 1199 vocibus
818 1137 972 1217 puduerit,
1002 1147 1088 1218 atique
1110 1147 1143 1200 ut
1164 1139 1274 1214 voluit,
1302 1139 1365 1219 ipse

49 1239 50 1268 ³
135 1252 165 1294 se
185 1236 336 1296 ccclesiae
358 1237 549 1310 excusaverit,
574 1246 672 1300 minen
696 1255 760 1300 cunr
784 1238 813 1300 iu
835 1223 971 1320 Epistola
991 1259 1078 1301 voces
1095 1241 1364 1304 consubstantialis

137 1343 162 1394 et
182 1355 221 1398 ec
244 1338 430 1400 substantia
445 1357 505 1398 non
528 1339 741 1417 repudiaverit,
770 1338 840 1400 illud
863 1349 958 1413 certe,
989 1341 1066 1419 quod
1095 1340 1239 1414 diximus,
1269 1340 1364 1420 palam

136 1435 223 1496 noluit
244 1438 389 1500 indicare.
433 1439 475 1500 Ea
497 1448 593 1500 autem
617 1441 647 1500 in
669 1459 702 1500 re
725 1458 813 1518 grave
835 1440 972 1519 quiddam
996 1441 1022 1500 ei
1044 1441 1156 1502 accidit.
1201 1441 1274 1502 Nam
1297 1459 1363 1502 cum

139 1555 168 1595 se
198 1537 288 1600 veluti
320 1548 474 1619 purgaret,
504 1540 629 1601 Arianos
657 1540 774 1602 deinum
804 1542 962 1614 accusavit,
997 1542 1075 1621 quod
1099 1561 1164 1603 cum
1187 1541 1361 1616 scriberent,

141 1636 223 1699 lilium
247 1659 311 1701 non
334 1640 427 1701 luisse
450 1649 604 1719 antequam
628 1642 745 1720 genitus
769 1651 859 1716 esset,
882 1642 962 1702 illum
986 1662 1041 1704 nec
1056 1650 1210 1721 antequem
1226 1642 1256 1703 iu
1273 1660 1361 1703 carne

142 1749 309 1803 nasceretur
337 1741 488 1804 exstitisse
517 1743 672 1804 voluerint.
718 1743 805 1815 Quod
827 1762 899 1803 sane
922 1762 981 1804 non
1004 1752 1105 1822 potest
1127 1744 1263 1822 ignorare
1284 1743 1360 1804 tica-

146 1837 214 1910 cius,
240 1843 301 1904 nisi
331 1851 360 1902 et
388 1843 452 1922 ipse
479 1861 558 1904 nuuc
584 1843 750 1920 praesentis
782 1843 925 1922 temporis
949 1861 1036 1904 eausa
1058 1845 1165 1904 tactum
1188 1861 1259 1921 prae
1280 1852 1361 1904 metu

154 1938 306 2006 dissimulet
328 1944 540 2021 veritatemque
562 1953 657 2022 neget.
702 1943 804 2022 ltaque
826 1943 856 2004 in
880 1945 937 2003 line
961 1942 1071 2005 subieci
1095 1943 1215 2004 Eusebii
1238 1941 1359 2022 Episto-

147 2037 209 2113 lam,
237 2055 269 2105 ut
292 2045 401 2106 Christi
430 2045 561 2105 hostium
590 2065 624 2106 ac
645 2045 793 2122 insignem
816 2043 973 2124 praecipue
998 2044 1093 2104 Aeacii
1116 2045 1145 2104 in
1169 2062 1241 2104 suos
1264 2041 1359 2120 magi-

146 2147 218 2202 stros
240 2147 389 2224 perfidiam
412 2164 447 2207 ex
471 2164 505 2206 ea
526 2145 637 2224 liquido
661 2164 833 2223 cognoscas.

226 2455 255 2511 l.
292 2453 336 2512 Au
359 2470 420 2512 nou
443 2449 531 2529 igitur
553 2449 593 2510 illi
616 2450 803 2528 iniquissime
826 2457 923 2530 agunt,
947 2449 981 2509 si.
995 2448 1039 2510 rel
1062 2447 1157 2510 solum
1181 2449 1357 2510 inanimum

150 2545 280 2610 inducant
305 2561 385 2614 tanto
409 2561 439 2612 et
460 2550 588 2629 generali
612 2551 742 2612 Concilio
766 2549 950 2612 reclamaret
993 2550 1037 2610 tln
1059 2569 1119 2610 non
1142 2551 1278 2611 scelerati
1301 2550 1355 2609 lta-

152 2643 237 2706 nendi
258 2663 334 2723 sunt,
355 2652 403 2730 qui
425 2652 556 2712 adversis
579 2651 672 2713 oculis
696 2652 828 2713 contueri
851 2652 960 2713 audent
982 2671 1032 2724 ea,
1056 2669 1130 2729 quae
1152 2659 1232 2712 recte
1254 2655 1357 2709 contra

158 2743 281 2810 Arianam
307 2751 443 2812 haeresim
471 2753 587 2814 decreta
617 2755 699 2813 tuere
729 2762 757 2812 et
780 2753 815 2814 ab
839 2753 896 2812 illis
920 2752 994 2832 ipsis
1017 2752 1140 2831 probata
1164 2757 1252 2820 sunt,
1282 2767 1356 2826 quos

153 2843 235 2918 prius
260 2850 382 2912 habuere
405 2853 557 2934 impietatis
587 2851 771 2932 magistros?
822 2851 907 2926 Quod
938 2851 964 2914 si
993 2849 1169 2922 Euseltiani,
1197 2855 1357 2928 postquam

149 2945 388 3030 subscripscmrnt,
409 2955 443 3016 ad
462 2955 617 3035 proprium
640 2952 798 3032 impietatis
822 2953 962 3014 vomitum
984 2952 1063 3012 velut
1084 2969 1172 3011 cortes
1195 2956 1354 3022 revertere,

145 3063 291 3115 nonnoso
313 3054 403 3134 magis
427 3057 496 3118 odio
518 3055 598 3133 digiti
621 3062 691 3115 sunt
713 3053 753 3128 lii,
776 3053 825 3130 qui
848 3072 928 3113 nunc
949 3050 1163 3123 contradicunt,
1186 3047 1264 3128 quod
1285 3067 1354 3109 sua-

143 3165 202 3210 rum
227 3155 385 3218 animarum
412 3156 578 3218 libertatem
607 3155 672 3216 aliis
696 3153 887 3234 propinantes
911 3151 978 3212 illos
1002 3151 1086 3229 ipsos
1108 3150 1197 3212 duces
1220 3150 1353 3212 haeresis

141 3247 239 3327 labere
259 3257 372 3320 velint?
395 3258 543 3330 homines,
566 3266 600 3318 ut
621 3256 661 3328 ait
681 3254 817 3326 lacobus,
842 3253 973 3334 duplices
990 3256 1088 3314 onium
1105 3262 1133 3314 ct
1148 3256 1353 3314 inconstantes

140 3349 167 3411 ln
193 3359 327 3421 omnibns
355 3363 413 3421 oiis
436 3363 517 3434 suis,
551 3377 607 3432 pec
628 3357 657 3417 in
680 3375 737 3418 una
758 3363 967 3436 permanentes
991 3353 1152 3424 sententia,
1187 3351 1240 3413 sed
1262 3352 1352 3412 modo

140 3467 215 3516 unam
242 3458 334 3520 modo
357 3459 442 3522 aliam
465 3459 690 3538 amplectentes,
713 3456 801 3518 modo
825 3475 900 3536 quae
922 3454 1050 3516 dixerint
1069 3452 1238 3526 laudantes,
1262 3453 1351 3512 modo

137 3551 326 3644 vituperantes
351 3561 465 3633 cadem,
488 3577 651 3637 rursusque
674 3557 761 3630 idem,
785 3558 863 3636 quod
885 3557 971 3636 paulo
994 3565 1062 3616 ante
1084 3551 1351 3633 reprehendebant,

137 3659 338 3732 approbantes.
385 3660 415 3721 ld
438 3679 518 3736 vero,
543 3669 574 3724 ut
596 3659 635 3722 ait
658 3659 779 3730 Pastor,
802 3677 862 3718 non
885 3657 942 3718 nisi
964 3676 980 3717 a
1004 3655 1121 3716 diabolo
1144 3662 1240 3716 ortum
1264 3651 1353 3714 hahet

134 3769 353 3838 cauponumque
381 3761 482 3837 potius
510 3781 596 3838 quam
626 3761 834 3839 magistrorum
865 3766 911 3818 est
940 3757 1065 3834 insigne.
1111 3754 1260 3833 Siquidem
1283 3772 1350 3814 vera

133 3851 171 3914 illa
196 3859 338 3921 doctrina
366 3866 428 3932 cst,
456 3860 499 3920 uti
521 3861 622 3922 Patres
651 3838 814 3934 tradidere,
841 3873 1001 3932 verumque
1024 3855 1178 3916 doctorum
1199 3853 1350 3928 indicium,

132 4002 169 4056 llrc
191 4015 245 4063 item
267 4011 394 4060 absurdum
413 4009 487 4058 os'snm
505 4016 538 4059 est
556 4011 592 4058 lis
610 4012 711 4069 ocellus,
801 4009 815 4055 i.
834 4000 1034 4083 depellentem,
1052 4007 1096 4084 'qui
1115 4007 1177 4056 idem
1197 4019 1251 4055 mox
1270 3995 1349 4052 t'td-

131 4083 242 4148 tonaret
262 4086 391 4140 antequem
411 4077 714 4136 penitissimarum
764 4073 858 4138 nepos.
896 4074 958 4124 Edlti
976 4065 990 4120 d
1009 4081 1129 4124 emittunt.
1164 4140 1187 4152 ..
1329 4139 1333 4150 Ι

130 4139 208 4218 dcere,
229 4161 284 4198 cnm
301 4149 514 4212 omnes-{oteontur
532 4145 714 4224 rscedeifiiium
798 4157 820 4221 g.
838 4143 912 4191 Verba
932 4141 1038 4192 Pastoris
1059 4155 1086 4220 cx
1105 4137 1263 4256 immilmdllg.
1281 4137 1347 4254 {1⁰⁰⁸

129 4213 710 4340 pifi‘i'smnlssfmllm.tii'l'ilalffl‘ii‘l'ln
764 4205 1136 4342 ttltllttltltltltl'l
1149 4221 1266 4351 'lff'iii
1288 4213 1347 4351 tlt·

128 4329 245 4402 terrm,
266 4348 309 4397 scd
327 4347 454 4409 mendose,
472 4355 497 4398 ot
515 4349 605 4414 optime
623 4348 710 4396 obser·
736 4353 833 4424 num:
860 4336 875 4404 ἢ
894 4337 957 4458 ἕὰρ
983 4337 1099 4420 depingis
1122 4339 1249 4420 ξυγατηρ
1273 4331 1348 4388 ἐστιν

132 4415 164 4456 tit
180 4411 364 4464 Fstclimanner.
761 4425 811 4461 roo
829 4405 893 4474 dtrql
909 4406 965 4458 lou.
1004 4409 1085 4458 Versm
1096 4417 1192 4470 antiqua
1204 4408 1290 4455 tutius:
1308 4409 1347 4456 Et-

160 4490 180 4525 e·
199 4481 302 4543 stetten.
327 4483 372 4534 llil
385 4491 409 4534 st
421 4483 476 4534 editi
489 4474 577 4548 μόνον
589 4483 709 4534 omittunt.
764 4483 823 4532 enim
842 4482 897 4531 laec
915 4477 1030 4528 dubitatio
1048 4477 1097 4538 filiu
1115 4481 1149 4526 est
1167 4473 1264 4522 dioboli.
