3250 5292
561 401 669 445 enarro
685 401 727 443 nr.
746 401 861 443 conant
876 401 1012 444 ouranos.
1317 387 1380 452 505

148 551 237 615 Pater
258 559 304 612 est
325 553 429 613 natura
450 551 481 612 iu
503 550 577 611 Pilio
601 558 632 611 et
645 551 738 612 Filius
759 550 791 612 in
804 550 903 624 Patre,
926 551 980 612 sed
1002 559 1143 630 quantum
1166 569 1221 631 per
1242 561 1377 616 naturam
1388 571 1465 614 nora

150 659 182 715 et
203 652 281 713 vires
303 651 390 713 nobis
411 652 480 714 licet
500 651 627 730 aliquam
649 651 718 713 inde
741 651 908 730 exprimere
937 635 1175 726 similitudinem,
1204 649 1380 733 discereque

149 771 277 834 quanam
304 753 419 814 ratione
447 771 539 814 unum
573 769 643 814 esse
677 752 853 826 debeamus,
886 753 1136 831 quemadmodum
1169 753 1380 817 misericordes

149 873 218 916 esse
240 853 407 917 didicimus.
453 854 513 914 lies
536 854 616 914 enim
639 853 751 914 similes
780 867 847 914 cum
871 851 1020 914 similibus
1043 853 1154 915 unitate
1176 855 1301 932 quadam
1324 875 1380 917 co·
1409 899 1411 902 -

151 955 300 1036 pulantur.
345 954 422 1016 lliuc
442 954 582 1015 universa
604 973 673 1016 caro
695 963 803 1032 genere
834 953 1032 1032 coniungitur.
1075 953 1113 1014 Αι
1133 953 1261 1014 Verbum
1284 957 1382 1017 nostri

151 1064 200 1118 est
221 1055 376 1129 dissimile,
399 1055 496 1116 Patris
511 1073 581 1117 vero
598 1055 704 1128 simile,
726 1054 913 1136 proindeque
935 1061 1039 1116 natura
1056 1063 1086 1115 et
1099 1072 1203 1116 revera
1226 1073 1317 1116 unum
1335 1067 1383 1118 est

153 1175 221 1219 cum
244 1175 300 1218 suo
322 1157 420 1218 Patre.
464 1155 527 1218 Nos
549 1165 658 1230 autem,
682 1156 733 1236 qui
755 1155 888 1218 eiusdem
910 1174 1014 1218 sumus
1037 1156 1166 1236 generis,
1189 1175 1256 1218 cum
1271 1177 1307 1218 ex
1322 1175 1383 1219 uno
1420 1163 1423 1168 '

151 1275 258 1330 omnes
280 1257 348 1320 lacti
369 1257 524 1332 fuerimus,
547 1275 665 1339 unaque
681 1257 722 1318 sit
736 1257 869 1319 omnium
883 1258 1038 1319 bominum
1060 1265 1175 1331 natura,
1198 1275 1289 1320 unum
1305 1259 1384 1320 inter

154 1378 212 1420 uos
235 1360 354 1422 caritate
376 1360 531 1434 efficimur,
553 1378 611 1438 qua
632 1359 663 1421 in
686 1377 719 1420 re
734 1359 800 1420 Filii
817 1367 846 1420 et
860 1357 957 1421 Patris
979 1359 1077 1420 unitas
1100 1359 1189 1421 nobis
1212 1369 1259 1421 est
1280 1379 1383 1422 exem·
1497 1353 1504 1374 ⁰

153 1459 237 1540 plari.
281 1461 319 1523 Ut
340 1461 436 1535 enim,
468 1479 535 1522 cum
563 1459 822 1522 mansuetudinem
850 1459 988 1535 doceret,
1018 1479 1051 1520 se
1074 1459 1192 1540 ipsein
1216 1461 1384 1542 exemplum

153 1560 201 1623 bis
223 1562 321 1624 verbis
344 1561 517 1642 proposuit:
547 1562 661 1624 Dabu'te
684 1580 702 1623 o
723 1581 778 1635 me,
802 1565 873 1644 quio
893 1565 974 1625 mitis
997 1579 1065 1624 aum
1086 1573 1115 1624 et
1138 1561 1258 1624 bomilia
1282 1563 1382 1636 corde,

154 1680 217 1724 non
239 1662 358 1741 quidem
381 1672 414 1725 ut
436 1663 463 1723 ci
486 1679 726 1741 exsequeremur,
749 1681 815 1726 cum
838 1663 868 1725 id
891 1663 955 1724 lieri
977 1671 1115 1743 neqqeat,
1138 1664 1191 1725 sed
1207 1671 1238 1726 ιιι
1253 1664 1282 1725 in
1301 1663 1384 1725 illum

153 1763 303 1826 intuentes
327 1779 446 1841 semper
467 1761 613 1823 mansueti
635 1779 896 1841 permaneremus3
925 1763 964 1825 ita
987 1782 1115 1844 quoque,
1138 1783 1205 1826 cum
1227 1763 1275 1825 bic
1296 1763 1384 1825 vellet

153 1881 271 1936 reram,
294 1863 409 1923 mutam
431 1869 462 1922 et
483 1860 721 1924 indissolubilem
744 1863 895 1926 caritatem
918 1864 1075 1926 internos
1099 1883 1182 1938 esse,
1212 1884 1245 1926 se
1267 1865 1385 1946 ipsein

154 1963 320 2043 exemplum
342 1961 484 2042 proponit
504 1971 536 2022 et
556 1962 612 2023 ait:
634 1975 693 2037 „nt
713 1983 808 2028 unum
829 1969 893 2028 aiut
914 1971 993 2032 sicut
1008 1975 1037 2028 et
1052 1984 1118 2042 nos,
1141 1973 1233 2046 utque
1248 1965 1278 2027 in
1293 1965 1383 2028 uobis

154 2064 333 2139 „individua
355 2073 402 2124 est
423 2063 538 2135 unius,
567 2065 612 2126 sic
633 2073 662 2126 et
683 2065 724 2126 illi
753 2065 949 2128 individuam·
966 2075 1101 2128 naturam
1132 2087 1167 2128 ex
1201 2067 1287 2128 nobis
1316 2067 1382 2129 edi-

155 2174 302 2242 „scentes
335 2163 525 2227 concordiam
557 2165 635 2227 inter
668 2185 702 2228 se
736 2173 887 2228 servent.“
932 2165 1039 2230 Tutior
1066 2177 1165 2230 autem
1193 2176 1239 2230 est
1267 2169 1384 2255 illarum

153 2285 255 2330 renam
277 2265 412 2341 imitatio,
436 2284 510 2346 quae
532 2266 568 2327 ad
584 2266 680 2346 ipsam
695 2274 831 2329 naturam
853 2268 1013 2349 pertinent,
1037 2268 1079 2330 uti
1095 2270 1205 2332 dictam
1221 2278 1276 2332 est.
1309 2269 1383 2331 Nam

153 2387 221 2431 cum
243 2367 309 2432 illae
330 2375 523 2449 perseverent
545 2375 575 2428 ct
596 2387 746 2448 nunquam
774 2377 942 2444 mutentru,
974 2389 1075 2432 mores
1103 2379 1201 2433 autem
1229 2369 1384 2431 bominum

154 2469 238 2532 laede
261 2462 321 2531 sint
342 2469 509 2542 mutabiles,
534 2487 607 2530 sane
628 2487 794 2548 possumus
810 2469 847 2532 ad
862 2489 925 2532 rem
947 2478 1052 2532 natura
1073 2469 1291 2548 immutabilem,
1308 2487 1383 2531 con-

156 2577 272 2630 tuentes
304 2587 444 2647 perversa
476 2570 578 2648 lugere
612 2579 699 2650 atqrm
727 2563 758 2632 iu
785 2569 873 2632 bonis
907 2572 1054 2633 sectandis
1083 2589 1141 2632 nos
1164 2572 1248 2650 ipsos
1271 2569 1385 2648 optime

155 2667 353 2728 conformare.
397 2668 448 2730 Sic
469 2667 548 2730 enim
575 2669 682 2732 borum
711 2671 886 2752 verborum:
928 2671 966 2734 Ut
993 2683 1022 2734 et
1043 2675 1107 2753 ipat·
1125 2677 1158 2732 ιιι
1180 2672 1266 2733 nobit
1289 2689 1386 2732 unum

155 2771 230 2838 atat,
252 2773 332 2827 recta
354 2767 475 2828 omnino
498 2778 544 2830 est
565 2772 721 2832 sententia.

240 3173 292 3236 21.
338 3171 370 3232 Si
393 3170 482 3250 igitur
504 3171 570 3232 fieri
596 3179 716 3250 posset,
750 3179 784 3232 ut
811 3189 868 3232 nos
897 3188 933 3230 eo
960 3169 1050 3231 modo
1072 3169 1103 3230 in
1124 3169 1212 3230 Patre
1234 3186 1383 3244 essemus,

88 3281 96 3294 ·
155 3289 216 3352 quo
239 3265 307 3352 ipse
328 3279 375 3334 est
402 3271 513 3345 Filias,
549 3271 704 3333 dicendum
733 3269 854 3332 luisset:
892 3269 956 3344 „Ut
983 3279 1013 3332 et
1033 3269 1074 3332 illi
1097 3271 1128 3332 in
1150 3279 1179 3331 te
1203 3288 1293 3330 unum
1315 3269 1385 3346 sint,

155 3357 432 3452 „quemadmodum
454 3373 546 3434 Filius
569 3381 616 3434 est
637 3371 667 3432 in
683 3371 800 3432 Pauc‘·
833 3371 920 3450 Atqui
941 3371 999 3433 boc
1020 3389 1205 3451 nequaquam
1227 3369 1309 3444 dixit,
1332 3371 1387 3432 sed

156 3492 222 3536 cum
244 3475 285 3536 ait
306 3479 338 3535 ιιι
360 3473 456 3545 nodia,
480 3471 640 3536 discrimen
663 3478 692 3533 et
714 3471 910 3534 differentiam
926 3472 970 3534 rei
984 3472 1133 3546 indicavit,
1156 3472 1254 3551 ipsum
1277 3490 1386 3550 nempe

156 3574 188 3635 in
210 3573 276 3636 solo
298 3573 387 3635 Patre
407 3582 441 3635 ut
464 3574 561 3636 solum
582 3572 711 3634 Verbum
734 3581 763 3634 et
778 3571 959 3652 Sapientiam
981 3591 1059 3648 esse,
1082 3593 1139 3636 nos
1162 3592 1232 3634 vero
1255 3572 1287 3632 in
1309 3572 1384 3633 Filio

137 3677 189 3735 'et
213 3691 268 3752 per
295 3673 392 3754 ipsum
421 3675 452 3735 in
483 3673 570 3737 Patre
603 3691 682 3736 esse.
728 3672 843 3746 Quibus
866 3673 967 3754 utique
989 3673 1076 3736 dictis
1099 3673 1172 3734 nihil
1194 3671 1272 3734 aliud
1295 3670 1388 3734 voluit

157 3847 291 3917 Μήλιος.
329 3855 407 3909 Ceteri
426 3867 449 3907 et
468 3859 524 3908 editi
543 3849 614 3905 οὕτω
632 3851 678 3906 καὶ
694 3849 745 3916 τήν
830 3856 846 3905 i.
870 3857 926 3918 fleg.
947 3857 969 3906 l.
993 3859 1094 3916 Sequar.
1119 3855 1218 3908 Gobler.
1237 3864 1260 3906 et
1279 3856 1385 3906 l'elclrm.

158 3933 204 3975 ate.
242 3926 342 3987 Sequor.
361 3925 418 3976 ibid.
438 3917 680 3990 διαφυλάττουσιν.
799 3924 822 3972 1.
840 3915 957 3988 καὶγὰρ
977 3915 1069 3975 οὕτως.
1106 3923 1254 3973 lltiatediti
1271 3915 1387 3989 καὶγὰρ

192 4007 214 4054 q.
233 3992 290 4070 bap.
311 3992 332 4040 l.
352 3993 456 4054 sequar.
483 3991 580 4040 Gobler.
599 3991 704 4038 Falclm.
725 3990 747 4038 l.
797 3979 954 4040 καὶοῦτως.
990 3989 1042 4038 ldox
1061 3990 1390 4053 aerumnarumque.

158 4049 370 4126 ὥςπιρειρηται.
407 4057 436 4106 bt
454 4055 494 4107 alii
513 4066 536 4106 at
554 4057 610 4105 editi
621 4049 747 4120 καθάπερ
800 4045 878 4102 abrai
901 4049 931 4102 ἐν
948 4047 1014 4120 ἧμιν
1031 4049 1063 4103 ἓν
1079 4043 1156 4105 ὦσιν.
1192 4057 1271 4107 Ceteri
1289 4066 1314 4108 et
1331 4059 1388 4108 aditi

157 4115 272 4193 εἴρηται.
307 4127 367 4176 lbid.
384 4125 440 4186 neg.
461 4125 483 4174 l.
503 4131 526 4173 et
544 4123 643 4186 Sequar.
663 4119 749 4170 ταῦτα
801 4112 879 4169 adrat
896 4113 928 4170 ἓν
944 4113 974 4170 ἐν
992 4114 1058 4188 ἡμῖν
1076 4108 1151 4173 ὦσιν.
1274 4155 1279 4172 .

156 4187 370 4260 μὲνμένεικαί.
406 4191 545 4242 Goblerian.
564 4198 586 4239 et
604 4189 749 4240 Felclm.t,
836 4189 917 4239 ussto
935 4189 990 4252 lter.
1008 4191 1029 4239 l.
1049 4191 1147 4252 Segner.
1167 4191 1264 4243 Gobler.
1284 4191 1390 4241 Falclm.

157 4259 247 4308 ταῦτα
268 4257 344 4326 μένει
360 4253 412 4328 μὲν
428 4253 481 4322 καί.
518 4260 544 4308 lu
563 4257 659 4308 aliiset
678 4257 748 4308 editis
802 4257 824 4307 l.
843 4253 1123 4308 etitaleitllannias.
1158 4259 1186 4310 lt
1210 4259 1250 4309 alii
1275 4267 1298 4308 et
1316 4259 1390 4308 editio

157 4323 209 4394 μιν
227 4328 302 4378 deest
338 4327 390 4378 llos
408 4341 467 4377 mss.
479 4315 748 4441 τρόπιςεῦμετᾰέλη-
801 4271 1033 4389 cnumyoioaar
1052 4317 1123 4392 ἡμᾶς
1140 4319 1176 4379 alr
1194 4319 1208 4374 ὅ
1226 4318 1286 4378 υἱὸς
1302 4317 1332 4374 ιν
1348 4321 1390 4391 aqi

158 4407 215 4447 ror·
252 4395 313 4446 Edit
331 4403 411 4446 autem
430 4393 547 4446 Commel.
566 4385 669 4459 τρόπος
702 4406 750 4460 με·
800 4386 899 4457 πατρὶ,
924 4391 975 4441 νῦν
998 4387 1029 4442 δὲ
1045 4391 1128 4441 τοῦτο
1147 4402 1193 4444 etc.
1211 4393 1309 4444 omissis
1327 4407 1390 4458 qaae

164 4455 303 4524 τάβλητος.
801 4457 942 4524 interposita
959 4469 1023 4511 suat

193 4529 218 4576 la.
237 4529 292 4591 neg.
305 4531 326 4579 l.
346 4529 477 4592 etSeguer.
495 4527 528 4596 τῇ
547 4520 637 4593 φύσει.
670 4525 749 4578 Ceteri
834 4527 850 4576 l.
870 4527 972 4590 Uterque
991 4528 1078 4588 Regius
1096 4525 1178 4575 rorico
1198 4520 1228 4575 dd
1246 4518 1391 4576 οὖδὲνὲτε-

160 4601 186 4645 et
199 4595 256 4646 aditi
271 4596 320 4658 τῆς
337 4589 453 4664 φύσεως.
802 4607 853 4661 ρον
869 4589 956 4659 λέγων
970 4588 1112 4660 lappam.
1149 4595 1220 4655 Sego.
1235 4585 1406 4658 talpam,
