3054 5236
511 377 657 422 errorem
672 379 709 420 un
725 378 902 422 ιειιιειιιιιιι.
1245 366 1309 432 867

16 547 77 590 :ur
105 526 162 601 bi,
192 505 261 606 qui
292 527 386 608 legem
410 527 496 590 istam
511 526 706 606 negligerent,
730 525 951 590 multabantur?
982 527 1133 608 Scriptum
1149 530 1228 592 enim
1246 541 1395 594 estruem.

16 631 95 702 Qua·
121 635 359 694 contererem
380 647 435 692 aare
456 630 780 709 crematoris-peribit
802 629 838 691 de
856 629 986 709 populo.
1031 629 1087 690 Sin
1107 640 1205 694 autem
1228 641 1310 696 reete

17 729 178 810 agebant
214 747 327 809 eaque
355 730 385 794 ia
415 747 448 790 re
470 730 582 809 accepti
604 738 690 792 erant
710 729 791 801 lieo,
819 747 919 790 annon
942 729 1108 792 sexcenties
1129 733 1207 794 mori
1230 733 1310 813 digni

17 841 106 894 sunt
134 832 309 894 scelerati
332 830 558 910 turpissimique
589 830 722 894 omnium
745 829 965 892 baereticorum
984 829 1101 902 Ariani,
1130 833 1180 910 qui
1201 833 1310 898 veteris

20 933 157 1013 populi
179 951 271 1013 erga
296 931 453 1018 Templum
473 931 670 993 reverentiam
693 930 822 1003 laudant,
845 939 876 992 et
895 930 1108 994 Dominum'in
1130 949 1218 996 carne
1241 941 1308 996 tau-

21 1053 136 1114 quam
174 1035 216 1096 in
254 1033 368 1113 templo
392 1031 570 1096 existentem
593 1031 718 1093 adorare
738 1027 893 1092 renuunt
936 1029 1024 1109 Atqui
1046 1039 1130 1094 vetus
1154 1033 1310 1114 Templum

34 1147 72 1198 et
100 1135 289 1218 lapidibus
318 1143 349 1198 et
369 1153 442 1196 auro
466 1133 545 1195 velut
566 1132 672 1195 umbra
694 1139 897 1194 constructum
920 1141 1001 1207 erat;
1029 1142 1188 1212 postquam
1211 1147 1310 1204 autem

28 1239 183 1300 advenit
210 1237 341 1311 veritas,
363 1237 421 1298 iam
443 1236 562 1298 evanuit
582 1235 686 1314 figura,
709 1251 765 1296 nee
785 1232 860 1313 lapis
884 1251 975 1313 super
994 1233 1124 1313 lapidem
1146 1239 1310 1302 samonum

34 1338 267 1402 Dominicam
289 1338 444 1400 aeremia
467 1356 503 1399 eo
525 1335 642 1408 maneb,
666 1335 716 1414 qui
738 1353 801 1396 non
822 1335 912 1396 fuerit
933 1353 1067 1398 everam.
1104 1337 1168 1398 Neo
1182 1357 1252 1400 aero
1267 1341 1310 1404 illi

38 1439 239 1520 Templum
268 1458 305 1502 ex
334 1437 480 1518 lapidibus
502 1437 687 1500 aedificatum
709 1443 884 1498 contuentes
906 1437 1005 1515 ipsum
1029 1437 1116 1500 etiam
1138 1438 1308 1517 Dominum,

42 1541 105 1620 qui
144 1541 185 1602 in
220 1560 262 1602 eo
282 1539 475 1619 loquebatur,
505 1557 569 1600 rem
591 1546 720 1600 meatem
741 1537 885 1616 putabant
908 1556 991 1611 esse,
1024 1555 1121 1616 neque
1154 1540 1309 1621 Templum

42 1643 282 1723 despicientes
297 1685 301 1696 .
315 1640 421 1721 procul
450 1639 519 1700 iude
548 1638 699 1700 adoraturi
728 1637 923 1710 recedebant,
957 1637 1012 1700 sed
1033 1638 1064 1700 iu
1085 1639 1155 1702 illud
1178 1643 1310 1722 ingressi

46 1742 124 1804 Deo
153 1741 287 1804 oranda
309 1760 326 1803 ε
348 1741 472 1820 Τειιιριο
495 1741 595 1802 edenti
616 1740 673 1802 rite
695 1739 875 1812 serviebant.
922 1739 1004 1812 Quae
1027 1733 1093 1802 dum
1115 1741 1156 1804 ita
1177 1744 1247 1818 sint,
1271 1765 1309 1808 au

50 1862 127 1904 non
169 1843 296 1906 adorari
330 1843 453 1922 dignum
485 1850 531 1904 est
558 1841 782 1904 sanctissimum
811 1858 940 1919 aereque
968 1842 1169 1906 venerandum
1190 1845 1309 1910 bomini
1492 1919 1498 1938 ⁸

56 1963 209 2023 corpus,
234 1944 313 2024 quod
336 1943 453 2023 quidem
476 1943 513 2004 ab
534 1941 718 2022 Archangelo
741 1941 878 2004 Gabriele
900 1941 1126 2014 annunciatum,
1155 1961 1172 2004 a
1194 1944 1393 2024 Spiritusne.
1444 1999 1446 2006 .

56 2053 181 2106 sancto
214 2046 374 2106 formatum
400 2063 441 2118 ac,
455 2043 544 2106 Verbi
573 2044 682 2106 lactum
713 2051 761 2104 est
782 2040 1012 2104 indumentum?
1055 2041 1151 2104 liuius
1174 2047 1309 2126 eorporis

58 2145 211 2207 Verbum
232 2163 322 2208 manu
344 2153 462 2208 externa
484 2145 639 2206 mulierem
662 2143 736 2206 iebri
759 2143 944 2206 laborantem
966 2144 1090 2214 meavit,
1114 2154 1144 2208 et
1165 2165 1236 2210 uoce
1250 2149 1309 2211 bu-

61 2265 163 2308 mana
176 2247 302 2316 „emissa
322 2247 468 2320 Lazarum
490 2246 641 2308 revocavit
663 2246 700 2307 ad
722 2245 821 2320 vitam,
845 2244 982 2324 idemque
1005 2245 1143 2308 manibus
1159 2265 1264 2312 rursus
1279 2250 1311 2312 in

65 2363 165 2408 cruce
197 2347 330 2410 extensis
359 2346 523 2426 principem
546 2347 703 2426 potestatis
725 2347 823 2419 aeris,
852 2347 902 2426 qui
925 2364 1004 2408 nuno
1026 2355 1168 2426 operatur
1189 2349 1220 2410 in
1241 2349 1310 2414 liliis

64 2445 271 2523 diffidentiae,
294 2449 467 2528 prostravit,
489 2466 653 2528 puramque
675 2447 712 2509 ad
734 2448 831 2516 caelos
853 2447 941 2510 nobis
963 2446 1039 2508 viam
1061 2446 1200 2525 paravit.-

169 2952 198 3015 8.
245 2949 436 3031 Quapropter
457 2952 507 3032 qui
530 2953 692 3014 contemnit
714 2947 1059 3030 templum‚'u0minum,
1082 2951 1132 3030 qui
1155 2951 1310 3032 intemplo

79 3058 139 3122 est,
166 3052 337 3123 contemnit,
361 3059 391 3113 et
411 3052 461 3131 qui
482 3053 611 3114 Verbum
635 3052 739 3113 dividit
760 3071 776 3112 a
799 3071 935 3131 corpore,
958 3052 1080 3130 gratiam
1096 3051 1183 3114 nobis
1198 3053 1229 3114 iu
1244 3055 1311 3132 ipso

86 3152 184 3212 datam
214 3151 321 3212 reiicit.
365 3151 426 3212 Neo
455 3171 525 3214 aero
548 3152 719 3232 impiissimi
740 3151 858 3226 Ariani,
889 3171 924 3214 eo
947 3153 1025 3231 quod
1049 3162 1179 3214 creatum
1202 3173 1311 3234 corpus

84 3261 143 3326 est,
166 3251 295 3314 Verbum
322 3271 441 3334 quoque
463 3260 594 3314 creatum
617 3273 684 3314 esse
706 3253 815 3316 debent
837 3253 1025 3326 existimare,
1049 3271 1104 3314 nec
1126 3255 1214 3328 item,
1243 3255 1312 3334 quia

84 3363 214 3418 creatum
243 3371 304 3414 non
333 3363 382 3415 est
402 3353 547 3427 Verbum,
577 3354 613 3418 de
643 3353 708 3416 eins
735 3371 862 3432 corpore
884 3354 1040 3416 detrahere
1062 3353 1119 3416 sibi
1140 3353 1230 3416 licere
1251 3375 1310 3435 pu-

83 3463 156 3516 tent
199 3454 352 3533 Siquidem
374 3456 504 3534 permira
527 3464 573 3516 est
593 3455 701 3516 mentis
723 3455 842 3516 illorum
861 3455 1059 3534 perversitas,
1083 3473 1140 3533 qua
1161 3463 1191 3516 et
1211 3456 1310 3516 omnia

86 3551 262 3617 conturbant
282 3555 535 3635 permiscentque,
559 3562 589 3616 et
611 3573 715 3616 causas
738 3555 918 3634 excogitant,
943 3573 1001 3633 quo
1025 3555 1123 3615 solum
1146 3561 1311 3616 creatorem

81 3656 236 3718 interrae
266 3665 378 3718 areatas
404 3657 524 3736 possint
551 3655 707 3718 collocare.
757 3655 866 3718 Verum
895 3655 1015 3716 audiant
1038 3673 1111 3734 quae
1135 3673 1239 3716 sumus
1262 3654 1310 3716 di-

89 3757 180 3818 cturi:
208 3755 240 3816 Si
261 3755 391 3816 Verbum
419 3775 469 3818 res
493 3763 590 3817 creata
613 3764 711 3829 esset,
736 3764 866 3818 creatum
888 3773 950 3816 non
972 3753 1168 3816 assumsisset
1190 3773 1310 3833 corpus,

92 3866 127 3919 ιιι
155 3855 193 3915 illi
219 3855 316 3916 eitam
344 3855 520 3934 impertiret.
565 3842 677 3935 Ecquid
707 3841 795 3918 enim*
814 3856 914 3917 auxilii
936 3873 986 3915 res
1010 3865 1106 3916 creata
1128 3853 1172 3914 rei
1196 3856 1311 3916 creatae

91 3959 165 4018 lerre
186 3954 293 4033 possit,
317 3957 469 4035 cumipse
492 3943 586 4017 salute
608 3956 765 4036 indigeat?
809 3955 870 4020 Sed
892 3947 959 4034 quia
974 3953 1113 4027 Verbum,
1137 3971 1203 4014 eum
1225 3974 1310 4018 orea-

92 4097 206 4157 editi'rdr
224 4099 253 4152 δὲ
265 4105 370 4169 χεῖρας.
405 4107 464 4156 ltem
488 4105 587 4167 Seguer.
612 4108 670 4158 ibid.
757 4109 774 4158 i.
793 4109 857 4158 llari:
874 4108 944 4156 rerba
963 4121 1040 4170 usque
1058 4097 1312 4164 autumaretur·

93 4172 159 4238 babet
175 4165 216 4220 lat
235 4171 283 4219 τοῦ
302 4171 422 4238 σταυροῦ
440 4165 490 4219 τὸν
506 4167 558 4237 μὲν
574 4167 671 4240 ἄρχον·
722 4173 794 4241 νηθῇ
819 4177 923 4225 citantur
945 4189 957 4223 a
982 4174 1135 4223 Theodoreto
1164 4173 1263 4235 llieloge
1282 4175 1311 4224 ll.

95 4255 135 4294 ru,
153 4249 174 4288 et
191 4255 244 4288 mcx
262 4241 324 4289 idem
344 4249 367 4290 et
385 4240 457 4290 basil.
476 4255 529 4290 cum
541 4243 670 4302 Anglieaao
722 4238 759 4307 [p.
778 4239 841 4307 921,
859 4243 902 4292 red
921 4242 984 4290 velut
1002 4255 1029 4290 ex
1048 4241 1155 4305 Epistola
1174 4240 1203 4290 ad
1216 4241 1312 4304 Epicte-

94 4299 328 4366 rirdlddo'retc.
363 4308 407 4357 alii
432 4322 487 4356 vero
506 4315 530 4356 et
547 4309 603 4356 editi
622 4306 672 4356 τοῦ
722 4317 790 4369 ιιιιιι,
809 4311 854 4358 nisi
874 4298 1312 4372 lorleproircrrirer'rrquegen-

97 4385 118 4425 ει
132 4370 178 4440 μέν
193 4379 320 4432 omittunt,
346 4383 370 4423 ut
394 4383 417 4423 ει
435 4375 507 4424 liasil.
527 4382 550 4425 et
567 4375 669 4438 trigue,
722 4376 778 4426 dum
798 4378 829 4426 eit
846 4369 875 4431 ἕξ
892 4365 971 4434 ἄλλης
987 4367 1139 4436 ἐπιστολῆς,
1160 4384 1185 4424 ιιι
1203 4375 1313 4426 observat

97 4443 221 4507 bibentque
238 4437 284 4490 rol
301 4435 352 4502 τὴν
370 4435 443 4490 ddc'r.
720 4443 906 4495 Felclamanrms.
943 4445 1001 4493 lbid.
1026 4445 1147 4494 Theodec.
1164 4434 1313 4507 apocattp-
1376 4501 1382 4505 ,

128 4525 147 4558 e.
162 4511 197 4560 Sic
213 4503 314 4573 Seguer.
350 4509 396 4560 dlii
424 4511 530 4562 et'edlti
558 4513 625 4562 artic.
653 4503 668 4558 ὅ
720 4509 804 4572 florea
822 4502 864 4557 ἄν.
902 4511 930 4560 lit
949 4525 1004 4562 mox
1023 4510 1104 4559 τοῦτο
1124 4507 1250 4589 ζωιζπειῇ.

99 4575 202 4627 omittunt
754 4592 777 4639 g.
798 4578 870 4628 basil.
890 4586 913 4628 ει
930 4579 1022 4640 Anglic.
1040 4573 1150 4636 mitrae
1168 4589 1208 4635 ην.
