<?xml version="1.0" encoding="UTF-8"?>
<!DOCTYPE html PUBLIC "-//W3C//DTD XHTML 1.0 Transitional//EN"
    "http://www.w3.org/TR/xhtml1/DTD/xhtml1-transitional.dtd">
<html xmlns="http://www.w3.org/1999/xhtml" xml:lang="en" lang="en">
 <head>
  <title>
</title>
<meta http-equiv="Content-Type" content="text/html;charset=utf-8" />
  <meta name='ocr-system' content='tesseract 3.04.00' />
  <meta name='ocr-capabilities' content='ocr_page ocr_carea ocr_par ocr_line ocrx_word'/>
</head>
<body>
  <div class='ocr_page' id='page_1' title='image "./sanctiathanasii00athagoog_0786.png"; bbox 0 0 3094 5318; ppageno 0'>
   <div class='ocr_carea' id='block_1_1' title="bbox 137 338 1343 416">
    <p class='ocr_par' dir='ltr' id='par_1_1' title="bbox 137 338 1343 416">
     <span class='ocr_line' id='line_1_1' title="bbox 137 338 1343 416; baseline 0.001 -16"><span class='ocrx_word' id='word_1_1' title='bbox 137 349 142 356; x_wconf 86' lang='grc'><em>“</em></span> <span class='ocrx_word' id='word_1_2' title='bbox 301 407 308 416; x_wconf 55' lang='grc'><strong><em>,</em></strong></span> <span class='ocrx_word' id='word_1_3' title='bbox 404 338 408 343; x_wconf 79' lang='grc'><em>“</em></span> <span class='ocrx_word' id='word_1_4' title='bbox 518 357 664 402; x_wconf 77' lang='lat' dir='ltr'><strong>urrerem</strong></span> <span class='ocrx_word' id='word_1_5' title='bbox 678 357 697 400; x_wconf 92' lang='grc' dir='ltr'><strong>ι.</strong></span> <span class='ocrx_word' id='word_1_6' title='bbox 714 355 751 400; x_wconf 86' lang='grc' dir='ltr'><strong>ιιι</strong></span> <span class='ocrx_word' id='word_1_7' title='bbox 768 357 964 402; x_wconf 76' lang='lat' dir='ltr'><strong>suessionen.</strong></span> <span class='ocrx_word' id='word_1_8' title='bbox 1284 349 1343 411; x_wconf 80' lang='lat'><strong>741</strong></span> 
     </span>
    </p>
   </div>
   <div class='ocr_carea' id='block_1_2' title="bbox 1 506 1489 3388">
    <p class='ocr_par' dir='ltr' id='par_1_2' title="bbox 1 506 1489 1799">
     <span class='ocr_line' id='line_1_2' title="bbox 1 506 1432 586; baseline 0.003 -14"><span class='ocrx_word' id='word_1_9' title='bbox 1 549 2 558; x_wconf 35' lang='grc' dir='ltr'><strong>ι</strong></span> <span class='ocrx_word' id='word_1_10' title='bbox 118 510 189 572; x_wconf 87' lang='lat' dir='ltr'><strong>dem</strong></span> <span class='ocrx_word' id='word_1_11' title='bbox 211 507 285 570; x_wconf 82' lang='lat' dir='ltr'><strong>lidus</strong></span> <span class='ocrx_word' id='word_1_12' title='bbox 308 514 363 568; x_wconf 86' lang='lat' dir='ltr'><strong>est</strong></span> <span class='ocrx_word' id='word_1_13' title='bbox 409 506 545 579; x_wconf 83' lang='lat' dir='ltr'><strong>Quodsi</strong></span> <span class='ocrx_word' id='word_1_14' title='bbox 567 507 697 580; x_wconf 69' lang='lat' dir='ltr'><strong>uiros,</strong></span> <span class='ocrx_word' id='word_1_15' title='bbox 720 506 851 586; x_wconf 85' lang='lat' dir='ltr'><strong>Tropici,</strong></span> <span class='ocrx_word' id='word_1_16' title='bbox 878 507 1039 571; x_wconf 81' lang='lat' dir='ltr'><strong>commenti</strong></span> <span class='ocrx_word' id='word_1_17' title='bbox 1061 509 1144 582; x_wconf 89' lang='lat' dir='ltr'><strong>estis,</strong></span> <span class='ocrx_word' id='word_1_18' title='bbox 1167 512 1289 574; x_wconf 89' lang='lat' dir='ltr'><strong>nonita</strong></span> <span class='ocrx_word' id='word_1_19' title='bbox 1312 531 1432 576; x_wconf 78' lang='lat' dir='ltr'><strong>senus</strong></span> 
     </span>
     <span class='ocr_line' id='line_1_3' title="bbox 117 606 1347 688; baseline 0.002 -16"><span class='ocrx_word' id='word_1_20' title='bbox 117 627 171 672; x_wconf 88' lang='lat' dir='ltr'><strong>res</strong></span> <span class='ocrx_word' id='word_1_21' title='bbox 193 608 292 684; x_wconf 87' lang='lat' dir='ltr'><strong>babet,</strong></span> <span class='ocrx_word' id='word_1_22' title='bbox 316 606 384 681; x_wconf 70' lang='lat' dir='ltr'><strong>sed,</strong></span> <span class='ocrx_word' id='word_1_23' title='bbox 402 614 435 670; x_wconf 92' lang='lat' dir='ltr'><strong>ut</strong></span> <span class='ocrx_word' id='word_1_24' title='bbox 457 607 642 682; x_wconf 76' lang='lat' dir='ltr'>somniastis,</span> <span class='ocrx_word' id='word_1_25' title='bbox 665 607 794 688; x_wconf 75' lang='lat' dir='ltr'><strong>Spiritus</strong></span> <span class='ocrx_word' id='word_1_26' title='bbox 819 617 939 670; x_wconf 88' lang='lat' dir='ltr'><strong>sanctus</strong></span> <span class='ocrx_word' id='word_1_27' title='bbox 962 627 1011 671; x_wconf 89' lang='lat' dir='ltr'><strong>res</strong></span> <span class='ocrx_word' id='word_1_28' title='bbox 1035 617 1133 672; x_wconf 84' lang='lat' dir='ltr'><strong>creata</strong></span> <span class='ocrx_word' id='word_1_29' title='bbox 1154 629 1171 671; x_wconf 87' lang='lat' dir='ltr'><strong>a</strong></span> <span class='ocrx_word' id='word_1_30' title='bbox 1192 610 1277 674; x_wconf 86' lang='lat' dir='ltr'><strong>vobis</strong></span> <span class='ocrx_word' id='word_1_31' title='bbox 1299 613 1347 674; x_wconf 94' lang='lat' dir='ltr'><strong>di-</strong></span> 
     </span>
     <span class='ocr_line' id='line_1_4' title="bbox 115 707 1348 793; baseline 0.002 -21"><span class='ocrx_word' id='word_1_32' title='bbox 115 711 211 784; x_wconf 88' lang='lat' dir='ltr'><strong>citur,</strong></span> <span class='ocrx_word' id='word_1_33' title='bbox 240 710 299 772; x_wconf 84' lang='lat' dir='ltr'><strong>iam</strong></span> <span class='ocrx_word' id='word_1_34' title='bbox 320 727 381 770; x_wconf 89' lang='lat' dir='ltr'><strong>non</strong></span> <span class='ocrx_word' id='word_1_35' title='bbox 403 726 462 793; x_wconf 80' lang='lat' dir='ltr'><strong>una</strong></span> <span class='ocrx_word' id='word_1_36' title='bbox 484 715 531 770; x_wconf 90' lang='lat' dir='ltr'><strong>est</strong></span> <span class='ocrx_word' id='word_1_37' title='bbox 551 707 626 770; x_wconf 87' lang='lat' dir='ltr'><strong>fides</strong></span> <span class='ocrx_word' id='word_1_38' title='bbox 649 717 764 782; x_wconf 83' lang='lat' dir='ltr'><strong>vestra,</strong></span> <span class='ocrx_word' id='word_1_39' title='bbox 794 727 856 770; x_wconf 88' lang='lat' dir='ltr'><strong>non</strong></span> <span class='ocrx_word' id='word_1_40' title='bbox 885 727 977 770; x_wconf 90' lang='lat' dir='ltr'><strong>uuum</strong></span> <span class='ocrx_word' id='word_1_41' title='bbox 1007 709 1172 789; x_wconf 88' lang='lat' dir='ltr'><strong>Baptisma,</strong></span> <span class='ocrx_word' id='word_1_42' title='bbox 1201 711 1255 774; x_wconf 86' lang='lat' dir='ltr'><strong>scd</strong></span> <span class='ocrx_word' id='word_1_43' title='bbox 1277 712 1348 788; x_wconf 90' lang='lat' dir='ltr'><strong>duo,</strong></span> 
     </span>
     <span class='ocr_line' id='line_1_5' title="bbox 116 809 1349 890; baseline 0.002 -16"><span class='ocrx_word' id='word_1_44' title='bbox 116 829 212 874; x_wconf 89' lang='lat' dir='ltr'><strong>unum</strong></span> <span class='ocrx_word' id='word_1_45' title='bbox 234 809 349 873; x_wconf 86' lang='lat' dir='ltr'><strong>seilicet</strong></span> <span class='ocrx_word' id='word_1_46' title='bbox 369 809 400 870; x_wconf 91' lang='lat' dir='ltr'><strong>in</strong></span> <span class='ocrx_word' id='word_1_47' title='bbox 421 809 539 872; x_wconf 86' lang='lat' dir='ltr'><strong>Patrem</strong></span> <span class='ocrx_word' id='word_1_48' title='bbox 562 809 734 881; x_wconf 79' lang='lat' dir='ltr'><strong>etlilium,</strong></span> <span class='ocrx_word' id='word_1_49' title='bbox 757 809 835 872; x_wconf 86' lang='lat' dir='ltr'><strong>aliud</strong></span> <span class='ocrx_word' id='word_1_50' title='bbox 858 809 888 870; x_wconf 93' lang='lat' dir='ltr'><strong>in</strong></span> <span class='ocrx_word' id='word_1_51' title='bbox 909 811 1071 890; x_wconf 76' lang='lat' dir='ltr'><strong>Angelum,</strong></span> <span class='ocrx_word' id='word_1_52' title='bbox 1100 813 1152 890; x_wconf 89' lang='lat' dir='ltr'><strong>qui</strong></span> <span class='ocrx_word' id='word_1_53' title='bbox 1178 830 1229 874; x_wconf 86' lang='lat' dir='ltr'><strong>res</strong></span> <span class='ocrx_word' id='word_1_54' title='bbox 1252 823 1349 876; x_wconf 84' lang='lat' dir='ltr'><strong>creata</strong></span> 
     </span>
     <span class='ocr_line' id='line_1_6' title="bbox 116 905 1348 990; baseline 0.002 -17"><span class='ocrx_word' id='word_1_55' title='bbox 116 919 184 984; x_wconf 91' lang='lat' dir='ltr'><strong>est,</strong></span> <span class='ocrx_word' id='word_1_56' title='bbox 206 911 339 990; x_wconf 74' lang='lat' dir='ltr'>nihilque</span> <span class='ocrx_word' id='word_1_57' title='bbox 360 911 419 972; x_wconf 88' lang='lat' dir='ltr'><strong>iam</strong></span> <span class='ocrx_word' id='word_1_58' title='bbox 440 910 527 972; x_wconf 85' lang='lat' dir='ltr'><strong>vobis</strong></span> <span class='ocrx_word' id='word_1_59' title='bbox 548 911 682 984; x_wconf 90' lang='lat' dir='ltr'><strong>lirmum,</strong></span> <span class='ocrx_word' id='word_1_60' title='bbox 704 909 779 972; x_wconf 91' lang='lat' dir='ltr'><strong>nibil</strong></span> <span class='ocrx_word' id='word_1_61' title='bbox 802 928 905 972; x_wconf 88' lang='lat' dir='ltr'><strong>verum</strong></span> <span class='ocrx_word' id='word_1_62' title='bbox 928 905 1119 990; x_wconf 77' lang='lat' dir='ltr'><strong>superfuerit.</strong></span> <span class='ocrx_word' id='word_1_63' title='bbox 1164 911 1248 983; x_wconf 85' lang='lat' dir='ltr'><strong>Quae</strong></span> <span class='ocrx_word' id='word_1_64' title='bbox 1270 915 1348 976; x_wconf 90' lang='lat' dir='ltr'><strong>enim</strong></span> 
     </span>
     <span class='ocr_line' id='line_1_7' title="bbox 118 1010 1348 1092; baseline 0.002 -18"><span class='ocrx_word' id='word_1_65' title='bbox 118 1012 290 1076; x_wconf 91' lang='lat' dir='ltr'><strong>communio</strong></span> <span class='ocrx_word' id='word_1_66' title='bbox 318 1013 396 1074; x_wconf 88' lang='lat' dir='ltr'><strong>inter</strong></span> <span class='ocrx_word' id='word_1_67' title='bbox 423 1030 487 1074; x_wconf 88' lang='lat' dir='ltr'><strong>rem</strong></span> <span class='ocrx_word' id='word_1_68' title='bbox 515 1013 619 1074; x_wconf 86' lang='lat' dir='ltr'><strong>laetam</strong></span> <span class='ocrx_word' id='word_1_69' title='bbox 649 1019 680 1074; x_wconf 89' lang='lat' dir='ltr'><strong>et</strong></span> <span class='ocrx_word' id='word_1_70' title='bbox 709 1010 774 1072; x_wconf 88' lang='lat' dir='ltr'><strong>eius</strong></span> <span class='ocrx_word' id='word_1_71' title='bbox 803 1011 999 1074; x_wconf 77' lang='lat' dir='ltr'><strong>elleotorem?</strong></span> <span class='ocrx_word' id='word_1_72' title='bbox 1043 1011 1096 1074; x_wconf 86' lang='lat' dir='ltr'><strong>Vel</strong></span> <span class='ocrx_word' id='word_1_73' title='bbox 1124 1031 1200 1092; x_wconf 83' lang='lat' dir='ltr'><strong>quse</strong></span> <span class='ocrx_word' id='word_1_74' title='bbox 1221 1013 1348 1078; x_wconf 87' lang='lat' dir='ltr'><strong>societas</strong></span> 
     </span>
     <span class='ocr_line' id='line_1_8' title="bbox 119 1112 1350 1192; baseline 0.002 -16"><span class='ocrx_word' id='word_1_75' title='bbox 119 1115 200 1176; x_wconf 88' lang='lat' dir='ltr'><strong>inter</strong></span> <span class='ocrx_word' id='word_1_76' title='bbox 222 1133 271 1176; x_wconf 89' lang='lat' dir='ltr'><strong>res</strong></span> <span class='ocrx_word' id='word_1_77' title='bbox 294 1113 452 1176; x_wconf 83' lang='lat' dir='ltr'><strong>inieriores</strong></span> <span class='ocrx_word' id='word_1_78' title='bbox 475 1120 589 1176; x_wconf 84' lang='lat' dir='ltr'><strong>creatas</strong></span> <span class='ocrx_word' id='word_1_79' title='bbox 612 1119 642 1174; x_wconf 89' lang='lat' dir='ltr'><strong>et</strong></span> <span class='ocrx_word' id='word_1_80' title='bbox 663 1112 801 1186; x_wconf 80' lang='lat' dir='ltr'>Verbum,</span> <span class='ocrx_word' id='word_1_81' title='bbox 824 1131 840 1172; x_wconf 90' lang='lat' dir='ltr'><strong>a</strong></span> <span class='ocrx_word' id='word_1_82' title='bbox 863 1131 922 1192; x_wconf 88' lang='lat' dir='ltr'><strong>quo</strong></span> <span class='ocrx_word' id='word_1_83' title='bbox 945 1112 1105 1191; x_wconf 86' lang='lat' dir='ltr'><strong>productae</strong></span> <span class='ocrx_word' id='word_1_84' title='bbox 1127 1112 1220 1176; x_wconf 72' lang='lat' dir='ltr'><strong>sunt?</strong></span> <span class='ocrx_word' id='word_1_85' title='bbox 1263 1115 1350 1178; x_wconf 90' lang='lat' dir='ltr'><strong>Certe</strong></span> 
     </span>
     <span class='ocr_line' id='line_1_9' title="bbox 121 1213 1348 1294; baseline 0 -16"><span class='ocrx_word' id='word_1_86' title='bbox 121 1217 229 1278; x_wconf 80' lang='lat' dir='ltr'><strong>beatus</strong></span> <span class='ocrx_word' id='word_1_87' title='bbox 250 1215 370 1288; x_wconf 86' lang='lat' dir='ltr'><strong>Paulus,</strong></span> <span class='ocrx_word' id='word_1_88' title='bbox 393 1216 444 1294; x_wconf 87' lang='lat' dir='ltr'><strong>qui</strong></span> <span class='ocrx_word' id='word_1_89' title='bbox 465 1215 521 1276; x_wconf 90' lang='lat' dir='ltr'><strong>ista</strong></span> <span class='ocrx_word' id='word_1_90' title='bbox 543 1213 665 1276; x_wconf 87' lang='lat' dir='ltr'><strong>minime</strong></span> <span class='ocrx_word' id='word_1_91' title='bbox 687 1213 852 1292; x_wconf 77' lang='lat' dir='ltr'>ignorabat,</span> <span class='ocrx_word' id='word_1_92' title='bbox 874 1232 936 1276; x_wconf 92' lang='lat' dir='ltr'><strong>non</strong></span> <span class='ocrx_word' id='word_1_93' title='bbox 958 1221 991 1275; x_wconf 95' lang='lat' dir='ltr'><strong>ut</strong></span> <span class='ocrx_word' id='word_1_94' title='bbox 1006 1232 1058 1276; x_wconf 84' lang='lat' dir='ltr'><strong>vos</strong></span> <span class='ocrx_word' id='word_1_95' title='bbox 1075 1214 1250 1278; x_wconf 74' lang='lat' dir='ltr'><strong>Trinitatem</strong></span> <span class='ocrx_word' id='word_1_96' title='bbox 1271 1216 1348 1278; x_wconf 88' lang='lat' dir='ltr'><strong>divi-</strong></span> 
     </span>
     <span class='ocr_line' id='line_1_10' title="bbox 121 1301 1349 1406; baseline 0.002 -28"><span class='ocrx_word' id='word_1_97' title='bbox 121 1317 176 1391; x_wconf 90' lang='lat' dir='ltr'><strong>dit,</strong></span> <span class='ocrx_word' id='word_1_98' title='bbox 199 1315 252 1377; x_wconf 91' lang='lat' dir='ltr'><strong>sed</strong></span> <span class='ocrx_word' id='word_1_99' title='bbox 275 1316 339 1377; x_wconf 88' lang='lat' dir='ltr'><strong>eius</strong></span> <span class='ocrx_word' id='word_1_100' title='bbox 361 1301 503 1406; x_wconf 65' lang='lat' dir='ltr'><strong>unitatem</strong></span> <span class='ocrx_word' id='word_1_101' title='bbox 525 1315 691 1378; x_wconf 79' lang='lat' dir='ltr'><strong>luculenter</strong></span> <span class='ocrx_word' id='word_1_102' title='bbox 711 1315 807 1388; x_wconf 87' lang='lat' dir='ltr'><strong>docet,</strong></span> <span class='ocrx_word' id='word_1_103' title='bbox 830 1333 896 1376; x_wconf 89' lang='lat' dir='ltr'><strong>cnm</strong></span> <span class='ocrx_word' id='word_1_104' title='bbox 918 1315 955 1376; x_wconf 93' lang='lat' dir='ltr'><strong>de</strong></span> <span class='ocrx_word' id='word_1_105' title='bbox 977 1314 1182 1395; x_wconf 83' lang='lat' dir='ltr'><strong>spiritualibus</strong></span> <span class='ocrx_word' id='word_1_106' title='bbox 1204 1317 1349 1380; x_wconf 89' lang='lat' dir='ltr'><strong>rebusad</strong></span> 
     </span>
     <span class='ocr_line' id='line_1_11' title="bbox 119 1415 1488 1498; baseline 0.006 -20"><span class='ocrx_word' id='word_1_107' title='bbox 119 1417 292 1478; x_wconf 88' lang='lat' dir='ltr'><strong>Corinthios</strong></span> <span class='ocrx_word' id='word_1_108' title='bbox 315 1415 420 1479; x_wconf 84' lang='lat' dir='ltr'><strong>scribit</strong></span> <span class='ocrx_word' id='word_1_109' title='bbox 442 1425 472 1478; x_wconf 86' lang='lat' dir='ltr'><strong>et</strong></span> <span class='ocrx_word' id='word_1_110' title='bbox 494 1415 594 1480; x_wconf 90' lang='lat' dir='ltr'><strong>omnia</strong></span> <span class='ocrx_word' id='word_1_111' title='bbox 616 1416 652 1477; x_wconf 91' lang='lat' dir='ltr'><strong>ad</strong></span> <span class='ocrx_word' id='word_1_112' title='bbox 673 1433 765 1477; x_wconf 91' lang='lat' dir='ltr'><strong>unum</strong></span> <span class='ocrx_word' id='word_1_113' title='bbox 788 1415 882 1476; x_wconf 87' lang='lat' dir='ltr'><strong>Deum</strong></span> <span class='ocrx_word' id='word_1_114' title='bbox 902 1415 1020 1480; x_wconf 84' lang='lat' dir='ltr'><strong>Patrem</strong></span> <span class='ocrx_word' id='word_1_115' title='bbox 1044 1425 1181 1496; x_wconf 82' lang='lat' dir='ltr'><strong>tanquam</strong></span> <span class='ocrx_word' id='word_1_116' title='bbox 1203 1418 1240 1480; x_wconf 91' lang='lat' dir='ltr'><strong>ad</strong></span> <span class='ocrx_word' id='word_1_117' title='bbox 1261 1427 1435 1498; x_wconf 78' lang='lat' dir='ltr'><strong>capulum.</strong></span> <span class='ocrx_word' id='word_1_118' title='bbox 1484 1444 1488 1448; x_wconf 91' lang='lat'>·</span> 
     </span>
     <span class='ocr_line' id='line_1_12' title="bbox 119 1517 1489 1602; baseline 0.003 -23"><span class='ocrx_word' id='word_1_119' title='bbox 119 1520 180 1580; x_wconf 89' lang='lat' dir='ltr'><strong>boc</strong></span> <span class='ocrx_word' id='word_1_120' title='bbox 200 1525 286 1597; x_wconf 84' lang='lat' dir='ltr'><strong>pacto</strong></span> <span class='ocrx_word' id='word_1_121' title='bbox 308 1518 437 1580; x_wconf 83' lang='lat' dir='ltr'><strong>reducit:</strong></span> <span class='ocrx_word' id='word_1_122' title='bbox 461 1517 632 1580; x_wconf 76' lang='lat' dir='ltr'><strong>divisiones</strong></span> <span class='ocrx_word' id='word_1_123' title='bbox 655 1533 728 1578; x_wconf 84' lang='lat' dir='ltr'><strong>nero</strong></span> <span class='ocrx_word' id='word_1_124' title='bbox 750 1521 922 1596; x_wconf 77' lang='lat' dir='ltr'><strong>prunorum</strong></span> <span class='ocrx_word' id='word_1_125' title='bbox 945 1528 1031 1587; x_wconf 87' lang='lat' dir='ltr'><strong>sunt,</strong></span> <span class='ocrx_word' id='word_1_126' title='bbox 1054 1519 1132 1580; x_wconf 91' lang='lat' dir='ltr'><strong>idem</strong></span> <span class='ocrx_word' id='word_1_127' title='bbox 1153 1528 1254 1581; x_wconf 85' lang='lat' dir='ltr'><strong>autem</strong></span> <span class='ocrx_word' id='word_1_128' title='bbox 1275 1519 1348 1602; x_wconf 82' lang='lat' dir='ltr'><strong>Spi-</strong></span> <span class='ocrx_word' id='word_1_129' title='bbox 1482 1519 1489 1528; x_wconf 78' lang='grc'><strong>”</strong></span> 
     </span>
     <span class='ocr_line' id='line_1_13' title="bbox 120 1603 1349 1695; baseline 0 -13"><span class='ocrx_word' id='word_1_130' title='bbox 120 1625 212 1692; x_wconf 89' lang='lat' dir='ltr'><strong>ritus,</strong></span> <span class='ocrx_word' id='word_1_131' title='bbox 236 1631 265 1682; x_wconf 89' lang='lat' dir='ltr'><strong>et</strong></span> <span class='ocrx_word' id='word_1_132' title='bbox 287 1619 450 1680; x_wconf 76' lang='lat' dir='ltr'><strong>divisiones</strong></span> <span class='ocrx_word' id='word_1_133' title='bbox 471 1603 734 1684; x_wconf 67' lang='lat' dir='ltr'><strong>ministrationum</strong></span> <span class='ocrx_word' id='word_1_134' title='bbox 756 1627 838 1687; x_wconf 87' lang='lat' dir='ltr'><strong>sunt,</strong></span> <span class='ocrx_word' id='word_1_135' title='bbox 861 1617 938 1680; x_wconf 87' lang='lat' dir='ltr'><strong>idem</strong></span> <span class='ocrx_word' id='word_1_136' title='bbox 953 1629 1053 1682; x_wconf 85' lang='lat' dir='ltr'><strong>nutem</strong></span> <span class='ocrx_word' id='word_1_137' title='bbox 1067 1617 1228 1695; x_wconf 88' lang='lat' dir='ltr'><strong>Dominus,</strong></span> <span class='ocrx_word' id='word_1_138' title='bbox 1251 1629 1281 1682; x_wconf 89' lang='lat' dir='ltr'><strong>et</strong></span> <span class='ocrx_word' id='word_1_139' title='bbox 1302 1622 1349 1682; x_wconf 91' lang='lat' dir='ltr'><strong>di-</strong></span> 
     </span>
     <span class='ocr_line' id='line_1_14' title="bbox 120 1716 1350 1799; baseline 0.001 -17"><span class='ocrx_word' id='word_1_140' title='bbox 120 1724 253 1784; x_wconf 79' lang='lat' dir='ltr'><strong>visiones</strong></span> <span class='ocrx_word' id='word_1_141' title='bbox 278 1721 489 1796; x_wconf 80' lang='lat' dir='ltr'><strong>operationum</strong></span> <span class='ocrx_word' id='word_1_142' title='bbox 511 1726 599 1788; x_wconf 88' lang='lat' dir='ltr'><strong>sunt,</strong></span> <span class='ocrx_word' id='word_1_143' title='bbox 628 1717 705 1779; x_wconf 90' lang='lat' dir='ltr'><strong>idem</strong></span> <span class='ocrx_word' id='word_1_144' title='bbox 727 1734 800 1779; x_wconf 87' lang='lat' dir='ltr'><strong>oero</strong></span> <span class='ocrx_word' id='word_1_145' title='bbox 821 1716 921 1792; x_wconf 85' lang='lat' dir='ltr'><strong>Dens,</strong></span> <span class='ocrx_word' id='word_1_146' title='bbox 941 1722 1003 1799; x_wconf 71' lang='lat' dir='ltr'><strong>poi</strong></span> <span class='ocrx_word' id='word_1_147' title='bbox 1023 1729 1172 1799; x_wconf 85' lang='lat' dir='ltr'><strong>operatur</strong></span> <span class='ocrx_word' id='word_1_148' title='bbox 1195 1724 1295 1784; x_wconf 88' lang='lat' dir='ltr'><strong>omniu</strong></span> <span class='ocrx_word' id='word_1_149' title='bbox 1316 1725 1350 1783; x_wconf 89' lang='lat' dir='ltr'><strong>in</strong></span> 
     </span>
    </p>

    <p class='ocr_par' dir='ltr' id='par_1_3' title="bbox 1 1807 1382 2404">
     <span class='ocr_line' id='line_1_15' title="bbox 1 1807 1382 1900; baseline -0.001 -19"><span class='ocrx_word' id='word_1_150' title='bbox 1 1807 2 1814; x_wconf 9' lang='grc' dir='ltr'>ἵ</span> <span class='ocrx_word' id='word_1_151' title='bbox 121 1820 271 1882; x_wconf 87' lang='lat' dir='ltr'><strong>omnibus.</strong></span> <span class='ocrx_word' id='word_1_152' title='bbox 317 1817 400 1888; x_wconf 81' lang='lat' dir='ltr'><strong>Quae</strong></span> <span class='ocrx_word' id='word_1_153' title='bbox 423 1817 501 1878; x_wconf 89' lang='lat' dir='ltr'><strong>enim</strong></span> <span class='ocrx_word' id='word_1_154' title='bbox 523 1816 652 1896; x_wconf 89' lang='lat' dir='ltr'><strong>Spiritus</strong></span> <span class='ocrx_word' id='word_1_155' title='bbox 676 1816 801 1895; x_wconf 83' lang='lat' dir='ltr'><strong>singulis</strong></span> <span class='ocrx_word' id='word_1_156' title='bbox 823 1816 984 1892; x_wconf 87' lang='lat' dir='ltr'><strong>distribuit,</strong></span> <span class='ocrx_word' id='word_1_157' title='bbox 1008 1837 1042 1880; x_wconf 90' lang='lat' dir='ltr'><strong>ea</strong></span> <span class='ocrx_word' id='word_1_158' title='bbox 1064 1819 1183 1882; x_wconf 83' lang='lat' dir='ltr'><strong>aPatre</strong></span> <span class='ocrx_word' id='word_1_159' title='bbox 1203 1837 1258 1900; x_wconf 90' lang='lat' dir='ltr'><strong>per</strong></span> <span class='ocrx_word' id='word_1_160' title='bbox 1272 1821 1347 1882; x_wconf 88' lang='lat' dir='ltr'><strong>Ver·</strong></span> <span class='ocrx_word' id='word_1_161' title='bbox 1378 1865 1382 1873; x_wconf 85' lang='lat'>.</span> 
     </span>
     <span class='ocr_line' id='line_1_16' title="bbox 121 1917 1348 1996; baseline 0.002 -16"><span class='ocrx_word' id='word_1_162' title='bbox 121 1919 193 1982; x_wconf 90' lang='lat' dir='ltr'><strong>bum</strong></span> <span class='ocrx_word' id='word_1_163' title='bbox 216 1919 331 1980; x_wconf 82' lang='lat' dir='ltr'><strong>duntur.</strong></span> <span class='ocrx_word' id='word_1_164' title='bbox 375 1917 449 1978; x_wconf 88' lang='lat' dir='ltr'><strong>Nam</strong></span> <span class='ocrx_word' id='word_1_165' title='bbox 472 1917 581 1990; x_wconf 88' lang='lat' dir='ltr'><strong>omnis,</strong></span> <span class='ocrx_word' id='word_1_166' title='bbox 605 1935 679 1996; x_wconf 84' lang='lat' dir='ltr'><strong>quae</strong></span> <span class='ocrx_word' id='word_1_167' title='bbox 701 1917 798 1979; x_wconf 90' lang='lat' dir='ltr'><strong>Patris</strong></span> <span class='ocrx_word' id='word_1_168' title='bbox 822 1927 902 1991; x_wconf 87' lang='lat' dir='ltr'><strong>sunt,</strong></span> <span class='ocrx_word' id='word_1_169' title='bbox 928 1926 998 1981; x_wconf 88' lang='lat' dir='ltr'><strong>sunt</strong></span> <span class='ocrx_word' id='word_1_170' title='bbox 1018 1920 1089 1981; x_wconf 89' lang='lat' dir='ltr'><strong>item</strong></span> <span class='ocrx_word' id='word_1_171' title='bbox 1110 1919 1188 1994; x_wconf 86' lang='lat' dir='ltr'><strong>Filii,</strong></span> <span class='ocrx_word' id='word_1_172' title='bbox 1210 1921 1289 1982; x_wconf 90' lang='lat' dir='ltr'><strong>uode</strong></span> <span class='ocrx_word' id='word_1_173' title='bbox 1304 1939 1348 1996; x_wconf 83' lang='lat' dir='ltr'><strong>en,</strong></span> 
     </span>
     <span class='ocr_line' id='line_1_17' title="bbox 121 2017 1349 2100; baseline 0.002 -18"><span class='ocrx_word' id='word_1_174' title='bbox 121 2039 197 2100; x_wconf 83' lang='lat' dir='ltr'><strong>quae</strong></span> <span class='ocrx_word' id='word_1_175' title='bbox 219 2039 235 2081; x_wconf 91' lang='lat' dir='ltr'><strong>a</strong></span> <span class='ocrx_word' id='word_1_176' title='bbox 258 2017 334 2080; x_wconf 84' lang='lat' dir='ltr'><strong>Filio</strong></span> <span class='ocrx_word' id='word_1_177' title='bbox 364 2017 392 2078; x_wconf 91' lang='lat' dir='ltr'><strong>in</strong></span> <span class='ocrx_word' id='word_1_178' title='bbox 417 2018 529 2097; x_wconf 90' lang='lat' dir='ltr'><strong>Spiritu</strong></span> <span class='ocrx_word' id='word_1_179' title='bbox 552 2018 674 2092; x_wconf 91' lang='lat' dir='ltr'><strong>dantur,</strong></span> <span class='ocrx_word' id='word_1_180' title='bbox 703 2038 774 2082; x_wconf 84' lang='lat' dir='ltr'><strong>rera</strong></span> <span class='ocrx_word' id='word_1_181' title='bbox 803 2028 875 2080; x_wconf 92' lang='lat' dir='ltr'><strong>sunt</strong></span> <span class='ocrx_word' id='word_1_182' title='bbox 903 2020 999 2081; x_wconf 88' lang='lat' dir='ltr'><strong>Patris</strong></span> <span class='ocrx_word' id='word_1_183' title='bbox 1026 2039 1160 2084; x_wconf 88' lang='lat' dir='ltr'><strong>munera.</strong></span> <span class='ocrx_word' id='word_1_184' title='bbox 1206 2020 1349 2084; x_wconf 87' lang='lat' dir='ltr'><strong>Similiter</strong></span> 
     </span>
     <span class='ocr_line' id='line_1_18' title="bbox 123 2119 1349 2202; baseline 0.002 -20"><span class='ocrx_word' id='word_1_185' title='bbox 123 2140 189 2184; x_wconf 86' lang='lat' dir='ltr'><strong>oum</strong></span> <span class='ocrx_word' id='word_1_186' title='bbox 212 2120 342 2202; x_wconf 88' lang='lat' dir='ltr'><strong>Spiritus</strong></span> <span class='ocrx_word' id='word_1_187' title='bbox 364 2119 395 2180; x_wconf 94' lang='lat' dir='ltr'><strong>in</strong></span> <span class='ocrx_word' id='word_1_188' title='bbox 417 2119 506 2181; x_wconf 87' lang='lat' dir='ltr'><strong>nobis</strong></span> <span class='ocrx_word' id='word_1_189' title='bbox 529 2127 591 2193; x_wconf 90' lang='lat' dir='ltr'><strong>est,</strong></span> <span class='ocrx_word' id='word_1_190' title='bbox 616 2120 753 2194; x_wconf 86' lang='lat' dir='ltr'><strong>Verbum,</strong></span> <span class='ocrx_word' id='word_1_191' title='bbox 776 2139 793 2180; x_wconf 86' lang='lat' dir='ltr'><strong>a</strong></span> <span class='ocrx_word' id='word_1_192' title='bbox 816 2138 875 2200; x_wconf 89' lang='lat' dir='ltr'><strong>quo</strong></span> <span class='ocrx_word' id='word_1_193' title='bbox 898 2120 980 2182; x_wconf 92' lang='lat' dir='ltr'><strong>illum</strong></span> <span class='ocrx_word' id='word_1_194' title='bbox 1002 2122 1181 2201; x_wconf 79' lang='lat' dir='ltr'><strong>accipimus,</strong></span> <span class='ocrx_word' id='word_1_195' title='bbox 1209 2121 1240 2183; x_wconf 93' lang='lat' dir='ltr'><strong>in</strong></span> <span class='ocrx_word' id='word_1_196' title='bbox 1260 2121 1349 2184; x_wconf 87' lang='lat' dir='ltr'><strong>nobis</strong></span> 
     </span>
     <span class='ocr_line' id='line_1_19' title="bbox 121 2220 1348 2300; baseline 0.001 -16"><span class='ocrx_word' id='word_1_197' title='bbox 121 2223 212 2284; x_wconf 88' lang='lat' dir='ltr'><strong>etiam</strong></span> <span class='ocrx_word' id='word_1_198' title='bbox 234 2229 290 2294; x_wconf 86' lang='lat' dir='ltr'><strong>est,</strong></span> <span class='ocrx_word' id='word_1_199' title='bbox 314 2229 344 2282; x_wconf 94' lang='lat' dir='ltr'><strong>et</strong></span> <span class='ocrx_word' id='word_1_200' title='bbox 363 2221 395 2282; x_wconf 92' lang='lat' dir='ltr'><strong>in</strong></span> <span class='ocrx_word' id='word_1_201' title='bbox 409 2220 507 2282; x_wconf 87' lang='lat' dir='ltr'><strong>Verbo</strong></span> <span class='ocrx_word' id='word_1_202' title='bbox 531 2229 578 2282; x_wconf 89' lang='lat' dir='ltr'><strong>est</strong></span> <span class='ocrx_word' id='word_1_203' title='bbox 599 2237 717 2300; x_wconf 85' lang='lat' dir='ltr'><strong>quoque</strong></span> <span class='ocrx_word' id='word_1_204' title='bbox 731 2221 829 2294; x_wconf 89' lang='lat' dir='ltr'><strong>Pater,</strong></span> <span class='ocrx_word' id='word_1_205' title='bbox 852 2229 941 2300; x_wconf 91' lang='lat' dir='ltr'><strong>atque</strong></span> <span class='ocrx_word' id='word_1_206' title='bbox 956 2222 996 2283; x_wconf 89' lang='lat' dir='ltr'><strong>ita</strong></span> <span class='ocrx_word' id='word_1_207' title='bbox 1019 2223 1052 2284; x_wconf 86' lang='lat' dir='ltr'><strong>iit</strong></span> <span class='ocrx_word' id='word_1_208' title='bbox 1072 2223 1169 2285; x_wconf 88' lang='lat' dir='ltr'><strong>istud:</strong></span> <span class='ocrx_word' id='word_1_209' title='bbox 1195 2223 1348 2286; x_wconf 80' lang='lat' dir='ltr'><strong>Veniemus</strong></span> 
     </span>
     <span class='ocr_line' id='line_1_20' title="bbox 120 2323 1347 2404; baseline -0.002 -18"><span class='ocrx_word' id='word_1_210' title='bbox 120 2343 175 2404; x_wconf 83' lang='lat' dir='ltr'><strong>epo</strong></span> <span class='ocrx_word' id='word_1_211' title='bbox 197 2334 227 2386; x_wconf 87' lang='lat' dir='ltr'><strong>et</strong></span> <span class='ocrx_word' id='word_1_212' title='bbox 248 2323 342 2385; x_wconf 83' lang='lat' dir='ltr'><strong>Pater</strong></span> <span class='ocrx_word' id='word_1_213' title='bbox 364 2332 394 2384; x_wconf 86' lang='lat' dir='ltr'><strong>et</strong></span> <span class='ocrx_word' id='word_1_214' title='bbox 414 2326 601 2386; x_wconf 83' lang='lat' dir='ltr'><strong>mansionem</strong></span> <span class='ocrx_word' id='word_1_215' title='bbox 622 2323 704 2402; x_wconf 85' lang='lat' dir='ltr'><strong>opud</strong></span> <span class='ocrx_word' id='word_1_216' title='bbox 726 2340 792 2384; x_wconf 90' lang='lat' dir='ltr'><strong>eum</strong></span> <span class='ocrx_word' id='word_1_217' title='bbox 812 2323 974 2402; x_wconf 80' lang='lat' dir='ltr'><strong>sooi&#39;eonus,</strong></span> <span class='ocrx_word' id='word_1_218' title='bbox 1005 2323 1048 2386; x_wconf 88' lang='lat' dir='ltr'><strong>uti</strong></span> <span class='ocrx_word' id='word_1_219' title='bbox 1077 2323 1136 2386; x_wconf 89' lang='lat' dir='ltr'><strong>iam</strong></span> <span class='ocrx_word' id='word_1_220' title='bbox 1158 2324 1268 2384; x_wconf 88' lang='lat' dir='ltr'><strong>dictum</strong></span> <span class='ocrx_word' id='word_1_221' title='bbox 1291 2330 1347 2384; x_wconf 85' lang='lat' dir='ltr'><strong>est.</strong></span> 
     </span>
    </p>

    <p class='ocr_par' dir='ltr' id='par_1_4' title="bbox 121 2415 1348 2503">
     <span class='ocr_line' id='line_1_21' title="bbox 121 2415 1348 2503; baseline -0.002 -17"><span class='ocrx_word' id='word_1_222' title='bbox 121 2427 176 2487; x_wconf 91' lang='lat' dir='ltr'><strong>Ubi</strong></span> <span class='ocrx_word' id='word_1_223' title='bbox 195 2426 279 2500; x_wconf 72' lang='lat' dir='ltr'><strong>enirn</strong></span> <span class='ocrx_word' id='word_1_224' title='bbox 301 2415 355 2486; x_wconf 53' lang='lat' dir='ltr'><strong>lux&#39;</strong></span> <span class='ocrx_word' id='word_1_225' title='bbox 374 2431 431 2496; x_wconf 87' lang='lat' dir='ltr'><strong>est,</strong></span> <span class='ocrx_word' id='word_1_226' title='bbox 454 2423 514 2484; x_wconf 92' lang='lat' dir='ltr'><strong>illic</strong></span> <span class='ocrx_word' id='word_1_227' title='bbox 536 2432 565 2484; x_wconf 89' lang='lat' dir='ltr'><strong>et</strong></span> <span class='ocrx_word' id='word_1_228' title='bbox 586 2422 729 2503; x_wconf 87' lang='lat' dir='ltr'><strong>splendor</strong></span> <span class='ocrx_word' id='word_1_229' title='bbox 751 2441 869 2502; x_wconf 89' lang='lat' dir='ltr'><strong>quoque</strong></span> <span class='ocrx_word' id='word_1_230' title='bbox 892 2431 950 2497; x_wconf 88' lang='lat' dir='ltr'><strong>est,</strong></span> <span class='ocrx_word' id='word_1_231' title='bbox 973 2425 1023 2485; x_wconf 92' lang='lat' dir='ltr'><strong>ubi</strong></span> <span class='ocrx_word' id='word_1_232' title='bbox 1046 2424 1116 2484; x_wconf 91' lang='lat' dir='ltr'><strong>item</strong></span> <span class='ocrx_word' id='word_1_233' title='bbox 1135 2423 1277 2502; x_wconf 89' lang='lat' dir='ltr'><strong>splendor</strong></span> <span class='ocrx_word' id='word_1_234' title='bbox 1291 2429 1348 2496; x_wconf 83' lang='lat' dir='ltr'><strong>cst,</strong></span> 
     </span>
    </p>

    <p class='ocr_par' dir='ltr' id='par_1_5' title="bbox 121 2521 1442 2904">
     <span class='ocr_line' id='line_1_22' title="bbox 121 2521 1442 2602; baseline 0 -18"><span class='ocrx_word' id='word_1_235' title='bbox 121 2525 162 2584; x_wconf 91' lang='lat' dir='ltr'><strong>ibi</strong></span> <span class='ocrx_word' id='word_1_236' title='bbox 191 2525 326 2586; x_wconf 90' lang='lat' dir='ltr'><strong>similiter</strong></span> <span class='ocrx_word' id='word_1_237' title='bbox 353 2532 384 2585; x_wconf 90' lang='lat' dir='ltr'><strong>et</strong></span> <span class='ocrx_word' id='word_1_238' title='bbox 411 2524 475 2586; x_wconf 87' lang='lat' dir='ltr'><strong>eius</strong></span> <span class='ocrx_word' id='word_1_239' title='bbox 505 2523 661 2586; x_wconf 88' lang='lat' dir='ltr'><strong>ellicieutia</strong></span> <span class='ocrx_word' id='word_1_240' title='bbox 689 2531 719 2583; x_wconf 89' lang='lat' dir='ltr'><strong>et</strong></span> <span class='ocrx_word' id='word_1_241' title='bbox 746 2523 900 2601; x_wconf 91' lang='lat' dir='ltr'><strong>splendida</strong></span> <span class='ocrx_word' id='word_1_242' title='bbox 929 2533 976 2586; x_wconf 87' lang='lat' dir='ltr'><strong>est</strong></span> <span class='ocrx_word' id='word_1_243' title='bbox 1006 2523 1108 2602; x_wconf 80' lang='lat' dir='ltr'><strong>gratia.</strong></span> <span class='ocrx_word' id='word_1_244' title='bbox 1154 2521 1242 2596; x_wconf 87' lang='lat' dir='ltr'><strong>Quod</strong></span> <span class='ocrx_word' id='word_1_245' title='bbox 1268 2522 1348 2585; x_wconf 88' lang='lat' dir='ltr'><strong>idem</strong></span> <span class='ocrx_word' id='word_1_246' title='bbox 1426 2551 1442 2596; x_wconf 64' lang='grc'><strong>,-</strong></span> 
     </span>
     <span class='ocr_line' id='line_1_23' title="bbox 122 2623 1383 2703; baseline 0.002 -20"><span class='ocrx_word' id='word_1_247' title='bbox 122 2623 230 2686; x_wconf 81' lang='lat' dir='ltr'><strong>Pardus</strong></span> <span class='ocrx_word' id='word_1_248' title='bbox 258 2625 289 2684; x_wconf 93' lang='lat' dir='ltr'><strong>iu</strong></span> <span class='ocrx_word' id='word_1_249' title='bbox 318 2624 447 2686; x_wconf 90' lang='lat' dir='ltr'><strong>secunda</strong></span> <span class='ocrx_word' id='word_1_250' title='bbox 478 2624 603 2703; x_wconf 89' lang='lat' dir='ltr'><strong>epistola</strong></span> <span class='ocrx_word' id='word_1_251' title='bbox 626 2624 798 2686; x_wconf 83' lang='lat' dir='ltr'><strong>Corinthios</strong></span> <span class='ocrx_word' id='word_1_252' title='bbox 828 2624 875 2686; x_wconf 87' lang='lat' dir='ltr'><strong>bis</strong></span> <span class='ocrx_word' id='word_1_253' title='bbox 899 2624 995 2686; x_wconf 78' lang='lat' dir='ltr'><strong>verbis</strong></span> <span class='ocrx_word' id='word_1_254' title='bbox 1019 2624 1121 2685; x_wconf 89' lang='lat' dir='ltr'><strong>docet:</strong></span> <span class='ocrx_word' id='word_1_255' title='bbox 1152 2623 1260 2688; x_wconf 83' lang='lat' dir='ltr'><strong>Grutt&#39;u</strong></span> <span class='ocrx_word' id='word_1_256' title='bbox 1280 2625 1348 2686; x_wconf 84' lang='lat' dir='ltr'><strong>Do-</strong></span> <span class='ocrx_word' id='word_1_257' title='bbox 1380 2687 1383 2701; x_wconf 73' lang='grc'>,</span> 
     </span>
     <span class='ocr_line' id='line_1_24' title="bbox 124 2723 1349 2804; baseline 0.002 -21"><span class='ocrx_word' id='word_1_258' title='bbox 124 2725 199 2784; x_wconf 90' lang='lat' dir='ltr'><strong>mini</strong></span> <span class='ocrx_word' id='word_1_259' title='bbox 219 2726 322 2786; x_wconf 85' lang='lat' dir='ltr'><strong>nostri</strong></span> <span class='ocrx_word' id='word_1_260' title='bbox 342 2724 412 2787; x_wconf 89' lang='lat' dir='ltr'><strong>lesu</strong></span> <span class='ocrx_word' id='word_1_261' title='bbox 436 2726 551 2788; x_wconf 78' lang='lat' dir='ltr'><strong>Christi</strong></span> <span class='ocrx_word' id='word_1_262' title='bbox 570 2737 599 2787; x_wconf 88' lang='lat' dir='ltr'><strong>et</strong></span> <span class='ocrx_word' id='word_1_263' title='bbox 628 2729 740 2788; x_wconf 83' lang='lat' dir='ltr'><strong>coritas</strong></span> <span class='ocrx_word' id='word_1_264' title='bbox 762 2724 822 2786; x_wconf 85' lang='lat' dir='ltr'><strong>Dei</strong></span> <span class='ocrx_word' id='word_1_265' title='bbox 848 2737 876 2787; x_wconf 84' lang='lat' dir='ltr'><strong>rt</strong></span> <span class='ocrx_word' id='word_1_266' title='bbox 907 2727 1133 2787; x_wconf 79' lang='lat' dir='ltr'><strong>communicatio</strong></span> <span class='ocrx_word' id='word_1_267' title='bbox 1156 2728 1257 2786; x_wconf 88' lang='lat' dir='ltr'><strong>suncti</strong></span> <span class='ocrx_word' id='word_1_268' title='bbox 1276 2723 1349 2804; x_wconf 84' lang='lat' dir='ltr'><strong>Spi-</strong></span> 
     </span>
     <span class='ocr_line' id='line_1_25' title="bbox 125 2821 1347 2904; baseline -0.001 -20"><span class='ocrx_word' id='word_1_269' title='bbox 125 2825 206 2886; x_wconf 82' lang='lat' dir='ltr'><strong>ritus</strong></span> <span class='ocrx_word' id='word_1_270' title='bbox 229 2827 270 2884; x_wconf 88' lang='lat' dir='ltr'><strong>sit</strong></span> <span class='ocrx_word' id='word_1_271' title='bbox 293 2841 359 2884; x_wconf 90' lang='lat' dir='ltr'><strong>oum</strong></span> <span class='ocrx_word' id='word_1_272' title='bbox 381 2825 516 2888; x_wconf 85' lang='lat' dir='ltr'><strong>omnibus</strong></span> <span class='ocrx_word' id='word_1_273' title='bbox 538 2826 633 2888; x_wconf 86' lang='lat' dir='ltr'><strong>uobis.</strong></span> <span class='ocrx_word' id='word_1_274' title='bbox 679 2825 776 2886; x_wconf 83' lang='lat' dir='ltr'><strong>Gratia</strong></span> <span class='ocrx_word' id='word_1_275' title='bbox 799 2825 876 2886; x_wconf 88' lang='lat' dir='ltr'><strong>enim</strong></span> <span class='ocrx_word' id='word_1_276' title='bbox 900 2833 930 2885; x_wconf 91' lang='lat' dir='ltr'><strong>et</strong></span> <span class='ocrx_word' id='word_1_277' title='bbox 951 2823 1072 2898; x_wconf 86' lang='lat' dir='ltr'><strong>donum,</strong></span> <span class='ocrx_word' id='word_1_278' title='bbox 1096 2823 1177 2904; x_wconf 91' lang='lat' dir='ltr'><strong>quod</strong></span> <span class='ocrx_word' id='word_1_279' title='bbox 1198 2824 1229 2886; x_wconf 93' lang='lat' dir='ltr'><strong>in</strong></span> <span class='ocrx_word' id='word_1_280' title='bbox 1245 2821 1347 2884; x_wconf 90' lang='lat' dir='ltr'><strong>Trini-</strong></span> 
     </span>
    </p>

    <p class='ocr_par' dir='ltr' id='par_1_6' title="bbox 123 2922 1347 3004">
     <span class='ocr_line' id='line_1_26' title="bbox 123 2922 1347 3004; baseline -0.001 -19"><span class='ocrx_word' id='word_1_281' title='bbox 123 2932 183 2985; x_wconf 89' lang='lat' dir='ltr'><strong>tate</strong></span> <span class='ocrx_word' id='word_1_282' title='bbox 205 2923 308 2994; x_wconf 83' lang='lat' dir='ltr'><strong>datm,</strong></span> <span class='ocrx_word' id='word_1_283' title='bbox 341 2923 427 2984; x_wconf 87' lang='lat' dir='ltr'><strong>dator</strong></span> <span class='ocrx_word' id='word_1_284' title='bbox 448 2944 464 2984; x_wconf 91' lang='lat' dir='ltr'><strong>a</strong></span> <span class='ocrx_word' id='word_1_285' title='bbox 485 2925 573 2986; x_wconf 84' lang='lat' dir='ltr'><strong>Patre</strong></span> <span class='ocrx_word' id='word_1_286' title='bbox 595 2944 649 3002; x_wconf 91' lang='lat' dir='ltr'><strong>per</strong></span> <span class='ocrx_word' id='word_1_287' title='bbox 669 2923 776 2987; x_wconf 89' lang='lat' dir='ltr'><strong>Filium</strong></span> <span class='ocrx_word' id='word_1_288' title='bbox 798 2925 829 2984; x_wconf 94' lang='lat' dir='ltr'><strong>in</strong></span> <span class='ocrx_word' id='word_1_289' title='bbox 853 2922 966 3001; x_wconf 89' lang='lat' dir='ltr'><strong>Spiritu</strong></span> <span class='ocrx_word' id='word_1_290' title='bbox 987 2931 1099 2986; x_wconf 91' lang='lat' dir='ltr'><strong>sancto.</strong></span> <span class='ocrx_word' id='word_1_291' title='bbox 1143 2923 1218 2986; x_wconf 86' lang='lat' dir='ltr'><strong>Nam</strong></span> <span class='ocrx_word' id='word_1_292' title='bbox 1240 2941 1347 3004; x_wconf 86' lang='lat' dir='ltr'><strong>quem·</strong></span> 
     </span>
    </p>

    <p class='ocr_par' dir='ltr' id='par_1_7' title="bbox 89 3022 1348 3388">
     <span class='ocr_line' id='line_1_27' title="bbox 89 3022 1348 3104; baseline -0.002 -18"><span class='ocrx_word' id='word_1_293' title='bbox 89 3039 95 3053; x_wconf 91' lang='lat'><strong>·</strong></span> <span class='ocrx_word' id='word_1_294' title='bbox 123 3025 283 3086; x_wconf 82' lang='lat' dir='ltr'><strong>admodum</strong></span> <span class='ocrx_word' id='word_1_295' title='bbox 310 3042 344 3085; x_wconf 81' lang='lat' dir='ltr'><strong>ex</strong></span> <span class='ocrx_word' id='word_1_296' title='bbox 366 3024 454 3086; x_wconf 86' lang='lat' dir='ltr'><strong>Patre</strong></span> <span class='ocrx_word' id='word_1_297' title='bbox 481 3043 535 3104; x_wconf 91' lang='lat' dir='ltr'><strong>per</strong></span> <span class='ocrx_word' id='word_1_298' title='bbox 561 3024 668 3086; x_wconf 84' lang='lat' dir='ltr'><strong>Filium</strong></span> <span class='ocrx_word' id='word_1_299' title='bbox 685 3024 783 3092; x_wconf 69' lang='lat' dir='ltr'><strong>datur</strong></span> <span class='ocrx_word' id='word_1_300' title='bbox 812 3023 920 3100; x_wconf 80' lang='lat' dir='ltr'><strong>gratia,</strong></span> <span class='ocrx_word' id='word_1_301' title='bbox 950 3023 990 3084; x_wconf 92' lang='lat' dir='ltr'><strong>ita</strong></span> <span class='ocrx_word' id='word_1_302' title='bbox 1017 3024 1049 3085; x_wconf 92' lang='lat' dir='ltr'><strong>iu</strong></span> <span class='ocrx_word' id='word_1_303' title='bbox 1077 3022 1165 3086; x_wconf 86' lang='lat' dir='ltr'><strong>uobis</strong></span> <span class='ocrx_word' id='word_1_304' title='bbox 1193 3023 1258 3088; x_wconf 86' lang='lat' dir='ltr'><strong>lieri</strong></span> <span class='ocrx_word' id='word_1_305' title='bbox 1286 3040 1348 3084; x_wconf 90' lang='lat' dir='ltr'><strong>nou</strong></span> 
     </span>
     <span class='ocr_line' id='line_1_28' title="bbox 122 3122 1347 3206; baseline 0.001 -21"><span class='ocrx_word' id='word_1_306' title='bbox 122 3133 223 3204; x_wconf 84' lang='lat' dir='ltr'><strong>potest</strong></span> <span class='ocrx_word' id='word_1_307' title='bbox 244 3123 316 3186; x_wconf 92' lang='lat' dir='ltr'><strong>doni</strong></span> <span class='ocrx_word' id='word_1_308' title='bbox 337 3123 563 3186; x_wconf 84' lang='lat' dir='ltr'><strong>communicatio</strong></span> <span class='ocrx_word' id='word_1_309' title='bbox 586 3123 644 3184; x_wconf 88' lang='lat' dir='ltr'><strong>nisi</strong></span> <span class='ocrx_word' id='word_1_310' title='bbox 666 3123 697 3184; x_wconf 92' lang='lat' dir='ltr'><strong>in</strong></span> <span class='ocrx_word' id='word_1_311' title='bbox 712 3122 825 3202; x_wconf 86' lang='lat' dir='ltr'><strong>Spiritu</strong></span> <span class='ocrx_word' id='word_1_312' title='bbox 846 3131 958 3184; x_wconf 86' lang='lat' dir='ltr'><strong>sancto.</strong></span> <span class='ocrx_word' id='word_1_313' title='bbox 1003 3123 1098 3186; x_wconf 87' lang='lat' dir='ltr'><strong>liuius</strong></span> <span class='ocrx_word' id='word_1_314' title='bbox 1114 3124 1261 3206; x_wconf 82' lang='lat' dir='ltr'><strong>siquidem</strong></span> <span class='ocrx_word' id='word_1_315' title='bbox 1275 3141 1347 3204; x_wconf 85' lang='lat' dir='ltr'><strong>par-</strong></span> 
     </span>
     <span class='ocr_line' id='line_1_29' title="bbox 123 3223 1346 3305; baseline -0.002 -17"><span class='ocrx_word' id='word_1_316' title='bbox 123 3226 227 3305; x_wconf 86' lang='lat' dir='ltr'><strong>ticipes</strong></span> <span class='ocrx_word' id='word_1_317' title='bbox 250 3225 347 3287; x_wconf 85' lang='lat' dir='ltr'><strong>cilenti</strong></span> <span class='ocrx_word' id='word_1_318' title='bbox 368 3224 465 3286; x_wconf 85' lang='lat' dir='ltr'><strong>Patris</strong></span> <span class='ocrx_word' id='word_1_319' title='bbox 487 3225 648 3298; x_wconf 87' lang='lat' dir='ltr'><strong>caritatem,</strong></span> <span class='ocrx_word' id='word_1_320' title='bbox 669 3223 735 3284; x_wconf 85' lang='lat' dir='ltr'><strong>Filii</strong></span> <span class='ocrx_word' id='word_1_321' title='bbox 757 3223 880 3304; x_wconf 82' lang='lat' dir='ltr'><strong>gratiam</strong></span> <span class='ocrx_word' id='word_1_322' title='bbox 902 3225 960 3285; x_wconf 90' lang='lat' dir='ltr'><strong>et</strong></span> <span class='ocrx_word' id='word_1_323' title='bbox 952 3224 1047 3302; x_wconf 80' lang='lat' dir='ltr'><strong>ipsius</strong></span> <span class='ocrx_word' id='word_1_324' title='bbox 1061 3224 1189 3303; x_wconf 86' lang='lat' dir='ltr'><strong>Spiritus</strong></span> <span class='ocrx_word' id='word_1_325' title='bbox 1211 3241 1346 3287; x_wconf 89' lang='lat' dir='ltr'><strong>commu-</strong></span> 
     </span>
     <span class='ocr_line' id='line_1_30' title="bbox 121 3325 477 3388; baseline 0 0"><span class='ocrx_word' id='word_1_326' title='bbox 121 3327 299 3388; x_wconf 85' lang='lat' dir='ltr'><strong>nicatiouem</strong></span> <span class='ocrx_word' id='word_1_327' title='bbox 321 3325 477 3388; x_wconf 83' lang='lat' dir='ltr'><strong>babemus.</strong></span> 
     </span>
    </p>
   </div>
   <div class='ocr_carea' id='block_1_3' title="bbox 120 3621 1348 3920">
    <p class='ocr_par' dir='ltr' id='par_1_8' title="bbox 120 3621 1348 3920">
     <span class='ocr_line' id='line_1_31' title="bbox 206 3621 1348 3703; baseline -0.007 -13"><span class='ocrx_word' id='word_1_328' title='bbox 206 3629 256 3690; x_wconf 82' lang='lat'><strong>31.</strong></span> <span class='ocrx_word' id='word_1_329' title='bbox 300 3623 344 3686; x_wconf 83' lang='lat' dir='ltr'><strong>Ex</strong></span> <span class='ocrx_word' id='word_1_330' title='bbox 365 3625 413 3684; x_wconf 87' lang='lat' dir='ltr'><strong>bis</strong></span> <span class='ocrx_word' id='word_1_331' title='bbox 435 3625 525 3703; x_wconf 80' lang='lat' dir='ltr'><strong>igitur</strong></span> <span class='ocrx_word' id='word_1_332' title='bbox 547 3641 605 3686; x_wconf 89' lang='lat' dir='ltr'><strong>una</strong></span> <span class='ocrx_word' id='word_1_333' title='bbox 621 3623 774 3686; x_wconf 82' lang='lat' dir='ltr'><strong>Trinitatis</strong></span> <span class='ocrx_word' id='word_1_334' title='bbox 796 3624 951 3686; x_wconf 87' lang='lat' dir='ltr'><strong>efficientia</strong></span> <span class='ocrx_word' id='word_1_335' title='bbox 974 3641 1042 3686; x_wconf 87' lang='lat' dir='ltr'><strong>esse</strong></span> <span class='ocrx_word' id='word_1_336' title='bbox 1064 3622 1242 3686; x_wconf 86' lang='lat' dir='ltr'><strong>ostenditur.</strong></span> <span class='ocrx_word' id='word_1_337' title='bbox 1286 3621 1348 3683; x_wconf 89' lang='lat' dir='ltr'><strong>Neo</strong></span> 
     </span>
     <span class='ocr_line' id='line_1_32' title="bbox 120 3707 1347 3804; baseline -0.005 -16"><span class='ocrx_word' id='word_1_338' title='bbox 120 3726 198 3788; x_wconf 89' lang='lat' dir='ltr'><strong>enim</strong></span> <span class='ocrx_word' id='word_1_339' title='bbox 220 3725 338 3786; x_wconf 87' lang='lat' dir='ltr'><strong>diversa</strong></span> <span class='ocrx_word' id='word_1_340' title='bbox 366 3733 396 3786; x_wconf 89' lang='lat' dir='ltr'><strong>et</strong></span> <span class='ocrx_word' id='word_1_341' title='bbox 424 3725 516 3788; x_wconf 74' lang='lat' dir='ltr'><strong>divisa</strong></span> <span class='ocrx_word' id='word_1_342' title='bbox 542 3724 605 3788; x_wconf 90' lang='lat' dir='ltr'><strong>dari</strong></span> <span class='ocrx_word' id='word_1_343' title='bbox 633 3745 650 3786; x_wconf 94' lang='lat' dir='ltr'><strong>a</strong></span> <span class='ocrx_word' id='word_1_344' title='bbox 677 3725 804 3804; x_wconf 83' lang='lat' dir='ltr'><strong>singulis</strong></span> <span class='ocrx_word' id='word_1_345' title='bbox 833 3707 980 3804; x_wconf 69' lang='lat' dir='ltr'><strong>sig&#39;nilioat</strong></span> <span class='ocrx_word' id='word_1_346' title='bbox 1007 3724 1187 3802; x_wconf 72' lang='lat' dir='ltr'><strong>Apostolus,</strong></span> <span class='ocrx_word' id='word_1_347' title='bbox 1220 3721 1274 3784; x_wconf 91' lang='lat' dir='ltr'><strong>sed</strong></span> <span class='ocrx_word' id='word_1_348' title='bbox 1302 3740 1347 3796; x_wconf 90' lang='lat' dir='ltr'><strong>ea,</strong></span> 
     </span>
     <span class='ocr_line' id='line_1_33' title="bbox 121 3820 1347 3920; baseline -0.005 -33"><span class='ocrx_word' id='word_1_349' title='bbox 121 3845 196 3904; x_wconf 89' lang='lat' dir='ltr'><strong>quac</strong></span> <span class='ocrx_word' id='word_1_350' title='bbox 218 3826 340 3895; x_wconf 87' lang='lat' dir='ltr'><strong>dautur,</strong></span> <span class='ocrx_word' id='word_1_351' title='bbox 363 3823 395 3883; x_wconf 91' lang='lat' dir='ltr'><strong>in</strong></span> <span class='ocrx_word' id='word_1_352' title='bbox 417 3823 560 3920; x_wconf 74' lang='lat' dir='ltr'><strong>Trinitate</strong></span> <span class='ocrx_word' id='word_1_353' title='bbox 582 3825 661 3897; x_wconf 91' lang='lat' dir='ltr'><strong>dari,</strong></span> <span class='ocrx_word' id='word_1_354' title='bbox 686 3825 844 3901; x_wconf 87' lang='lat' dir='ltr'><strong>omniaque</strong></span> <span class='ocrx_word' id='word_1_355' title='bbox 866 3843 902 3884; x_wconf 85' lang='lat' dir='ltr'><strong>ex</strong></span> <span class='ocrx_word' id='word_1_356' title='bbox 924 3841 984 3884; x_wconf 94' lang='lat' dir='ltr'><strong>uno</strong></span> <span class='ocrx_word' id='word_1_357' title='bbox 1008 3823 1069 3884; x_wconf 88' lang='lat' dir='ltr'><strong>Deo</strong></span> <span class='ocrx_word' id='word_1_358' title='bbox 1092 3841 1171 3885; x_wconf 87' lang='lat' dir='ltr'><strong>esse.</strong></span> <span class='ocrx_word' id='word_1_359' title='bbox 1215 3821 1267 3882; x_wconf 89' lang='lat' dir='ltr'><strong>llle</strong></span> <span class='ocrx_word' id='word_1_360' title='bbox 1289 3820 1347 3900; x_wconf 80' lang='lat' dir='ltr'><strong>igi·</strong></span> 
     </span>
    </p>
   </div>
   <div class='ocr_carea' id='block_1_4' title="bbox 122 3997 1351 4642">
    <p class='ocr_par' dir='ltr' id='par_1_9' title="bbox 123 3997 1350 4134">
     <span class='ocr_line' id='line_1_34' title="bbox 123 3997 1349 4070; baseline -0.002 -13"><span class='ocrx_word' id='word_1_361' title='bbox 123 4005 263 4057; x_wconf 87' lang='lat' dir='ltr'><strong>intermedia</strong></span> <span class='ocrx_word' id='word_1_362' title='bbox 280 4013 344 4054; x_wconf 79' lang='lat' dir='ltr'><strong>siant.</strong></span> <span class='ocrx_word' id='word_1_363' title='bbox 380 4004 439 4053; x_wconf 92' lang='lat' dir='ltr'><strong>lbid.</strong></span> <span class='ocrx_word' id='word_1_364' title='bbox 450 4013 494 4054; x_wconf 90' lang='grc' dir='ltr'><strong>ιιι</strong></span> <span class='ocrx_word' id='word_1_365' title='bbox 513 3999 706 4070; x_wconf 74' lang='grc' dir='ltr'>ὅιιιιιπατῆρ</span> <span class='ocrx_word' id='word_1_366' title='bbox 759 4004 783 4054; x_wconf 79' lang='lat'><strong>2.</strong></span> <span class='ocrx_word' id='word_1_367' title='bbox 802 4011 825 4054; x_wconf 93' lang='lat' dir='ltr'><strong>et</strong></span> <span class='ocrx_word' id='word_1_368' title='bbox 850 4005 905 4054; x_wconf 85' lang='lat' dir='ltr'><strong>edit</strong></span> <span class='ocrx_word' id='word_1_369' title='bbox 924 4005 1041 4054; x_wconf 85' lang='lat' dir='ltr'><strong>Commel.</strong></span> <span class='ocrx_word' id='word_1_370' title='bbox 1066 4018 1148 4054; x_wconf 85' lang='lat' dir='ltr'><strong>rocem</strong></span> <span class='ocrx_word' id='word_1_371' title='bbox 1174 3997 1253 4070; x_wconf 73' lang='grc' dir='ltr'><strong>ἡμῶν</strong></span> <span class='ocrx_word' id='word_1_372' title='bbox 1275 4004 1349 4054; x_wconf 90' lang='lat' dir='ltr'><strong>omit·</strong></span> 
     </span>
     <span class='ocr_line' id='line_1_35' title="bbox 123 4071 1350 4147; baseline -0.002 -24"><span class='ocrx_word' id='word_1_373' title='bbox 123 4074 194 4123; x_wconf 86' lang='lat' dir='ltr'><strong>ltasil.</strong></span> <span class='ocrx_word' id='word_1_374' title='bbox 213 4087 257 4120; x_wconf 88' lang='lat' dir='ltr'><strong>ms.</strong></span> <span class='ocrx_word' id='word_1_375' title='bbox 278 4072 374 4120; x_wconf 90' lang='lat' dir='ltr'><strong>etediti</strong></span> <span class='ocrx_word' id='word_1_376' title='bbox 394 4073 513 4122; x_wconf 88' lang='lat' dir='ltr'><strong>omittunt</strong></span> <span class='ocrx_word' id='word_1_377' title='bbox 626 4111 628 4116; x_wconf 68' lang='lat'><strong>,</strong></span> <span class='ocrx_word' id='word_1_378' title='bbox 760 4079 820 4121; x_wconf 91' lang='lat' dir='ltr'><strong>tuot</strong></span> <span class='ocrx_word' id='word_1_379' title='bbox 863 4071 960 4121; x_wconf 85' lang='lat' dir='ltr'><strong>Gobler.</strong></span> <span class='ocrx_word' id='word_1_380' title='bbox 985 4081 1008 4120; x_wconf 88' lang='grc' dir='ltr'><strong>ιι</strong></span> <span class='ocrx_word' id='word_1_381' title='bbox 1032 4071 1172 4122; x_wconf 86' lang='grc' dir='ltr'>1“ι1ι1ιιι1.</span> <span class='ocrx_word' id='word_1_382' title='bbox 1197 4087 1268 4122; x_wconf 82' lang='lat' dir='ltr'><strong>enon.</strong></span> <span class='ocrx_word' id='word_1_383' title='bbox 1293 4077 1350 4147; x_wconf 87' lang='lat' dir='ltr'><strong>post</strong></span> 
     </span>
    </p>

    <p class='ocr_par' dir='ltr' id='par_1_10' title="bbox 122 4131 1350 4270">
     <span class='ocr_line' id='line_1_36' title="bbox 156 4131 1350 4204; baseline -0.003 -16"><span class='ocrx_word' id='word_1_384' title='bbox 156 4139 237 4188; x_wconf 77' lang='lat' dir='ltr'><strong>esic</strong></span> <span class='ocrx_word' id='word_1_385' title='bbox 255 4139 311 4199; x_wconf 72' lang='lat' dir='ltr'><strong>neg.</strong></span> <span class='ocrx_word' id='word_1_386' title='bbox 332 4146 355 4187; x_wconf 87' lang='lat' dir='ltr'><strong>et</strong></span> <span class='ocrx_word' id='word_1_387' title='bbox 378 4139 478 4198; x_wconf 74' lang='lat' dir='ltr'><strong>Sepuer.</strong></span> <span class='ocrx_word' id='word_1_388' title='bbox 518 4137 581 4188; x_wconf 84' lang='lat' dir='ltr'><strong>Editi</strong></span> <span class='ocrx_word' id='word_1_389' title='bbox 605 4151 660 4186; x_wconf 81' lang='lat' dir='ltr'><strong>sero</strong></span> <span class='ocrx_word' id='word_1_390' title='bbox 685 4145 709 4187; x_wconf 89' lang='lat' dir='ltr'><strong>et</strong></span> <span class='ocrx_word' id='word_1_391' title='bbox 758 4135 827 4186; x_wconf 72' lang='grc' dir='ltr'><strong>θεοῦ</strong></span> <span class='ocrx_word' id='word_1_392' title='bbox 851 4139 942 4187; x_wconf 87' lang='lat' dir='ltr'><strong>addunt</strong></span> <span class='ocrx_word' id='word_1_393' title='bbox 965 4131 1010 4186; x_wconf 79' lang='grc' dir='ltr'><strong>καὶ</strong></span> <span class='ocrx_word' id='word_1_394' title='bbox 1035 4129 1350 4204; x_wconf 78' lang='grc' dir='ltr'>πατριιιιροιιιινεύ-</span> 
     </span>
     <span class='ocr_line' id='line_1_37' title="bbox 122 4197 990 4270; baseline -0.003 -14"><span class='ocrx_word' id='word_1_395' title='bbox 122 4207 163 4256; x_wconf 86' lang='lat' dir='ltr'><strong>alii</strong></span> <span class='ocrx_word' id='word_1_396' title='bbox 179 4200 226 4254; x_wconf 83' lang='grc' dir='ltr'><strong>καί</strong></span> <span class='ocrx_word' id='word_1_397' title='bbox 243 4207 364 4256; x_wconf 87' lang='lat' dir='ltr'><strong>omittunt.</strong></span> <span class='ocrx_word' id='word_1_398' title='bbox 758 4218 850 4270; x_wconf 72' lang='grc' dir='ltr'>μαιιι</span> <span class='ocrx_word' id='word_1_399' title='bbox 864 4206 920 4256; x_wconf 89' lang='lat' dir='ltr'><strong>item</strong></span> <span class='ocrx_word' id='word_1_400' title='bbox 942 4197 990 4264; x_wconf 76' lang='lat' dir='ltr'><strong>sin.</strong></span> 
     </span>
    </p>

    <p class='ocr_par' dir='ltr' id='par_1_11' title="bbox 123 4269 1351 4612">
     <span class='ocr_line' id='line_1_38' title="bbox 154 4269 1350 4336; baseline 0 -12"><span class='ocrx_word' id='word_1_401' title='bbox 154 4275 172 4324; x_wconf 86' lang='lat' dir='ltr'><strong>l.</strong></span> <span class='ocrx_word' id='word_1_402' title='bbox 191 4273 231 4322; x_wconf 85' lang='lat' dir='ltr'><strong>Sic</strong></span> <span class='ocrx_word' id='word_1_403' title='bbox 249 4274 305 4334; x_wconf 72' lang='lat' dir='ltr'><strong>llep.</strong></span> <span class='ocrx_word' id='word_1_404' title='bbox 329 4274 427 4334; x_wconf 76' lang='lat' dir='ltr'><strong>Seguer</strong></span> <span class='ocrx_word' id='word_1_405' title='bbox 453 4271 550 4322; x_wconf 86' lang='lat' dir='ltr'><strong>Gobler.</strong></span> <span class='ocrx_word' id='word_1_406' title='bbox 575 4278 598 4320; x_wconf 88' lang='lat' dir='ltr'><strong>et</strong></span> <span class='ocrx_word' id='word_1_407' title='bbox 624 4269 709 4320; x_wconf 82' lang='lat' dir='ltr'><strong>l&#39;elolt-</strong></span> <span class='ocrx_word' id='word_1_408' title='bbox 793 4287 816 4334; x_wconf 66' lang='grc' dir='ltr'><strong>ε.</strong></span> <span class='ocrx_word' id='word_1_409' title='bbox 835 4273 913 4323; x_wconf 73' lang='lat' dir='ltr'><strong>stetu</strong></span> <span class='ocrx_word' id='word_1_410' title='bbox 902 4289 937 4336; x_wconf 68' lang='lat' dir='ltr'><strong>ep</strong></span> <span class='ocrx_word' id='word_1_411' title='bbox 948 4274 968 4324; x_wconf 91' lang='lat' dir='ltr'><strong>l.</strong></span> <span class='ocrx_word' id='word_1_412' title='bbox 979 4271 1093 4324; x_wconf 61' lang='lat' dir='ltr'><strong>elides</strong></span> <span class='ocrx_word' id='word_1_413' title='bbox 1102 4273 1171 4324; x_wconf 86' lang='lat' dir='ltr'><strong>(lobl</strong></span> <span class='ocrx_word' id='word_1_414' title='bbox 1182 4272 1350 4324; x_wconf 74' lang='lat' dir='ltr'><strong>esistunt</strong></span> 
     </span>
     <span class='ocr_line' id='line_1_39' title="bbox 124 4333 1319 4417; baseline -0.002 -27"><span class='ocrx_word' id='word_1_415' title='bbox 124 4341 237 4390; x_wconf 83' lang='lat' dir='ltr'><strong>mannil.</strong></span> <span class='ocrx_word' id='word_1_416' title='bbox 255 4343 380 4417; x_wconf 73' lang='lat' dir='ltr'><strong>Attamen</strong></span> <span class='ocrx_word' id='word_1_417' title='bbox 394 4339 417 4388; x_wconf 83' lang='lat' dir='ltr'><strong>ht</strong></span> <span class='ocrx_word' id='word_1_418' title='bbox 436 4339 483 4387; x_wconf 90' lang='lat' dir='ltr'><strong>duo</strong></span> <span class='ocrx_word' id='word_1_419' title='bbox 502 4339 578 4390; x_wconf 89' lang='lat' dir='ltr'><strong>ulttmt</strong></span> <span class='ocrx_word' id='word_1_420' title='bbox 597 4342 710 4388; x_wconf 77' lang='lat' dir='ltr'><strong>omittunt</strong></span> <span class='ocrx_word' id='word_1_421' title='bbox 760 4355 831 4390; x_wconf 87' lang='lat' dir='ltr'><strong>anon.</strong></span> <span class='ocrx_word' id='word_1_422' title='bbox 866 4340 911 4390; x_wconf 79' lang='lat' dir='ltr'><strong>tta</strong></span> <span class='ocrx_word' id='word_1_423' title='bbox 929 4350 1008 4391; x_wconf 84' lang='lat' dir='ltr'><strong>sutem</strong></span> <span class='ocrx_word' id='word_1_424' title='bbox 1026 4349 1050 4391; x_wconf 87' lang='lat' dir='ltr'><strong>et</strong></span> <span class='ocrx_word' id='word_1_425' title='bbox 1064 4341 1121 4390; x_wconf 78' lang='lat' dir='ltr'><strong>editt</strong></span> <span class='ocrx_word' id='word_1_426' title='bbox 1138 4333 1183 4389; x_wconf 80' lang='lat' dir='ltr'><strong>int</strong></span> <span class='ocrx_word' id='word_1_427' title='bbox 1200 4333 1279 4390; x_wconf 76' lang='grc' dir='ltr'><strong>δὲ</strong></span> <span class='ocrx_word' id='word_1_428' title='bbox 1250 4355 1319 4389; x_wconf 87' lang='lat' dir='ltr'><strong>otoo</strong></span> 
     </span>
     <span class='ocr_line' id='line_1_40' title="bbox 123 4391 1351 4470; baseline -0.002 -14"><span class='ocrx_word' id='word_1_429' title='bbox 123 4403 212 4464; x_wconf 79' lang='grc' dir='ltr'>πάλιν,</span> <span class='ocrx_word' id='word_1_430' title='bbox 232 4391 312 4460; x_wconf 68' lang='lat' dir='ltr'><strong>oiim</strong></span> <span class='ocrx_word' id='word_1_431' title='bbox 330 4401 422 4456; x_wconf 81' lang='lat' dir='ltr'><strong>etnoi.</strong></span> <span class='ocrx_word' id='word_1_432' title='bbox 456 4407 501 4456; x_wconf 83' lang='lat' dir='ltr'><strong>tilii</strong></span> <span class='ocrx_word' id='word_1_433' title='bbox 519 4417 543 4456; x_wconf 91' lang='grc' dir='ltr'><strong>ιι</strong></span> <span class='ocrx_word' id='word_1_434' title='bbox 567 4395 657 4456; x_wconf 88' lang='lat' dir='ltr'><strong>editi&#39;</strong></span> <span class='ocrx_word' id='word_1_435' title='bbox 642 4398 709 4454; x_wconf 84' lang='lat' dir='ltr'><strong>uno&#39;-</strong></span> <span class='ocrx_word' id='word_1_436' title='bbox 770 4409 817 4456; x_wconf 89' lang='lat' dir='ltr'><strong>&#39;.b</strong></span> <span class='ocrx_word' id='word_1_437' title='bbox 835 4406 891 4470; x_wconf 73' lang='lat' dir='ltr'><strong>ilep.</strong></span> <span class='ocrx_word' id='word_1_438' title='bbox 913 4409 935 4459; x_wconf 89' lang='lat' dir='ltr'><strong>l.</strong></span> <span class='ocrx_word' id='word_1_439' title='bbox 954 4409 1052 4470; x_wconf 78' lang='lat' dir='ltr'><strong>Sepuer.</strong></span> <span class='ocrx_word' id='word_1_440' title='bbox 1077 4394 1207 4470; x_wconf 76' lang='lat' dir='ltr'><strong>etbnpliu</strong></span> <span class='ocrx_word' id='word_1_441' title='bbox 1226 4403 1256 4456; x_wconf 79' lang='grc' dir='ltr'><strong>τὸ</strong></span> <span class='ocrx_word' id='word_1_442' title='bbox 1276 4399 1351 4455; x_wconf 77' lang='lat' dir='ltr'><strong>o‘tdd·</strong></span> 
     </span>
     <span class='ocr_line' id='line_1_41' title="bbox 125 4466 1351 4539; baseline 0.002 -17"><span class='ocrx_word' id='word_1_443' title='bbox 125 4471 218 4528; x_wconf 79' lang='grc' dir='ltr'>σιιλις</span> <span class='ocrx_word' id='word_1_444' title='bbox 242 4467 380 4522; x_wconf 73' lang='grc' dir='ltr'>διδάσκων</span> <span class='ocrx_word' id='word_1_445' title='bbox 397 4466 526 4538; x_wconf 72' lang='grc' dir='ltr'><strong>ἔγραψεν.</strong></span> <span class='ocrx_word' id='word_1_446' title='bbox 563 4474 649 4536; x_wconf 75' lang='lat' dir='ltr'><strong>Regius</strong></span> <span class='ocrx_word' id='word_1_447' title='bbox 668 4489 708 4524; x_wconf 88' lang='lat' dir='ltr'><strong>se·</strong></span> <span class='ocrx_word' id='word_1_448' title='bbox 740 4487 852 4539; x_wconf 78' lang='grc' dir='ltr'><strong>μενον.</strong></span> <span class='ocrx_word' id='word_1_449' title='bbox 894 4475 946 4526; x_wconf 83' lang='lat' dir='ltr'><strong>llox</strong></span> <span class='ocrx_word' id='word_1_450' title='bbox 970 4477 1026 4537; x_wconf 75' lang='lat' dir='ltr'><strong>ling.</strong></span> <span class='ocrx_word' id='word_1_451' title='bbox 1046 4475 1068 4525; x_wconf 92' lang='lat' dir='ltr'><strong>l.</strong></span> <span class='ocrx_word' id='word_1_452' title='bbox 1091 4482 1115 4524; x_wconf 88' lang='lat' dir='ltr'><strong>et</strong></span> <span class='ocrx_word' id='word_1_453' title='bbox 1133 4475 1233 4536; x_wconf 74' lang='lat' dir='ltr'><strong>Seguer.</strong></span> <span class='ocrx_word' id='word_1_454' title='bbox 1260 4476 1351 4526; x_wconf 88' lang='lat' dir='ltr'><strong>babent</strong></span> 
     </span>
     <span class='ocr_line' id='line_1_42' title="bbox 124 4531 1271 4642; baseline 0.001 -52"><span class='ocrx_word' id='word_1_455' title='bbox 124 4535 251 4610; x_wconf 70' lang='lat' dir='ltr'><strong>crodos*</strong></span> <span class='ocrx_word' id='word_1_456' title='bbox 237 4555 368 4612; x_wconf 75' lang='grc' dir='ltr'>ιγραφιι.</span> <span class='ocrx_word' id='word_1_457' title='bbox 402 4543 505 4642; x_wconf 37' lang='lat' dir='ltr'><strong>ibidem·</strong></span> <span class='ocrx_word' id='word_1_458' title='bbox 511 4541 584 4596; x_wconf 84' lang='lat' dir='ltr'><strong>Basil.</strong></span> <span class='ocrx_word' id='word_1_459' title='bbox 604 4541 708 4594; x_wconf 78' lang='lat' dir='ltr'><strong>ielclm.</strong></span> <span class='ocrx_word' id='word_1_460' title='bbox 747 4540 838 4620; x_wconf 33' lang='lat' dir='ltr'><strong>&#39;dori</strong></span> <span class='ocrx_word' id='word_1_461' title='bbox 845 4533 912 4593; x_wconf 71' lang='grc' dir='ltr'>ἐστι.</span> <span class='ocrx_word' id='word_1_462' title='bbox 946 4543 992 4595; x_wconf 81' lang='lat' dir='ltr'><strong>stit</strong></span> <span class='ocrx_word' id='word_1_463' title='bbox 1009 4551 1033 4594; x_wconf 91' lang='lat' dir='ltr'><strong>et</strong></span> <span class='ocrx_word' id='word_1_464' title='bbox 1051 4543 1108 4594; x_wconf 86' lang='lat' dir='ltr'><strong>editi</strong></span> <span class='ocrx_word' id='word_1_465' title='bbox 1126 4539 1193 4592; x_wconf 73' lang='lat' dir='ltr'><strong>osai</strong></span> <span class='ocrx_word' id='word_1_466' title='bbox 1209 4531 1271 4594; x_wconf 77' lang='lat' dir='ltr'><strong>riou·</strong></span> 
     </span>
    </p>
   </div>
   <div class='ocr_carea' id='block_1_5' title="bbox 0 0 1556 5318">
    <p class='ocr_par' dir='ltr' id='par_1_12' title="bbox 0 0 1556 5318">
     <span class='ocr_line' id='line_1_43' title="bbox 0 0 1556 5318; baseline 0 0"><span class='ocrx_word' id='word_1_467' title='bbox 0 0 1556 5318; x_wconf 95' lang='lat' dir='ltr'><strong> </strong></span> 
     </span>
    </p>
   </div>
  </div>
 </body>
</html>
