3176 5304
219 395 260 458 32
618 409 643 452 ε.
660 409 813 454 numan
830 409 1051 454 ιαοειενιεοοει

131 577 208 620 αυτ.
219 559 255 624 δὲ
276 557 315 623 τὸ
338 553 466 623 ἀτοπον
487 557 586 622 τοῦτο
610 557 812 642 συνορῶντες
833 553 978 642 ἀρχεσθε
1000 557 1114 642 λέγειν,
1138 553 1191 624 ότι
1207 553 1226 624 5
1242 557 1314 637 υίὸς
1327 565 1449 644 κτίσμα

220 653 266 726 ῶν
289 655 399 736 ἱκανὸς
420 663 558 743 γέγονεν,
584 651 670 724 ῶστε
691 651 761 722 ἀπὸ
782 659 841 723 τοῦ
863 651 1038 742 ’ἀγενήτου
1060 663 1228 742 γενέσθαι,
1253 659 1289 740 ἐξ
1309 655 1448 748 ἀνάγκης
1474 697 1492 716 =
1579 649 1582 686 ί

108 777 110 784 ⁴
218 761 271 826 καί
300 758 342 826 τὰ
370 755 455 824 ἀλλα
484 755 596 823 πάντα
624 756 742 843 γενητὰ
765 754 846 824 όντα
868 756 992 824 δυνατὰ
1012 747 1051 846 ἦν
1073 758 1167 844 παρὰ
1188 764 1247 827 τοῦ
1269 755 1448 849 1’ἀγενήτου

218 855 499 946 αότουργηθῆναι·
528 863 650 941 κτίσμα
677 856 738 943 γὰρ
768 853 844 924 καθ’
869 854 954 943 ῦμῦς
981 853 1145 946 κάκεῖνος,
1177 857 1291 948 ῶσπερ
1315 853 1371 928 οῦν
1392 866 1446 930 καί

217 963 322 1027 ταῦτα
343 959 462 1038 πάντα,
487 957 572 1026 έστί·
595 956 651 1023 καὶ
672 959 811 1044 περιττὴ
834 959 955 1027 λοιπὸν
976 964 1035 1027 τοῦ
1058 960 1156 1046 λόγου
1177 957 1197 1048 ἡ
1219 969 1344 1048 γένεσις
1365 963 1449 1032 κατὰ

218 1062 276 1151 τὴν
305 1058 407 1148 ἀσεβῆ
436 1063 489 1128 καὶ
504 1059 633 1147 «μωρὰν
662 1057 754 1145 ῦμῶν
778 1061 939 1142 ἐπίνοιαν,
964 1056 1145 1148 αὐτάρκους
1166 1060 1263 1144 όντος
1282 1069 1342 1131 τοῦ
1363 1070 1449 1133 θεοῦ

217 1162 261 1228 τά
282 1161 395 1230 πάντα
416 1157 616 1249 αὐτουργεῖν,
640 1161 777 1230 πάντων
800 1164 836 1231 ’δὲ
848 1167 914 1230 τῶν
924 1167 1066 1251 γενητῶν
1079 1165 1266 1249 δυναμένων
1277 1163 1336 1253 τὴν
1347 1163 1449 1252 ἀκρα-

218 1287 275 1331 τον
294 1274 390 1350 χεῖρα
410 1264 575 1349 βαστάξαι
597 1267 656 1330 τοῦ
679 1267 773 1332 θεοῦ.
819 1261 960 1351 ἀνοήτου
983 1265 1023 1353 δὴ
1046 1264 1147 1354 οῦσης
1169 1261 1277 1334 αῦτῶν
1298 1270 1356 1354 τῆς
1376 1292 1445 1334 τοι-

219 1367 323 1454 αότης
352 1367 627 1454 φρενοβλαβείας,
657 1365 781 1450 ἰ’όωμεν
811 1365 906 1452 εἰμὴ
928 1369 981 1434 καὶ
1003 1367 1043 1434 τὸ
1065 1367 1239 1454 λεγόμενον
1261 1372 1359 1436 τοῦτο
1380 1372 1447 1434 τῶν

219 1464 348 1555 ἀσεβῶν
376 1467 415 1533 τὸ
438 1466 591 1555 σόφισμα
612 1469 716 1534 πλέον
738 1470 805 1534 τῶν
827 1465 937 1535 ἀλλων
960 1463 1067 1535 αὐτῶν
1091 1465 1295 1556 ἀλογώτερον
1317 1464 1448 1558 ἀναφα-

218 1575 297 1656 νείη.
340 1563 448 1652 Ἀδὰμ
476 1567 578 1654 μόνος
605 1564 676 1634 ἀπὸ
707 1568 811 1653 μόνον
839 1572 898 1658 τοῦ
920 1571 1005 1636 θεοῦ
1027 1569 1085 1636 όιά
1106 1573 1165 1636 τοῦ
1188 1570 1286 1656 λόγου
1308 1575 1446 1658 γέγονεν.

218 1665 287 1736 ἀλλ’
312 1665 370 1736 οῦκ
392 1669 426 1736 έν
447 1672 495 1756 τῷ
517 1668 621 1736 πάλιν
643 1669 701 1736 τόν
720 1664 830 1754 Ἀδάμ
851 1671 955 1736 πλέον
975 1695 1010 1735 τι
1022 1673 1089 1737 τῶν
1104 1669 1239 1739 πάντων
1254 1666 1447 1758 ἀνθρώπιον

220 1771 303 1854 ἔχειν
330 1766 351 1858 ἢ
379 1772 551 1859 διαφέρειν
583 1773 650 1836 τῶν
678 1766 747 1853 μετ’
772 1767 874 1838 αὐτόν
895 1769 937 1838 ἀν
958 1795 1010 1850 τις
1033 1769 1184 1859 φήσειεν,
1215 1771 1244 1840 εί
1265 1772 1367 1858 μόνος
1387 1775 1448 1858 μὲν

219 1865 318 1952 αῦτὸς
346 1869 413 1938 ὑπὸ
442 1870 545 1955 μόνου
575 1875 633 1937 τοῦ
663 1871 746 1939 θεοῦ
774 1879 960 1960 πεποίηται
981 1876 1035 1939 καὶ
1058 1875 1267 1954 πέπλασται,
1295 1871 1390 1962 ἡμεῖς
1412 1875 1449 1941 δέ

222 1973 346 2052 πάντες
374 1973 408 2039 ἐκ
437 1977 496 2038 τοῦ
516 1968 624 2056 Ἀδὰμ
651 1973 861 2058 γεννῶμεθα,
890 1977 944 2040 καὶ
974 1974 1057 2041 κατὰ
1080 1973 1235 2062 διαδοχὴν
1256 1979 1315 2041 τοῦ
1336 1982 1449 2061 γένους

219 2072 466 2158 συνιστάμεθα,
496 2075 558 2153 έονς
584 2072 686 2157 μόνον
713 2080 768 2141 καὶ
797 2070 897 2154 αότὸς
924 2075 960 2142 ἐκ
973 2079 1039 2163 γῆς
1062 2075 1236 2162 έπλάσθη,
1259 2079 1313 2143 καί
1335 2077 1380 2163 μή
1403 2071 1448 2143 ῶν

219 2175 390 2262 πρότερον,
414 2172 549 2262 ὕστερον
571 2180 709 2261 γέγονεν.

303 2283 333 2344 9.
378 2276 420 2343 Εἰ
443 2277 554 2344 δὲκαὶ
577 2279 679 2343 πλέον
701 2301 753 2356 τις
774 2279 822 2362 τῷ
844 2277 1092 2364 προτοπλάστῳ
1116 2279 1189 2365 δοίη
1212 2277 1270 2344 όιά
1290 2276 1330 2344 τὸ
1350 2301 1449 2365 κατη-

221 2382 368 2457 ξιῶσθαι
388 2381 446 2466 τῆς
467 2381 526 2444 τοῦ
549 2380 634 2445 θεοῦ
654 2375 765 2464 χειρός
787 2371 904 2444 αῦτόν·
928 2372 996 2443 ἀλλ’
1021 2377 1055 2444 έν
1078 2381 1157 2465 τιμῇ
1178 2380 1231 2444 καί
1255 2371 1299 2464 μὴ
1322 2381 1361 2466 τῇ
1385 2379 1449 2467 φό-

220 2503 272 2547 σει
293 2478 332 2546 τὸ
354 2481 456 2545 πλέον
480 2479 527 2558 είς
549 2474 648 2546 αὐτόν
672 2475 689 2545 5
712 2482 864 2558 τοιοῦτος
886 2479 1080 2564 λογιζέσθω.
1112 2478 1147 2546 ἔνι
1160 2482 1219 2567 γῆς
1232 2479 1294 2566 γὰρ
1308 2485 1447 2565 γέγονεν,

220 2577 333 2668 ῶσπερ
355 2582 408 2646 καί
432 2579 571 2660 πάντες·
594 2583 650 2648 καί
672 2576 693 2669 ἡ
713 2583 783 2667 χείρ
806 2581 842 2647 δέ
864 2575 884 2666 ἡ
906 2579 1066 2648 πλάσασα
1080 2579 1157 2648 τότε
1171 2579 1229 2646 τὸν
1243 2576 1359 2664 Ἀδάμ,
1375 2580 1449 2646 οκαὶ

219 2679 301 2771 αῦτη
323 2684 377 2749 καί
401 2683 458 2748 νῦν
480 2684 533 2748 καί
558 2676 608 2748 ἀεὶ
632 2680 710 2760 τοὺς
729 2676 798 2765 μετ’
824 2680 947 2748 έκεῖνον
970 2681 1073 2749 πάλιν
1088 2682 1229 2750 πλάττει
1243 2683 1296 2748 καὶ
1313 2682 1468 2748 όιασυν-’

220 2793 346 2872 ίστησι·
373 2787 427 2852 καὶ
456 2785 555 2850 τοῦτο
585 2779 604 2848 ό
631 2781 714 2862 θεὸς
743 2778 843 2862 αὐτὸς
870 2786 917 2868 τῷ
940 2784 999 2867 μὲν
1018 2777 1171 2871 Ἱερεμίᾳ,
1204 2779 1249 2862 ῶς
1270 2793 1446 2870 προεῖπον,

221 2894 338 2975 φησίν·
361 2886 428 2973 πρὸ
450 2887 509 2950 τοῦ
531 2911 573 2969 με
595 2884 725 2952 πλάσαι
747 2909 785 2952 σε
808 2884 841 2952 έν
863 2886 982 2971 κοιλίᾳ,
1006 2883 1190 2969 ἐπίσταμαί
1212 2888 1288 2965 σε’).
1319 2887 1395 2971 περὶ
1413 2885 1449 2950 όέ

219 2993 285 3056 τῶν
307 2988 443 3056 πάντων
466 2987 588 3072 ἔλεγεν·
612 2983 631 3072 ἡ
653 2994 722 3073 χείρ
737 3009 802 3071 μου
825 2985 963 3073 ἐποίησε
977 2989 1082 3052 ταῦτα
1096 2985 1245 3066 πάνταλγ.
1276 2988 1329 3052 καί
1346 2983 1448 3052 πόλιν

221 3090 277 3158 διὰ
295 3085 433 3158 Ἡσαΐου
457 3096 574 3178 φησίν·
598 3085 704 3167 οὕτως
725 3090 812 3174 λέγει
833 3088 945 3173 κύριος
967 3083 1214 3171 όλυτροόμενός
1225 3109 1263 3154 σε
1273 3089 1327 3154 καὶ
1339 3086 1449 3152 πλάσ-

221 3215 288 3258 σιον
311 3215 349 3258 σε
381 3192 415 3258 έν
444 3193 568 3280 κοιλίᾳ·
603 3189 666 3278 ἒγῶ
694 3189 806 3278 κόριος
835 3185 852 3256 ό
883 3190 1046 3256 συντελῶν
1068 3187 1193 3267 πάντα,
1225 3185 1368 3266 ἐξέτεινα
1389 3185 1447 3252 τὸν

222 3285 360 3376 οὐρανὸν
381 3289 483 3374 μόνος
505 3295 559 3358 καί
582 3291 766 3378 ἐστερέωσα
787 3291 846 3379 τὴν
868 3293 965 3380 γῆν).
1011 3285 1029 3354 5
1053 3290 1089 3356 δὲ
1104 3286 1216 3375 Δαβὶό
1229 3289 1327 3353 τοῦτο
1349 3287 1447 3371 γινώ-

135 3413 308 3460 ν.νιο.σκοιν
331 3391 491 3478 ἔψαλλεν·
521 3393 557 3459 αἱ
577 3399 683 3478 χεῖρές
706 3416 766 3459 σου
790 3391 952 3481 ἐποίησάν
973 3417 1015 3476 με
1036 3393 1089 3456 καὶ
1114 3385 1263 3457 έπλασάν
1284 3392 1370 3473 με’)·
1392 3393 1447 3454 καί

222 3491 240 3560 5
263 3493 298 3562 έν
319 3497 366 3580 τῷ
385 3488 507 3581 Ἠσαίᾳ
528 3495 648 3580 λέγων·
672 3485 777 3574 οὕτως
799 3496 885 3580 λέγει
906 3494 1017 3582 κύριος
1039 3489 1058 3558 5
1080 3491 1213 3571 πλάσας
1223 3517 1265 3576 με
1277 3490 1312 3558 έκ
1321 3491 1450 3570 κοιλίας

222 3589 340 3663 δοῦλον
368 3595 518 3682 έαυτῷἼ,
549 3599 647 3662 τοῦτο
677 3593 838 3682 σημαίνει.
886 3591 1002 3663 οῦκοῦν
1030 3593 1113 3662 κατὰ
1142 3592 1200 3684 τὴν
1230 3592 1331 3682 φύσιν
1353 3587 1449 3660 οῦόέν

220 3694 312 3785 ἡμῶν
335 3699 495 3784 διαφέρει,
519 3691 579 3786 κᾷν
600 3698 730 3786 προάγῃ
754 3701 800 3784 τῷ
821 3697 937 3786 χρόνῳ,
962 3699 1024 3775 έιος
1045 3699 1099 3762 καὶ
1121 3699 1161 3783 τῇ
1177 3690 1259 3782 αὐτῇ
1272 3697 1356 3781 χειρὶ
1374 3717 1450 3760 συν-

224 3800 391 3884 ιστάμεθα
419 3804 473 3868 καί
501 3800 683 3884 κτιζόμεθα
715 3800 847 3878 πάντες.
894 3799 923 3869 εί
944 3805 1055 3866 τοίνυν
1077 3793 1197 3876 οὕτως,
1222 3787 1443 3882 ῶἈρειανοί,

222 3905 276 3968 καὶ
299 3903 374 3986 περὶ
398 3905 457 3969 τοῦ
479 3903 552 3969 υίοῦ
575 3907 633 3969 τοῦ
656 3905 740 3970 θεοῦ
765 3911 927 3990 φρονεῖτε,
952 3897 1005 3967 ὅτι
1020 3896 1125 3978 οὕτως
1139 3901 1192 3965 καί
1208 3893 1447 3984 αότὸςόπέστη

222 4001 279 4070 καὶ
299 4008 437 4090 γέγονεν,
463 3999 557 4072 οόόέν
579 3999 656 4072 καθ’
680 4001 766 4089 ὑμᾶς
786 4006 853 4070 τῶν
876 4001 985 4070 ἀλλων
1007 4000 1090 4068 κατὰ
1111 4000 1170 4086 τὴν
1193 3999 1294 4086 φύσιν
1317 4000 1447 4080 διοίσει,

224 4105 285 4182 έιος
306 4102 363 4170 καὶ
384 4097 484 4184 αὐτὸς
507 4101 564 4172 οὐκ
585 4095 639 4192 ἦν,
669 4105 724 4172 καὶ
745 4111 871 4191 γέγονε,
894 4102 950 4170 καὶ
972 4103 1008 4181 ἐξ
1028 4098 1145 4186 ἀρετῆς
1166 4099 1222 4164 καὶ
1243 4093 1332 4184 αὐτῷ
1356 4123 1450 4168 συνε-

222 4211 344 4291 κτίσθη
372 4208 432 4270 τοῦ
464 4201 627 4291 ὀνόματος
655 4202 673 4292 ἡ
699 4206 802 4290 χάρις.
848 4200 896 4282 εἷς
922 4201 983 4288 γάρ
1013 4201 1084 4268 έστι
1105 4198 1161 4264 καὶ
1182 4193 1296 4278 αῦτός,
1321 4193 1378 4286 ἀφ’
1404 4189 1449 4266 ῶν

200 4303 369 4391 ’ἆλέγετε,
395 4306 474 4391 περὶ
496 4297 541 4373 ὧν
564 4307 597 4374 έν
622 4307 770 4390 ψαλμοῖς
791 4303 830 4369 τὸ
852 4301 983 4384 πνεῦμά
1007 4319 1122 4386 φησιν·
1154 4292 1253 4376 αι’πός
1275 4293 1364 4378 εἷπε,
1393 4297 1450 4364 καὶ

294 4562 318 4620 1)
336 4561 421 4611 lerum.
443 4561 465 4622 1,
484 4561 507 4610 ό.
595 4556 795 4618 mmm.
884 4555 910 4616 3)
927 4553 982 4603 En.
1002 4556 1044 4618 44,
1063 4553 1103 4604 24.
1190 4549 1448 4620 ⁴)Pun.119[118.

223 4628 302 4694 ml,
320 4629 361 4680 ιο.
431 4631 456 4687 ιν
476 4629 529 4677 επ.
549 4627 590 4689 ιε,
609 4629 632 4677 ⁵.
