3162 5308
516 379 622 424 omaro
639 379 677 424 rr.
694 379 807 424 conans
822 379 954 424 ouranos.
1265 365 1322 430 661
1364 405 1373 424 .

115 539 182 592 est:
204 529 260 594 Hic
282 529 377 593 Filius
399 539 443 594 eat
463 549 546 594 meua
569 533 702 594 dilectas.
747 515 896 612 Siquidem
924 530 1051 611 impletis
1073 529 1228 608 promissis
1248 542 1410 594 raetaeaa.

116 633 166 695 bis
190 632 286 694 verbis
308 631 453 703 indicavit,
475 631 555 694 illum
578 627 754 712 esse'quem
776 652 809 694 se
829 633 951 694 misisse
972 631 1094 694 dixerat.

204 735 256 798 34.
299 734 459 814 Utrumque
481 751 551 812 ergo
574 733 722 795 Christum
746 751 813 795 esse
836 733 1048 812 intelligamus,
1071 733 1198 795 Verbum
1220 732 1330 794 scilicet

115 834 249 896 divinum
271 835 384 896 bomini
406 853 441 895 en
455 834 542 898 llaria
565 841 703 898 assumto·
717 835 746 896 in
761 834 850 895 llario
872 834 1068 896 coniunctum.
1111 833 1237 895 Verbum
1252 833 1330 895 enim

118 936 179 997 sibi
201 936 259 1016 ipsi
283 935 401 998 domum
419 935 456 997 in'
472 936 537 996 eius
560 949 644 998 utero
666 935 825 1008 fabricavit,
848 936 1092 1015 quemadmodum
1107 935 1176 998 olim
1190 935 1331 998 Adamum

119 1055 157 1098 ex
180 1046 259 1098 terra
280 1039 468 1110 formaverat,
492 1038 551 1098 imo
574 1038 718 1100 diviniore
739 1046 817 1099 certe
838 1037 950 1110 modo,
971 1055 1028 1119 quo
1051 1037 1088 1099 de
1110 1037 1260 1111 Salomon,
1282 1035 1331 1115 qui

119 1138 250 1200 Verbum
273 1137 381 1217 optime
409 1147 531 1199 noverat
559 1139 731 1218 sapientiam
753 1138 907 1218 appellari,
938 1139 981 1200 sic
1008 1139 1151 1218 loquitur:
1181 1138 1332 1218 Sapientia

120 1238 295 1319 aedificavit
319 1243 377 1302 sibi
398 1241 530 1313 domum,
559 1259 645 1320 quam
673 1241 868 1319 interpretans
897 1240 1055 1319 Apostolus
1083 1241 1137 1301 ait:
1171 1243 1254 1302 cuius
1276 1258 1331 1302 aot

122 1340 240 1402 Domus
262 1359 380 1412 sumus,
401 1341 529 1421 alibique
550 1341 693 1424 templum·
712 1340 850 1421 appellat,
872 1349 1017 1420 quatenus
1041 1359 1145 1420 nempe
1166 1341 1227 1402 Deo
1250 1341 1333 1402 decet

122 1441 286 1520 intemplo
318 1441 464 1516 babitare,
498 1443 579 1505 ouius
608 1443 729 1522 liguram
758 1442 884 1521 antiquis
911 1442 1044 1522 patribus
1072 1461 1125 1522 per
1146 1443 1333 1505 Salomonem

122 1543 251 1604 iusserat
272 1561 307 1604 en
328 1543 472 1622 lapidibus
494 1544 711 1618 aedificandam,
734 1544 812 1605 uude
834 1551 934 1604 exorta
955 1544 1075 1605 raritate
1097 1545 1187 1624 ligura
1208 1543 1333 1606 evanuit.

121 1621 256 1722 Namque
278 1662 343 1704 cum
365 1645 469 1722 perfidi
490 1644 588 1706 ludaei
617 1645 738 1724 liguram
767 1645 873 1706 vellant
901 1645 1051 1706 veritatem
1079 1644 1172 1724 ipsam
1194 1663 1260 1706 esse
1281 1661 1332 1706 vo·

119 1763 249 1824 rumque
272 1753 403 1806 evertere
424 1745 596 1818 aedilicium,
619 1747 697 1826 quod
719 1765 775 1808 nos
796 1747 883 1808 Verbi
906 1765 970 1808 oum
992 1756 1096 1808 natura
1117 1746 1243 1808 bumana
1260 1763 1333 1808 oon-

122 1843 306 1906 iuoctionem
335 1865 402 1906 esse
430 1845 553 1906 fidenter
574 1847 736 1920 oredimus,
765 1848 840 1909 uilail
867 1847 924 1909 illis
953 1849 1080 1910 minatus
1108 1855 1153 1908 est
1173 1847 1334 1921 Doudoua,

124 1945 181 2006 sed
203 1963 268 2006 cum
290 1945 383 2025 probe
406 1949 504 2020 sciret,
527 1947 643 2010 illorum
667 1949 858 2022 temeritatem
881 1949 910 2010 in
934 1950 1016 2028 ipsos
1039 1949 1186 2021 recidere,
1208 1948 1280 2012 haec
1299 1947 1336 2009 ad

125 2065 181 2106 eos
205 2045 291 2108 dixit:
320 2048 435 2112 Solvite
463 2050 603 2130 templum
626 2051 695 2124 doc,
724 2065 752 2114 et
780 2055 812 2112 in
840 2053 938 2114 tribua
966 2051 1067 2116 diodus
1096 2052 1227 2114 eccitobo
1249 2049 1334 2112 illud.

130 2148 247 2220 Quibus
274 2149 371 2212 verbis
398 2151 475 2212 clare
502 2152 632 2212 ostendit
653 2153 784 2214 Salvator
807 2161 913 2233 sponte
936 2163 964 2214 et
985 2171 1019 2213 ex
1041 2171 1074 2213 se
1095 2151 1216 2214 dissolvi
1237 2151 1335 2212 bomi-

128 2269 200 2312 num
233 2269 331 2330 opera.
376 2253 445 2316 Nisi
470 2254 548 2314 enim
570 2253 715 2316 Dominus
739 2255 942 2335 aedificaverit
964 2255 1081 2317 domum
1107 2265 1136 2315 et
1164 2253 1338 2316 custodierit

127 2356 286 2425 oioitotem,
310 2354 418 2415 frustra
438 2353 573 2416 laborant
595 2354 780 2416 aedificantes
803 2363 833 2416 et
853 2354 971 2433 vigilant
985 2355 1194 2417 custodientes.
1238 2353 1338 2430 ltaque

125 2473 202 2532 quae
230 2434 352 2533 quidem*
377 2455 549 2517 ludaeorum
578 2465 676 2530 eraut,
704 2455 820 2540 penitus
848 2465 917 2518 sunt
944 2457 1103 2529 dissoluta,
1132 2455 1240 2535 quippe
1273 2469 1339 2514 oum

128 2555 249 2614 nonnisi
272 2556 372 2622 umbra
394 2565 505 2632 essent,
527 2559 640 2620 firmata
662 2566 759 2619 autem
781 2567 826 2620 est
847 2557 984 2632 Ecclesia,
1011 2567 1114 2638 utpote
1135 2574 1209 2635 quae
1231 2555 1261 2617 in
1283 2553 1338 2634 pe-

131 2660 177 2712 tra
198 2655 315 2714 lundata
338 2666 393 2728 est,
416 2676 510 2736 neque
528 2671 638 2740 portae
661 2660 755 2740 inseri
775 2661 921 2722 adversus
937 2679 1001 2722 eam
1012 2657 1241 2740 praevalebunt.
1268 2655 1338 2717 lllo-

131 2771 197 2814 rum
220 2763 283 2816 erat
303 2755 416 2818 dicere:
441 2759 544 2832 Quare
562 2761 651 2822 'bomo
675 2771 707 2823 ta
730 2781 795 2823 cum
817 2765 869 2832 ais,
892 2763 970 2839 sacis
995 2763 1121 2840 tea’paam
1141 2755 1260 2820 Deum?
1281 2757 1338 2818 bo·

130 2873 197 2916 rum
219 2854 381 2935 discipulus
404 2869 449 2920 est
470 2860 693 2935 samosatensis,
715 2863 793 2924 uude
815 2880 875 2922 non
897 2860 1045 2922 immerito
1067 2877 1120 2921 sua
1144 2877 1215 2920 suos
1237 2857 1339 2932 docet3

130 2974 188 3018 nos
211 2968 308 3019 autem
330 2978 390 3021 non
412 2960 468 3022 ista
489 2963 526 3023 de
548 2963 663 3054 Christo
685 2963 850 3036 didicimus,
874 2960 898 3022 si
912 2971 1018 3022 tamen
1040 2978 1106 3022 eum
1128 2959 1289 3021 audivimus
1311 2967 1341 3020 et

131 3057 168 3118 ab
190 3057 256 3136 ipso
280 3059 375 3120 edocti
397 3079 516 3134 sumus,
549 3071 580 3123 ut
601 3073 700 3124 vetere
721 3061 855 3134 bomine,
884 3061 933 3139 qui
962 3059 1158 3140 corrumpilur
1179 3060 1340 3122 secuudum

132 3157 276 3220 desideria
299 3161 429 3231 erroris,
458 3162 592 3242 deposito
615 3163 768 3224 induamus
791 3179 899 3223 uorum
921 3161 1086 3234 bominem,
1109 3161 1159 3240 qui
1180 3153 1340 3223 seeundum

130 3259 223 3322 Deum
252 3269 366 3324 creatus
394 3271 440 3324 est
467 3263 498 3325 in
525 3263 635 3346 iustitia
664 3273 693 3325 ct
721 3265 874 3325 sanctitate
901 3263 1042 3325 veritatis.
1092 3262 1225 3324 Christus
1254 3261 1423 3342 igiturrsra.

130 3369 288 3441 utrumque
310 3381 378 3424 esse
400 3365 449 3442 pie
470 3365 656 3444 intelligatur.

214 3567 265 3628 35.
310 3564 445 3626 Ceterum
468 3566 493 3627 si
516 3585 605 3646 saepe
627 3565 777 3646 Scriptura
799 3564 945 3628 Christum
961 3564 1086 3645 appellet
1107 3563 1200 3644 ipsius
1222 3581 1341 3646 corpus,

133 3671 165 3724 ut
192 3683 258 3726 cum
286 3665 389 3726 beatus
416 3667 521 3728 Petrus
551 3667 587 3727 ad
610 3667 775 3729 Cornelium
803 3666 857 3730 ait:
886 3667 987 3732 lesam
1013 3686 1032 3729 ο
1059 3665 1229 3736 Nazareth,
1259 3683 1343 3746 poem

133 3769 222 3828 uomit
242 3765 323 3827 Duas
345 3766 464 3846 Spiritu
485 3779 598 3838 coacto,
622 3776 652 3828 et
672 3767 708 3828 ad
729 3768 869 3830 ludaeos:
894 3767 994 3830 lesam
1015 3765 1220 3838 Nazarenum,
1235 3769 1343 3828 'uirum

134 3859 374 3946 approbaturus
394 3864 458 3927 Deo
479 3870 512 3928 ia
533 3868 632 3936 vodio,
655 3866 757 3929 beatus
778 3869 849 3929 item
871 3867 977 3928 Paulus
998 3865 1071 3926 baec
1090 3865 1128 3926 ad
1149 3865 1342 3928 Athenienses

170 4131 191 4165 a.
209 4117 265 4178 lieu.
284 4125 307 4166 el
324 4116 421 4178 Sepoer.
441 4109 527 4182 φησὶν
545 4105 643 4168 airon.
669 4115 714 4166 dlii
765 4115 886 4180 duplicari.
920 4119 948 4168 lt
965 4116 1062 4168 Goblcr.
1080 4112 1182 4185 Πέτρος
1195 4114 1344 4188 Κορνηλίῳ.

136 4191 160 4234 et
178 4183 234 4234 edili
251 4175 305 4252 ἔφη
325 4175 423 4236 αὐτοῖς.
597 4223 605 4236 .
766 4186 812 4236 llil
827 4193 850 4235 et
868 4185 940 4236 editio
958 4187 1049 4236 Comm.
1068 4181 1170 4254 Hirpos
1185 4181 1343 4254 Κορνήλιον.

170 4278 185 4326 l.
204 4277 244 4327 Sic
261 4277 317 4340 llep.
335 4284 359 4326 at
376 4277 474 4338 Sepuer.
509 4277 535 4326 lo
546 4277 599 4327 aliia
613 4277 715 4327 eleditia
799 4288 814 4335 i,
833 4285 929 4338 cahier.
945 4296 968 4338 ea
983 4287 1086 4337 fetrum.
1098 4288 1119 4338 1.
1138 4290 1248 4341 omittunt
1264 4283 1353 4339 πάλιν.

135 4343 192 4392 τῶν
209 4346 283 4394 deest.
766 4345 937 4420 ὅμακάριος.
974 4355 1106 4420 lbidlleg.
1124 4352 1346 4424 insignemque

171 4445 192 4492 Β,
212 4429 267 4492 Μ,
293 4429 392 4492 Segne„
410 4436 434 4478 οι
451 4428 572 4493 scripum
590 4426 638 4488 τῆς
655 4419 715 4488 ἄχη.
761 4411 925 4481 Ἀθηναίους.
961 4423 1040 4474 Ceteri
1064 4433 1086 4473 et
1110 4425 1165 4475 editi
1186 4415 1345 4484 Ἀθηναίοις.

136 4495 219 4549 θείας,
254 4496 298 4546 pp,
317 4507 340 4548 ,p
357 4496 413 4546 ,app
432 4494 479 4555 τῆς
496 4499 614 4548 mmm
765 4489 823 4538 ltem
843 4491 898 4541 ibid.
917 4499 973 4555 post
989 4485 1019 4540 da
1037 4483 1118 4557 daupi
1135 4493 1344 4556 dalloitdoglioaa.

171 4587 195 4636 la.
221 4586 461 4653 iticinascoam,
487 4591 585 4654 Sopcer.
604 4589 673 4642 basil.
693 4598 716 4642 at
765 4558 845 4608 Μ’·
