<?xml version="1.0" encoding="UTF-8"?>
<!DOCTYPE html PUBLIC "-//W3C//DTD XHTML 1.0 Transitional//EN"
    "http://www.w3.org/TR/xhtml1/DTD/xhtml1-transitional.dtd">
<html xmlns="http://www.w3.org/1999/xhtml" xml:lang="en" lang="en">
 <head>
  <title>
</title>
<meta http-equiv="Content-Type" content="text/html;charset=utf-8" />
  <meta name='ocr-system' content='tesseract 3.04.00' />
  <meta name='ocr-capabilities' content='ocr_page ocr_carea ocr_par ocr_line ocrx_word'/>
</head>
<body>
  <div class='ocr_page' id='page_1' title='image "./sanctiathanasii00athagoog_0856.png"; bbox 0 0 3094 5318; ppageno 0'>
   <div class='ocr_carea' id='block_1_1' title="bbox 482 331 1314 440">
    <p class='ocr_par' dir='ltr' id='par_1_1' title="bbox 482 331 1314 440">
     <span class='ocr_line' id='line_1_1' title="bbox 482 331 1314 440; baseline 0.008 -38"><span class='ocrx_word' id='word_1_1' title='bbox 482 331 679 403; x_wconf 77' lang='lat' dir='ltr'><strong>nrtsrotrrr.</strong></span> <span class='ocrx_word' id='word_1_2' title='bbox 695 361 731 401; x_wconf 80' lang='lat' dir='ltr'><strong>io</strong></span> <span class='ocrx_word' id='word_1_3' title='bbox 747 359 942 402; x_wconf 80' lang='lat' dir='ltr'><strong>snairrounrr.</strong></span> <span class='ocrx_word' id='word_1_4' title='bbox 1090 393 1097 408; x_wconf 88' lang='lat'><strong>.</strong></span> <span class='ocrx_word' id='word_1_5' title='bbox 1218 345 1314 440; x_wconf 81' lang='grc' dir='ltr'><strong>Ι811</strong></span> 
     </span>
    </p>
   </div>
   <div class='ocr_carea' id='block_1_2' title="bbox 11 492 1401 1606">
    <p class='ocr_par' dir='ltr' id='par_1_2' title="bbox 11 492 1401 1606">
     <span class='ocr_line' id='line_1_2' title="bbox 11 492 1401 592; baseline 0.006 -22"><span class='ocrx_word' id='word_1_6' title='bbox 11 511 253 592; x_wconf 64' lang='grc' dir='ltr'><strong>λῃίνὶῑιιειΙίει.</strong></span> <span class='ocrx_word' id='word_1_7' title='bbox 313 513 394 587; x_wconf 85' lang='lat' dir='ltr'><strong>Quot</strong></span> <span class='ocrx_word' id='word_1_8' title='bbox 415 513 494 574; x_wconf 87' lang='lat' dir='ltr'><strong>enim</strong></span> <span class='ocrx_word' id='word_1_9' title='bbox 515 511 686 574; x_wconf 91' lang='lat' dir='ltr'><strong>hominibus</strong></span> <span class='ocrx_word' id='word_1_10' title='bbox 709 527 816 591; x_wconf 89' lang='lat' dir='ltr'><strong>corpus</strong></span> <span class='ocrx_word' id='word_1_11' title='bbox 839 511 912 573; x_wconf 89' lang='lat' dir='ltr'><strong>satis</strong></span> <span class='ocrx_word' id='word_1_12' title='bbox 935 519 1016 572; x_wconf 89' lang='lat' dir='ltr'><strong>esset</strong></span> <span class='ocrx_word' id='word_1_13' title='bbox 1029 511 1066 572; x_wconf 91' lang='lat' dir='ltr'><strong>ad</strong></span> <span class='ocrx_word' id='word_1_14' title='bbox 1081 529 1176 584; x_wconf 88' lang='lat' dir='ltr'><strong>esum,</strong></span> <span class='ocrx_word' id='word_1_15' title='bbox 1198 520 1232 574; x_wconf 93' lang='lat' dir='ltr'><strong>ut</strong></span> <span class='ocrx_word' id='word_1_16' title='bbox 1246 511 1317 578; x_wconf 92' lang='lat' dir='ltr'><strong>illud</strong></span> <span class='ocrx_word' id='word_1_17' title='bbox 1326 492 1401 578; x_wconf 73' lang='lat' dir='ltr'><strong>nare.</strong></span> 
     </span>
     <span class='ocr_line' id='line_1_3' title="bbox 22 611 1350 678; baseline -0.001 -2"><span class='ocrx_word' id='word_1_18' title='bbox 22 616 135 678; x_wconf 90' lang='lat' dir='ltr'><strong>otius</strong></span> <span class='ocrx_word' id='word_1_19' title='bbox 169 616 313 678; x_wconf 88' lang='lat' dir='ltr'><strong>mundi</strong></span> <span class='ocrx_word' id='word_1_20' title='bbox 334 616 418 676; x_wconf 88' lang='lat' dir='ltr'><strong>lieret</strong></span> <span class='ocrx_word' id='word_1_21' title='bbox 440 611 633 676; x_wconf 78' lang='lat' dir='ltr'>alimentum?</span> <span class='ocrx_word' id='word_1_22' title='bbox 662 613 720 674; x_wconf 88' lang='lat' dir='ltr'><strong>Sed</strong></span> <span class='ocrx_word' id='word_1_23' title='bbox 742 613 811 674; x_wconf 91' lang='lat' dir='ltr'><strong>ideo</strong></span> <span class='ocrx_word' id='word_1_24' title='bbox 834 613 968 676; x_wconf 89' lang='lat' dir='ltr'><strong>meminit</strong></span> <span class='ocrx_word' id='word_1_25' title='bbox 981 613 1165 676; x_wconf 86' lang='lat' dir='ltr'><strong>ascensionis</strong></span> <span class='ocrx_word' id='word_1_26' title='bbox 1180 613 1244 674; x_wconf 84' lang='lat' dir='ltr'>Filii</span> <span class='ocrx_word' id='word_1_27' title='bbox 1260 615 1316 675; x_wconf 91' lang='lat' dir='ltr'><strong>ho·</strong></span> <span class='ocrx_word' id='word_1_28' title='bbox 1347 631 1350 642; x_wconf 89' lang='grc'><strong><em>’</em></strong></span> 
     </span>
     <span class='ocr_line' id='line_1_4' title="bbox 15 714 1319 796; baseline -0.002 -18"><span class='ocrx_word' id='word_1_29' title='bbox 15 719 132 778; x_wconf 82' lang='lat' dir='ltr'><strong>minis</strong></span> <span class='ocrx_word' id='word_1_30' title='bbox 166 717 211 778; x_wconf 91' lang='lat' dir='ltr'><strong>in</strong></span> <span class='ocrx_word' id='word_1_31' title='bbox 245 717 382 788; x_wconf 83' lang='lat' dir='ltr'><strong>caelum,</strong></span> <span class='ocrx_word' id='word_1_32' title='bbox 406 724 436 778; x_wconf 90' lang='lat' dir='ltr'><strong>ut</strong></span> <span class='ocrx_word' id='word_1_33' title='bbox 459 735 475 777; x_wconf 87' lang='lat' dir='ltr'><strong>a</strong></span> <span class='ocrx_word' id='word_1_34' title='bbox 497 714 642 796; x_wconf 88' lang='lat' dir='ltr'><strong>corporali</strong></span> <span class='ocrx_word' id='word_1_35' title='bbox 664 715 842 794; x_wconf 79' lang='lat' dir='ltr'>cogitatione</span> <span class='ocrx_word' id='word_1_36' title='bbox 857 715 941 794; x_wconf 88' lang='lat' dir='ltr'><strong>ipsos</strong></span> <span class='ocrx_word' id='word_1_37' title='bbox 956 716 1127 790; x_wconf 79' lang='lat' dir='ltr'><strong>retraheret,</strong></span> <span class='ocrx_word' id='word_1_38' title='bbox 1149 723 1234 795; x_wconf 80' lang='lat' dir='ltr'><strong>atque</strong></span> <span class='ocrx_word' id='word_1_39' title='bbox 1249 715 1319 776; x_wconf 91' lang='lat' dir='ltr'><strong>hinc</strong></span> 
     </span>
     <span class='ocr_line' id='line_1_5' title="bbox 22 815 1318 902; baseline -0.002 -20"><span class='ocrx_word' id='word_1_40' title='bbox 22 821 277 893; x_wconf 69' lang='lat' dir='ltr'><strong>ediscerent,</strong></span> <span class='ocrx_word' id='word_1_41' title='bbox 313 835 431 882; x_wconf 87' lang='lat' dir='ltr'><strong>earnem</strong></span> <span class='ocrx_word' id='word_1_42' title='bbox 454 818 490 879; x_wconf 92' lang='lat' dir='ltr'><strong>de</strong></span> <span class='ocrx_word' id='word_1_43' title='bbox 512 817 732 902; x_wconf 12' lang='lat' dir='ltr'><strong>quanloquntus</strong></span> <span class='ocrx_word' id='word_1_44' title='bbox 754 817 864 887; x_wconf 90' lang='lat' dir='ltr'><strong>luerat,</strong></span> <span class='ocrx_word' id='word_1_45' title='bbox 896 816 993 878; x_wconf 89' lang='lat' dir='ltr'><strong>cibum</strong></span> <span class='ocrx_word' id='word_1_46' title='bbox 1023 815 1199 897; x_wconf 87' lang='lat' dir='ltr'><strong>esupernis</strong></span> <span class='ocrx_word' id='word_1_47' title='bbox 1222 818 1318 879; x_wconf 88' lang='lat' dir='ltr'><strong>caele-</strong></span> 
     </span>
     <span class='ocr_line' id='line_1_6' title="bbox 20 915 1319 1002; baseline -0.003 -18"><span class='ocrx_word' id='word_1_48' title='bbox 20 933 118 984; x_wconf 78' lang='lat' dir='ltr'><strong>stem</strong></span> <span class='ocrx_word' id='word_1_49' title='bbox 152 930 195 984; x_wconf 88' lang='lat' dir='ltr'><strong>et</strong></span> <span class='ocrx_word' id='word_1_50' title='bbox 227 919 429 1002; x_wconf 88' lang='lat' dir='ltr'><strong>spiritualem</strong></span> <span class='ocrx_word' id='word_1_51' title='bbox 452 919 620 1000; x_wconf 87' lang='lat' dir='ltr'><strong>alimoniam</strong></span> <span class='ocrx_word' id='word_1_52' title='bbox 642 917 678 978; x_wconf 92' lang='lat' dir='ltr'><strong>ab</strong></span> <span class='ocrx_word' id='word_1_53' title='bbox 700 918 765 998; x_wconf 86' lang='lat' dir='ltr'><strong>ipso</strong></span> <span class='ocrx_word' id='word_1_54' title='bbox 789 915 862 978; x_wconf 88' lang='lat' dir='ltr'><strong>dari.</strong></span> <span class='ocrx_word' id='word_1_55' title='bbox 906 917 978 978; x_wconf 88' lang='lat' dir='ltr'><strong>Nam</strong></span> <span class='ocrx_word' id='word_1_56' title='bbox 1001 935 1074 999; x_wconf 79' lang='lat' dir='ltr'><strong>puae</strong></span> <span class='ocrx_word' id='word_1_57' title='bbox 1093 917 1236 1000; x_wconf 74' lang='lat' dir='ltr'><strong>loquutus</strong></span> <span class='ocrx_word' id='word_1_58' title='bbox 1252 919 1319 980; x_wconf 82' lang='lat' dir='ltr'><strong>sitm</strong></span> 
     </span>
     <span class='ocr_line' id='line_1_7' title="bbox 23 1015 1316 1104; baseline -0.002 -20"><span class='ocrx_word' id='word_1_59' title='bbox 23 1027 149 1096; x_wconf 84' lang='lat' dir='ltr'><strong>ooba&#39;s,</strong></span> <span class='ocrx_word' id='word_1_60' title='bbox 183 1023 318 1103; x_wconf 88' lang='lat' dir='ltr'><strong>inquit,</strong></span> <span class='ocrx_word' id='word_1_61' title='bbox 342 1026 469 1104; x_wconf 82' lang='lat' dir='ltr'><strong>spiritus</strong></span> <span class='ocrx_word' id='word_1_62' title='bbox 493 1025 709 1084; x_wconf 76' lang='lat' dir='ltr'><strong>recitarunt.</strong></span> <span class='ocrx_word' id='word_1_63' title='bbox 754 1018 842 1092; x_wconf 87' lang='lat' dir='ltr'><strong>Quod</strong></span> <span class='ocrx_word' id='word_1_64' title='bbox 864 1015 987 1097; x_wconf 87' lang='lat' dir='ltr'><strong>perinde</strong></span> <span class='ocrx_word' id='word_1_65' title='bbox 1010 1027 1056 1080; x_wconf 86' lang='lat' dir='ltr'><strong>est</strong></span> <span class='ocrx_word' id='word_1_66' title='bbox 1082 1037 1116 1080; x_wconf 91' lang='lat' dir='ltr'><strong>ac</strong></span> <span class='ocrx_word' id='word_1_67' title='bbox 1145 1019 1170 1080; x_wconf 85' lang='lat' dir='ltr'><strong>si</strong></span> <span class='ocrx_word' id='word_1_68' title='bbox 1192 1018 1316 1082; x_wconf 90' lang='lat' dir='ltr'><strong>diceret:</strong></span> 
     </span>
     <span class='ocr_line' id='line_1_8' title="bbox 27 1109 1315 1207; baseline -0.004 -19"><span class='ocrx_word' id='word_1_69' title='bbox 27 1109 168 1207; x_wconf 62' lang='lat' dir='ltr'><strong>„duod</strong></span> <span class='ocrx_word' id='word_1_70' title='bbox 201 1125 393 1187; x_wconf 81' lang='lat' dir='ltr'><strong>ostenditur</strong></span> <span class='ocrx_word' id='word_1_71' title='bbox 415 1133 446 1186; x_wconf 89' lang='lat' dir='ltr'><strong>et</strong></span> <span class='ocrx_word' id='word_1_72' title='bbox 466 1123 552 1185; x_wconf 91' lang='lat' dir='ltr'><strong>datur</strong></span> <span class='ocrx_word' id='word_1_73' title='bbox 573 1139 628 1202; x_wconf 91' lang='lat' dir='ltr'><strong>pro</strong></span> <span class='ocrx_word' id='word_1_74' title='bbox 650 1120 751 1183; x_wconf 91' lang='lat' dir='ltr'><strong>mundi</strong></span> <span class='ocrx_word' id='word_1_75' title='bbox 774 1121 879 1194; x_wconf 89' lang='lat' dir='ltr'><strong>salute,</strong></span> <span class='ocrx_word' id='word_1_76' title='bbox 902 1139 970 1182; x_wconf 90' lang='lat' dir='ltr'><strong>caro</strong></span> <span class='ocrx_word' id='word_1_77' title='bbox 994 1128 1055 1194; x_wconf 83' lang='lat' dir='ltr'><strong>est,</strong></span> <span class='ocrx_word' id='word_1_78' title='bbox 1078 1139 1165 1200; x_wconf 89' lang='lat' dir='ltr'><strong>quarn</strong></span> <span class='ocrx_word' id='word_1_79' title='bbox 1187 1139 1241 1200; x_wconf 82' lang='lat' dir='ltr'><strong>ego</strong></span> <span class='ocrx_word' id='word_1_80' title='bbox 1263 1140 1315 1201; x_wconf 81' lang='lat' dir='ltr'><strong>ge-</strong></span> 
     </span>
     <span class='ocr_line' id='line_1_9' title="bbox 28 1221 1316 1304; baseline -0.005 -13"><span class='ocrx_word' id='word_1_81' title='bbox 28 1277 53 1304; x_wconf 94' lang='lat'><strong>„</strong></span> <span class='ocrx_word' id='word_1_82' title='bbox 66 1239 155 1303; x_wconf 67' lang='lat' dir='ltr'><strong>sto,</strong></span> <span class='ocrx_word' id='word_1_83' title='bbox 198 1228 273 1290; x_wconf 86' lang='lat' dir='ltr'><strong>scd</strong></span> <span class='ocrx_word' id='word_1_84' title='bbox 305 1228 378 1288; x_wconf 91' lang='lat' dir='ltr'><strong>haec</strong></span> <span class='ocrx_word' id='word_1_85' title='bbox 398 1227 483 1294; x_wconf 82' lang='lat' dir='ltr'><strong>robis</strong></span> <span class='ocrx_word' id='word_1_86' title='bbox 507 1243 573 1286; x_wconf 89' lang='lat' dir='ltr'><strong>cum</strong></span> <span class='ocrx_word' id='word_1_87' title='bbox 595 1223 827 1301; x_wconf 80' lang='lat' dir='ltr'><strong>eius&#39;sanguine</strong></span> <span class='ocrx_word' id='word_1_88' title='bbox 848 1242 864 1284; x_wconf 88' lang='lat' dir='ltr'><strong>a</strong></span> <span class='ocrx_word' id='word_1_89' title='bbox 885 1241 934 1284; x_wconf 89' lang='lat' dir='ltr'><strong>me</strong></span> <span class='ocrx_word' id='word_1_90' title='bbox 957 1221 1150 1301; x_wconf 76' lang='lat' dir='ltr'><strong>spiritualiter</strong></span> <span class='ocrx_word' id='word_1_91' title='bbox 1171 1241 1239 1284; x_wconf 88' lang='lat' dir='ltr'><strong>esca</strong></span> <span class='ocrx_word' id='word_1_92' title='bbox 1261 1223 1316 1284; x_wconf 88' lang='lat' dir='ltr'><strong>da-</strong></span> 
     </span>
     <span class='ocr_line' id='line_1_10' title="bbox 33 1323 1314 1406; baseline -0.004 -15"><span class='ocrx_word' id='word_1_93' title='bbox 33 1331 197 1404; x_wconf 90' lang='lat' dir='ltr'><strong>„hitur,</strong></span> <span class='ocrx_word' id='word_1_94' title='bbox 244 1330 293 1390; x_wconf 90' lang='lat' dir='ltr'><strong>ita</strong></span> <span class='ocrx_word' id='word_1_95' title='bbox 320 1337 352 1392; x_wconf 93' lang='lat' dir='ltr'><strong>ut</strong></span> <span class='ocrx_word' id='word_1_96' title='bbox 379 1330 452 1391; x_wconf 88' lang='lat' dir='ltr'><strong>baec</strong></span> <span class='ocrx_word' id='word_1_97' title='bbox 473 1325 665 1406; x_wconf 81' lang='lat' dir='ltr'><strong>spiritualiter</strong></span> <span class='ocrx_word' id='word_1_98' title='bbox 685 1324 841 1402; x_wconf 89' lang='lat' dir='ltr'><strong>unicuique</strong></span> <span class='ocrx_word' id='word_1_99' title='bbox 863 1323 1024 1398; x_wconf 80' lang='lat' dir='ltr'><strong>tribuatur,</strong></span> <span class='ocrx_word' id='word_1_100' title='bbox 1059 1332 1088 1386; x_wconf 89' lang='lat' dir='ltr'><strong>et</strong></span> <span class='ocrx_word' id='word_1_101' title='bbox 1114 1325 1164 1386; x_wconf 84' lang='lat' dir='ltr'><strong>liat</strong></span> <span class='ocrx_word' id='word_1_102' title='bbox 1192 1325 1314 1405; x_wconf 82' lang='lat' dir='ltr'><strong>singolis</strong></span> 
     </span>
     <span class='ocr_line' id='line_1_11' title="bbox 37 1424 1314 1506; baseline -0.003 -14"><span class='ocrx_word' id='word_1_103' title='bbox 37 1449 62 1506; x_wconf 91' lang='lat'><strong>,·,</strong></span> <span class='ocrx_word' id='word_1_104' title='bbox 75 1440 249 1495; x_wconf 88' lang='lat' dir='ltr'><strong>tutamen</strong></span> <span class='ocrx_word' id='word_1_105' title='bbox 279 1431 310 1492; x_wconf 90' lang='lat' dir='ltr'><strong>in</strong></span> <span class='ocrx_word' id='word_1_106' title='bbox 331 1429 578 1492; x_wconf 85' lang='lat' dir='ltr'><strong>resurrectionem</strong></span> <span class='ocrx_word' id='word_1_107' title='bbox 600 1427 677 1488; x_wconf 89' lang='lat' dir='ltr'><strong>vitae</strong></span> <span class='ocrx_word' id='word_1_108' title='bbox 698 1431 867 1487; x_wconf 87' lang='lat' dir='ltr'><strong>aeternae.“</strong></span> <span class='ocrx_word' id='word_1_109' title='bbox 911 1424 960 1486; x_wconf 88' lang='lat' dir='ltr'><strong>Sic</strong></span> <span class='ocrx_word' id='word_1_110' title='bbox 982 1433 1012 1488; x_wconf 90' lang='lat' dir='ltr'><strong>et</strong></span> <span class='ocrx_word' id='word_1_111' title='bbox 1026 1424 1238 1488; x_wconf 89' lang='lat' dir='ltr'><strong>Samaritanam</strong></span> <span class='ocrx_word' id='word_1_112' title='bbox 1255 1427 1314 1488; x_wconf 85' lang='lat' dir='ltr'><strong>llo-</strong></span> 
     </span>
     <span class='ocr_line' id='line_1_12' title="bbox 35 1525 1313 1606; baseline -0.004 -11"><span class='ocrx_word' id='word_1_113' title='bbox 35 1534 164 1596; x_wconf 87' lang='lat' dir='ltr'><strong>minus</strong></span> <span class='ocrx_word' id='word_1_114' title='bbox 196 1533 392 1594; x_wconf 85' lang='lat' dir='ltr'><strong>abstrahens</strong></span> <span class='ocrx_word' id='word_1_115' title='bbox 421 1550 438 1591; x_wconf 86' lang='lat' dir='ltr'><strong>a</strong></span> <span class='ocrx_word' id='word_1_116' title='bbox 465 1528 654 1592; x_wconf 85' lang='lat' dir='ltr'><strong>sensibilibus</strong></span> <span class='ocrx_word' id='word_1_117' title='bbox 677 1527 770 1588; x_wconf 83' lang='lat' dir='ltr'><strong>lleurn</strong></span> <span class='ocrx_word' id='word_1_118' title='bbox 793 1525 866 1590; x_wconf 86' lang='lat' dir='ltr'><strong>dixit</strong></span> <span class='ocrx_word' id='word_1_119' title='bbox 887 1545 954 1589; x_wconf 88' lang='lat' dir='ltr'><strong>esse</strong></span> <span class='ocrx_word' id='word_1_120' title='bbox 976 1527 1150 1606; x_wconf 69' lang='lat' dir='ltr'><strong>Spiritum·</strong></span> <span class='ocrx_word' id='word_1_121' title='bbox 1167 1536 1200 1589; x_wconf 89' lang='lat' dir='ltr'><strong>ut</strong></span> <span class='ocrx_word' id='word_1_122' title='bbox 1226 1529 1313 1590; x_wconf 90' lang='lat' dir='ltr'><strong>dein-</strong></span> 
     </span>
    </p>
   </div>
   <div class='ocr_carea' id='block_1_3' title="bbox 39 1627 1528 1716">
    <p class='ocr_par' dir='ltr' id='par_1_3' title="bbox 39 1627 1528 1716">
     <span class='ocr_line' id='line_1_13' title="bbox 39 1627 1528 1716; baseline -0.007 -17"><span class='ocrx_word' id='word_1_123' title='bbox 39 1655 129 1716; x_wconf 85' lang='lat' dir='ltr'><strong>ceps</strong></span> <span class='ocrx_word' id='word_1_124' title='bbox 159 1635 223 1697; x_wconf 85' lang='lat' dir='ltr'><strong>illa</strong></span> <span class='ocrx_word' id='word_1_125' title='bbox 251 1651 317 1696; x_wconf 90' lang='lat' dir='ltr'><strong>non</strong></span> <span class='ocrx_word' id='word_1_126' title='bbox 339 1631 532 1710; x_wconf 83' lang='lat' dir='ltr'><strong>corporaliter</strong></span> <span class='ocrx_word' id='word_1_127' title='bbox 554 1629 607 1691; x_wconf 87' lang='lat' dir='ltr'><strong>sed</strong></span> <span class='ocrx_word' id='word_1_128' title='bbox 629 1627 820 1709; x_wconf 79' lang='lat' dir='ltr'><strong>spiritualiter</strong></span> <span class='ocrx_word' id='word_1_129' title='bbox 848 1627 885 1690; x_wconf 92' lang='lat' dir='ltr'><strong>de</strong></span> <span class='ocrx_word' id='word_1_130' title='bbox 908 1628 969 1691; x_wconf 86' lang='lat' dir='ltr'><strong>beo</strong></span> <span class='ocrx_word' id='word_1_131' title='bbox 999 1629 1148 1710; x_wconf 79' lang='lat' dir='ltr'><strong>cogitaret</strong></span> <span class='ocrx_word' id='word_1_132' title='bbox 1193 1631 1241 1692; x_wconf 91' lang='lat' dir='ltr'><strong>Sic</strong></span> <span class='ocrx_word' id='word_1_133' title='bbox 1261 1631 1312 1692; x_wconf 92' lang='lat' dir='ltr'><strong>iti·</strong></span> <span class='ocrx_word' id='word_1_134' title='bbox 1409 1705 1413 1714; x_wconf 92' lang='lat'>.</span> <span class='ocrx_word' id='word_1_135' title='bbox 1522 1665 1528 1676; x_wconf 91' lang='lat'><strong>·</strong></span> 
     </span>
    </p>
   </div>
   <div class='ocr_carea' id='block_1_4' title="bbox 27 1729 1314 2014">
    <p class='ocr_par' dir='ltr' id='par_1_4' title="bbox 27 1729 1314 2014">
     <span class='ocr_line' id='line_1_14' title="bbox 44 1729 1314 1814; baseline -0.005 -14"><span class='ocrx_word' id='word_1_136' title='bbox 44 1739 131 1800; x_wconf 86' lang='lat' dir='ltr'><strong>dem</strong></span> <span class='ocrx_word' id='word_1_137' title='bbox 156 1735 332 1814; x_wconf 84' lang='lat' dir='ltr'><strong>Propheta</strong></span> <span class='ocrx_word' id='word_1_138' title='bbox 353 1751 420 1794; x_wconf 90' lang='lat' dir='ltr'><strong>cum</strong></span> <span class='ocrx_word' id='word_1_139' title='bbox 442 1732 535 1794; x_wconf 86' lang='lat' dir='ltr'><strong>Deum</strong></span> <span class='ocrx_word' id='word_1_140' title='bbox 558 1749 676 1792; x_wconf 89' lang='lat' dir='ltr'><strong>carnem</strong></span> <span class='ocrx_word' id='word_1_141' title='bbox 697 1731 804 1792; x_wconf 88' lang='lat' dir='ltr'><strong>lactum</strong></span> <span class='ocrx_word' id='word_1_142' title='bbox 820 1729 1076 1811; x_wconf 84' lang='lat' dir='ltr'><strong>contemplaretur,</strong></span> <span class='ocrx_word' id='word_1_143' title='bbox 1099 1731 1154 1793; x_wconf 90' lang='lat' dir='ltr'><strong>ait:</strong></span> <span class='ocrx_word' id='word_1_144' title='bbox 1177 1732 1314 1811; x_wconf 72' lang='lat' dir='ltr'><strong>Spiritus</strong></span> 
     </span>
     <span class='ocr_line' id='line_1_15' title="bbox 27 1831 1312 1918; baseline -0.003 -20"><span class='ocrx_word' id='word_1_145' title='bbox 27 1841 163 1918; x_wconf 72' lang='lat' dir='ltr'><strong>¹faciei</strong></span> <span class='ocrx_word' id='word_1_146' title='bbox 189 1848 330 1899; x_wconf 82' lang='lat' dir='ltr'><strong>nostroe</strong></span> <span class='ocrx_word' id='word_1_147' title='bbox 347 1835 484 1898; x_wconf 74' lang='lat' dir='ltr'><strong>Christus</strong></span> <span class='ocrx_word' id='word_1_148' title='bbox 505 1833 662 1907; x_wconf 72' lang='lat' dir='ltr'><strong>Domitius,</strong></span> <span class='ocrx_word' id='word_1_149' title='bbox 685 1851 723 1892; x_wconf 88' lang='lat' dir='ltr'><strong>ne</strong></span> <span class='ocrx_word' id='word_1_150' title='bbox 745 1832 811 1912; x_wconf 88' lang='lat' dir='ltr'><strong>quis</strong></span> <span class='ocrx_word' id='word_1_151' title='bbox 834 1851 869 1893; x_wconf 83' lang='lat' dir='ltr'><strong>ex</strong></span> <span class='ocrx_word' id='word_1_152' title='bbox 891 1851 937 1906; x_wconf 91' lang='lat' dir='ltr'><strong>eo,</strong></span> <span class='ocrx_word' id='word_1_153' title='bbox 960 1831 1040 1912; x_wconf 87' lang='lat' dir='ltr'><strong>quod</strong></span> <span class='ocrx_word' id='word_1_154' title='bbox 1061 1832 1228 1912; x_wconf 85' lang='lat' dir='ltr'><strong>apparebat,</strong></span> <span class='ocrx_word' id='word_1_155' title='bbox 1250 1833 1312 1894; x_wconf 82' lang='lat' dir='ltr'><strong>llo-</strong></span> 
     </span>
     <span class='ocr_line' id='line_1_16' title="bbox 29 1929 1311 2014; baseline -0.004 -15"><span class='ocrx_word' id='word_1_156' title='bbox 29 1939 189 2000; x_wconf 83' lang='lat' dir='ltr'><strong>.mirtum</strong></span> <span class='ocrx_word' id='word_1_157' title='bbox 218 1955 295 1998; x_wconf 87' lang='lat' dir='ltr'><strong>esse</strong></span> <span class='ocrx_word' id='word_1_158' title='bbox 316 1953 432 1998; x_wconf 90' lang='lat' dir='ltr'><strong>merum</strong></span> <span class='ocrx_word' id='word_1_159' title='bbox 453 1935 603 1997; x_wconf 90' lang='lat' dir='ltr'><strong>hominem</strong></span> <span class='ocrx_word' id='word_1_160' title='bbox 626 1929 821 2007; x_wconf 70' lang='lat' dir='ltr'><strong>existimaret,</strong></span> <span class='ocrx_word' id='word_1_161' title='bbox 855 1933 908 1994; x_wconf 89' lang='lat' dir='ltr'><strong>sed</strong></span> <span class='ocrx_word' id='word_1_162' title='bbox 929 1933 999 1996; x_wconf 89' lang='lat' dir='ltr'><strong>dum</strong></span> <span class='ocrx_word' id='word_1_163' title='bbox 1023 1933 1166 2014; x_wconf 90' lang='lat' dir='ltr'><strong>Spiritum</strong></span> <span class='ocrx_word' id='word_1_164' title='bbox 1188 1935 1311 2008; x_wconf 90' lang='lat' dir='ltr'><strong>audiret,</strong></span> 
     </span>
    </p>
   </div>
   <div class='ocr_carea' id='block_1_5' title="bbox 29 2034 954 2118">
    <p class='ocr_par' dir='ltr' id='par_1_5' title="bbox 29 2034 954 2118">
     <span class='ocr_line' id='line_1_17' title="bbox 29 2034 954 2118; baseline -0.004 -16"><span class='ocrx_word' id='word_1_165' title='bbox 29 2079 37 2112; x_wconf 92' lang='lat'><strong>·.</strong></span> <span class='ocrx_word' id='word_1_166' title='bbox 52 2042 167 2103; x_wconf 84' lang='lat' dir='ltr'><strong>Derrrn</strong></span> <span class='ocrx_word' id='word_1_167' title='bbox 194 2042 382 2118; x_wconf 73' lang='lat' dir='ltr'><strong>agnosceret</strong></span> <span class='ocrx_word' id='word_1_168' title='bbox 404 2055 470 2100; x_wconf 87' lang='lat' dir='ltr'><strong>esse</strong></span> <span class='ocrx_word' id='word_1_169' title='bbox 492 2055 569 2108; x_wconf 85' lang='lat' dir='ltr'><strong>eum,</strong></span> <span class='ocrx_word' id='word_1_170' title='bbox 593 2035 643 2115; x_wconf 91' lang='lat' dir='ltr'><strong>qui</strong></span> <span class='ocrx_word' id='word_1_171' title='bbox 664 2034 695 2097; x_wconf 90' lang='lat' dir='ltr'><strong>in</strong></span> <span class='ocrx_word' id='word_1_172' title='bbox 716 2053 842 2115; x_wconf 91' lang='lat' dir='ltr'><strong>corpore</strong></span> <span class='ocrx_word' id='word_1_173' title='bbox 865 2045 954 2098; x_wconf 86' lang='lat' dir='ltr'><strong>esset</strong></span> 
     </span>
    </p>
   </div>
   <div class='ocr_carea' id='block_1_6' title="bbox 26 2340 1393 2638">
    <p class='ocr_par' dir='ltr' id='par_1_6' title="bbox 26 2340 1393 2638">
     <span class='ocr_line' id='line_1_18' title="bbox 26 2340 1393 2431; baseline -0.001 -23"><span class='ocrx_word' id='word_1_174' title='bbox 26 2422 27 2427; x_wconf 8' lang='grc' dir='ltr'>γ</span> <span class='ocrx_word' id='word_1_175' title='bbox 158 2344 221 2408; x_wconf 78' lang='lat'><strong>⁴20.</strong></span> <span class='ocrx_word' id='word_1_176' title='bbox 270 2343 391 2406; x_wconf 89' lang='lat' dir='ltr'><strong>Planum</strong></span> <span class='ocrx_word' id='word_1_177' title='bbox 414 2343 513 2421; x_wconf 79' lang='lat' dir='ltr'><strong>itaque</strong></span> <span class='ocrx_word' id='word_1_178' title='bbox 535 2349 692 2419; x_wconf 85' lang='lat' dir='ltr'><strong>utrumque</strong></span> <span class='ocrx_word' id='word_1_179' title='bbox 714 2340 811 2412; x_wconf 84' lang='lat' dir='ltr'><strong>luerit,</strong></span> <span class='ocrx_word' id='word_1_180' title='bbox 834 2359 911 2416; x_wconf 90' lang='lat' dir='ltr'><strong>eum,</strong></span> <span class='ocrx_word' id='word_1_181' title='bbox 934 2345 983 2423; x_wconf 90' lang='lat' dir='ltr'><strong>qui</strong></span> <span class='ocrx_word' id='word_1_182' title='bbox 999 2343 1155 2406; x_wconf 84' lang='lat' dir='ltr'><strong>bominum</strong></span> <span class='ocrx_word' id='word_1_183' title='bbox 1176 2341 1393 2431; x_wconf 22' lang='lat' dir='ltr'><strong>videttderurt.</strong></span> 
     </span>
     <span class='ocr_line' id='line_1_19' title="bbox 31 2441 1312 2524; baseline -0.001 -18"><span class='ocrx_word' id='word_1_184' title='bbox 31 2493 44 2513; x_wconf 81' lang='grc'><strong>,.</strong></span> <span class='ocrx_word' id='word_1_185' title='bbox 63 2465 101 2507; x_wconf 86' lang='lat' dir='ltr'><strong>se</strong></span> <span class='ocrx_word' id='word_1_186' title='bbox 128 2445 362 2518; x_wconf 83' lang='lat' dir='ltr'><strong>disserentem,</strong></span> <span class='ocrx_word' id='word_1_187' title='bbox 392 2445 416 2506; x_wconf 87' lang='lat' dir='ltr'><strong>si</strong></span> <span class='ocrx_word' id='word_1_188' title='bbox 441 2451 552 2505; x_wconf 89' lang='lat' dir='ltr'><strong>tantum</strong></span> <span class='ocrx_word' id='word_1_189' title='bbox 576 2441 740 2522; x_wconf 82' lang='lat' dir='ltr'><strong>corporalia</strong></span> <span class='ocrx_word' id='word_1_190' title='bbox 763 2443 826 2504; x_wconf 89' lang='lat' dir='ltr'><strong>cius</strong></span> <span class='ocrx_word' id='word_1_191' title='bbox 849 2454 963 2524; x_wconf 86' lang='lat' dir='ltr'><strong>spectet</strong></span> <span class='ocrx_word' id='word_1_192' title='bbox 984 2454 1014 2507; x_wconf 90' lang='lat' dir='ltr'><strong>et</strong></span> <span class='ocrx_word' id='word_1_193' title='bbox 1034 2463 1095 2508; x_wconf 91' lang='lat' dir='ltr'><strong>non</strong></span> <span class='ocrx_word' id='word_1_194' title='bbox 1117 2443 1241 2505; x_wconf 87' lang='lat' dir='ltr'><strong>credens</strong></span> <span class='ocrx_word' id='word_1_195' title='bbox 1264 2443 1312 2505; x_wconf 88' lang='lat' dir='ltr'><strong>di-</strong></span> 
     </span>
     <span class='ocr_line' id='line_1_20' title="bbox 70 2542 1312 2638; baseline 0 -32"><span class='ocrx_word' id='word_1_196' title='bbox 70 2555 139 2606; x_wconf 82' lang='lat' dir='ltr'><strong>cat:</strong></span> <span class='ocrx_word' id='word_1_197' title='bbox 169 2543 260 2606; x_wconf 81' lang='lat' dir='ltr'><strong>Unde</strong></span> <span class='ocrx_word' id='word_1_198' title='bbox 283 2545 351 2608; x_wconf 85' lang='lat' dir='ltr'><strong>huic</strong></span> <span class='ocrx_word' id='word_1_199' title='bbox 373 2551 432 2608; x_wconf 83' lang='lat' dir='ltr'><strong>ictu</strong></span> <span class='ocrx_word' id='word_1_200' title='bbox 453 2542 627 2627; x_wconf 73' lang='lat' dir='ltr'><strong>supientia?</strong></span> <span class='ocrx_word' id='word_1_201' title='bbox 654 2561 777 2624; x_wconf 84' lang='lat' dir='ltr'><strong>peccare</strong></span> <span class='ocrx_word' id='word_1_202' title='bbox 803 2546 922 2625; x_wconf 85' lang='lat' dir='ltr'><strong>quidem</strong></span> <span class='ocrx_word' id='word_1_203' title='bbox 945 2554 974 2608; x_wconf 89' lang='lat' dir='ltr'><strong>et</strong></span> <span class='ocrx_word' id='word_1_204' title='bbox 989 2555 1132 2638; x_wconf 38' lang='lat' dir='ltr'><strong>&#39;unquam</strong></span> <span class='ocrx_word' id='word_1_205' title='bbox 1155 2546 1186 2606; x_wconf 90' lang='lat' dir='ltr'><strong>in</strong></span> <span class='ocrx_word' id='word_1_206' title='bbox 1206 2545 1312 2607; x_wconf 88' lang='lat' dir='ltr'><strong>Filium</strong></span> 
     </span>
    </p>
   </div>
   <div class='ocr_carea' id='block_1_7' title="bbox 28 2829 1309 4668">
    <p class='ocr_par' dir='ltr' id='par_1_7' title="bbox 28 2829 1309 4668">
     <span class='ocr_line' id='line_1_21' title="bbox 72 2829 1309 2902; baseline 0.002 -20"><span class='ocrx_word' id='word_1_207' title='bbox 72 2833 138 2882; x_wconf 76' lang='lat' dir='ltr'><strong>narii</strong></span> <span class='ocrx_word' id='word_1_208' title='bbox 160 2831 193 2880; x_wconf 90' lang='lat' dir='ltr'><strong>ad</strong></span> <span class='ocrx_word' id='word_1_209' title='bbox 219 2845 291 2882; x_wconf 82' lang='lat' dir='ltr'><strong>suunt</strong></span> <span class='ocrx_word' id='word_1_210' title='bbox 319 2845 400 2884; x_wconf 85' lang='lat' dir='ltr'><strong>aeram</strong></span> <span class='ocrx_word' id='word_1_211' title='bbox 418 2836 573 2902; x_wconf 67' lang='lat' dir='ltr'><strong>Aegyptiacae</strong></span> <span class='ocrx_word' id='word_1_212' title='bbox 590 2834 673 2885; x_wconf 82' lang='lat' dir='ltr'><strong>Eccle-</strong></span> <span class='ocrx_word' id='word_1_213' title='bbox 723 2850 775 2885; x_wconf 88' lang='lat' dir='ltr'><strong>ram</strong></span> <span class='ocrx_word' id='word_1_214' title='bbox 800 2836 934 2885; x_wconf 86' lang='lat' dir='ltr'><strong>Editionem</strong></span> <span class='ocrx_word' id='word_1_215' title='bbox 959 2829 1016 2898; x_wconf 88' lang='lat' dir='ltr'><strong>[llil.</strong></span> <span class='ocrx_word' id='word_1_216' title='bbox 1037 2833 1123 2884; x_wconf 84' lang='lat' dir='ltr'><strong>Pictar.</strong></span> <span class='ocrx_word' id='word_1_217' title='bbox 1149 2834 1211 2900; x_wconf 89' lang='lat' dir='ltr'><strong>Opp.</strong></span> <span class='ocrx_word' id='word_1_218' title='bbox 1234 2834 1309 2884; x_wconf 83' lang='lat' dir='ltr'><strong>Paris.</strong></span> 
     </span>
     <span class='ocr_line' id='line_1_22' title="bbox 71 2895 1202 2982; baseline 0 -32"><span class='ocrx_word' id='word_1_219' title='bbox 71 2902 127 2950; x_wconf 87' lang='lat' dir='ltr'><strong>siae</strong></span> <span class='ocrx_word' id='word_1_220' title='bbox 148 2899 279 2949; x_wconf 89' lang='lat' dir='ltr'><strong>immutata</strong></span> <span class='ocrx_word' id='word_1_221' title='bbox 304 2901 364 2952; x_wconf 84' lang='lat' dir='ltr'><strong>lidos</strong></span> <span class='ocrx_word' id='word_1_222' title='bbox 390 2910 433 2951; x_wconf 83' lang='lat' dir='ltr'><strong>eet.</strong></span> <span class='ocrx_word' id='word_1_223' title='bbox 468 2904 553 2952; x_wconf 77' lang='lat' dir='ltr'><strong>lerum</strong></span> <span class='ocrx_word' id='word_1_224' title='bbox 578 2917 631 2952; x_wconf 89' lang='lat' dir='ltr'><strong>curn</strong></span> <span class='ocrx_word' id='word_1_225' title='bbox 649 2903 672 2953; x_wconf 92' lang='lat' dir='ltr'><strong>id</strong></span> <span class='ocrx_word' id='word_1_226' title='bbox 725 2900 812 2964; x_wconf 73' lang='lat' dir='ltr'><strong>tuba]</strong></span> <span class='ocrx_word' id='word_1_227' title='bbox 831 2917 895 2951; x_wconf 89' lang='lat' dir='ltr'><strong>nom.</strong></span> <span class='ocrx_word' id='word_1_228' title='bbox 911 2901 951 2950; x_wconf 77' lang='lat' dir='ltr'><strong>at.</strong></span> <span class='ocrx_word' id='word_1_229' title='bbox 970 2908 993 2950; x_wconf 91' lang='lat' dir='ltr'><strong>et</strong></span> <span class='ocrx_word' id='word_1_230' title='bbox 1010 2901 1174 2982; x_wconf 64' lang='lat' dir='ltr'><strong>sequentihus.</strong></span> <span class='ocrx_word' id='word_1_231' title='bbox 1200 2895 1202 2904; x_wconf 60' lang='lat'><strong>¹</strong></span> 
     </span>
     <span class='ocr_line' id='line_1_23' title="bbox 75 2960 1214 3038; baseline 0 -21"><span class='ocrx_word' id='word_1_232' title='bbox 75 2977 195 3018; x_wconf 86' lang='lat' dir='ltr'><strong>notarum</strong></span> <span class='ocrx_word' id='word_1_233' title='bbox 215 2967 331 3019; x_wconf 87' lang='lat' dir='ltr'><strong>harumce</strong></span> <span class='ocrx_word' id='word_1_234' title='bbox 350 2971 451 3020; x_wconf 75' lang='lat' dir='ltr'><strong>brevitas</strong></span> <span class='ocrx_word' id='word_1_235' title='bbox 474 2985 522 3021; x_wconf 86' lang='lat' dir='ltr'><strong>non</strong></span> <span class='ocrx_word' id='word_1_236' title='bbox 548 2973 623 3028; x_wconf 81' lang='lat' dir='ltr'><strong>lerat,</strong></span> <span class='ocrx_word' id='word_1_237' title='bbox 650 2978 673 3018; x_wconf 81' lang='lat' dir='ltr'><strong>rt</strong></span> <span class='ocrx_word' id='word_1_238' title='bbox 757 2986 777 3018; x_wconf 87' lang='lat' dir='ltr'><strong>a.</strong></span> <span class='ocrx_word' id='word_1_239' title='bbox 798 2971 855 3031; x_wconf 69' lang='lat' dir='ltr'><strong>tter.</strong></span> <span class='ocrx_word' id='word_1_240' title='bbox 874 2975 897 3018; x_wconf 84' lang='lat' dir='ltr'><strong>et</strong></span> <span class='ocrx_word' id='word_1_241' title='bbox 915 2970 1013 3030; x_wconf 74' lang='lat' dir='ltr'><strong>Segunr.</strong></span> <span class='ocrx_word' id='word_1_242' title='bbox 1032 2981 1070 3022; x_wconf 77' lang='lat' dir='ltr'><strong>arr</strong></span> <span class='ocrx_word' id='word_1_243' title='bbox 1087 2960 1214 3038; x_wconf 76' lang='grc' dir='ltr'><strong>οὐρανόν.</strong></span> 
     </span>
     <span class='ocr_line' id='line_1_24' title="bbox 74 3035 1308 3117; baseline 0 -31"><span class='ocrx_word' id='word_1_244' title='bbox 74 3035 172 3100; x_wconf 81' lang='lat' dir='ltr'><strong>alioqui</strong></span> <span class='ocrx_word' id='word_1_245' title='bbox 191 3037 338 3098; x_wconf 75' lang='lat' dir='ltr'><strong>saepissime</strong></span> <span class='ocrx_word' id='word_1_246' title='bbox 347 3051 387 3088; x_wconf 82' lang='lat' dir='ltr'><strong>res</strong></span> <span class='ocrx_word' id='word_1_247' title='bbox 402 3039 487 3099; x_wconf 72' lang='lat' dir='ltr'><strong>agitata</strong></span> <span class='ocrx_word' id='word_1_248' title='bbox 500 3039 579 3095; x_wconf 84' lang='lat' dir='ltr'><strong>luerit,</strong></span> <span class='ocrx_word' id='word_1_249' title='bbox 599 3053 671 3087; x_wconf 89' lang='lat' dir='ltr'><strong>unum</strong></span> <span class='ocrx_word' id='word_1_250' title='bbox 756 3038 780 3086; x_wconf 92' lang='lat' dir='ltr'><strong>h.</strong></span> <span class='ocrx_word' id='word_1_251' title='bbox 799 3039 839 3086; x_wconf 89' lang='lat' dir='ltr'><strong>Sic</strong></span> <span class='ocrx_word' id='word_1_252' title='bbox 852 3038 908 3117; x_wconf 67' lang='lat' dir='ltr'><strong>hag.</strong></span> <span class='ocrx_word' id='word_1_253' title='bbox 919 3037 1017 3100; x_wconf 77' lang='lat' dir='ltr'><strong>Seguer.</strong></span> <span class='ocrx_word' id='word_1_254' title='bbox 1030 3037 1128 3089; x_wconf 82' lang='lat' dir='ltr'><strong>Gohter.</strong></span> <span class='ocrx_word' id='word_1_255' title='bbox 1138 3045 1161 3087; x_wconf 82' lang='lat' dir='ltr'><strong>et</strong></span> <span class='ocrx_word' id='word_1_256' title='bbox 1170 3037 1274 3086; x_wconf 72' lang='lat' dir='ltr'><strong>ielelm.</strong></span> <span class='ocrx_word' id='word_1_257' title='bbox 1287 3037 1308 3086; x_wconf 92' lang='lat' dir='ltr'><strong>l.</strong></span> 
     </span>
     <span class='ocr_line' id='line_1_25' title="bbox 28 3097 1308 3222; baseline 0.001 -69"><span class='ocrx_word' id='word_1_258' title='bbox 28 3161 30 3168; x_wconf 21' lang='grc' dir='ltr'><strong><em>Α</em></strong></span> <span class='ocrx_word' id='word_1_259' title='bbox 75 3105 214 3154; x_wconf 82' lang='lat' dir='ltr'><strong>alterumve</strong></span> <span class='ocrx_word' id='word_1_260' title='bbox 241 3105 344 3154; x_wconf 80' lang='lat' dir='ltr'><strong>sirllrriat</strong></span> <span class='ocrx_word' id='word_1_261' title='bbox 373 3119 400 3155; x_wconf 84' lang='lat' dir='ltr'><strong>ex</strong></span> <span class='ocrx_word' id='word_1_262' title='bbox 424 3107 516 3158; x_wconf 82' lang='lat' dir='ltr'><strong>leidoro</strong></span> <span class='ocrx_word' id='word_1_263' title='bbox 540 3119 671 3222; x_wconf 52' lang='lat' dir='ltr'><strong>apponere.</strong></span> <span class='ocrx_word' id='word_1_264' title='bbox 721 3104 783 3154; x_wconf 86' lang='lat' dir='ltr'><strong>Editi</strong></span> <span class='ocrx_word' id='word_1_265' title='bbox 801 3120 857 3154; x_wconf 82' lang='lat' dir='ltr'><strong>roro</strong></span> <span class='ocrx_word' id='word_1_266' title='bbox 881 3098 947 3174; x_wconf 74' lang='grc' dir='ltr'><strong>νπὲρ</strong></span> <span class='ocrx_word' id='word_1_267' title='bbox 972 3102 1020 3152; x_wconf 79' lang='lat' dir='ltr'><strong>rori</strong></span> <span class='ocrx_word' id='word_1_268' title='bbox 1037 3099 1141 3171; x_wconf 80' lang='grc' dir='ltr'><strong><em>κόσμου</em></strong></span> <span class='ocrx_word' id='word_1_269' title='bbox 1159 3097 1308 3164; x_wconf 68' lang='grc' dir='ltr'><em>δοθήσεται</em></span> 
     </span>
     <span class='ocr_line' id='line_1_26' title="bbox 29 3167 1038 3239; baseline 0 -17"><span class='ocrx_word' id='word_1_270' title='bbox 29 3185 40 3239; x_wconf 55' lang='lat'><strong>¹,</strong></span> <span class='ocrx_word' id='word_1_271' title='bbox 79 3173 189 3222; x_wconf 81' lang='lat' dir='ltr'><strong>Primum</strong></span> <span class='ocrx_word' id='word_1_272' title='bbox 210 3185 239 3221; x_wconf 86' lang='lat' dir='ltr'><strong>rx</strong></span> <span class='ocrx_word' id='word_1_273' title='bbox 257 3172 332 3223; x_wconf 83' lang='lat' dir='ltr'><strong>lihl.</strong></span> <span class='ocrx_word' id='word_1_274' title='bbox 350 3173 426 3238; x_wconf 85' lang='lat' dir='ltr'><strong>Epist.</strong></span> <span class='ocrx_word' id='word_1_275' title='bbox 441 3167 551 3224; x_wconf 66' lang='lat' dir='ltr'><strong>lubrici</strong></span> <span class='ocrx_word' id='word_1_276' title='bbox 582 3167 673 3231; x_wconf 74' lang='lat' dir='ltr'><strong>nitria</strong></span> <span class='ocrx_word' id='word_1_277' title='bbox 720 3167 1038 3237; x_wconf 75' lang='lat' dir='ltr'><strong>rporpriornisaiarnnltir.</strong></span> 
     </span>
     <span class='ocr_line' id='line_1_27' title="bbox 77 3232 1304 3320; baseline 0.001 -33"><span class='ocrx_word' id='word_1_278' title='bbox 77 3234 217 3306; x_wconf 70' lang='grc' dir='ltr'><strong>τραπέζης</strong></span> <span class='ocrx_word' id='word_1_279' title='bbox 240 3239 288 3300; x_wconf 70' lang='grc' dir='ltr'><strong>τῆς</strong></span> <span class='ocrx_word' id='word_1_280' title='bbox 303 3239 436 3306; x_wconf 73' lang='grc' dir='ltr'><strong>μυστικῆς</strong></span> <span class='ocrx_word' id='word_1_281' title='bbox 453 3236 502 3288; x_wconf 81' lang='grc' dir='ltr'><strong>τὸν</strong></span> <span class='ocrx_word' id='word_1_282' title='bbox 520 3232 605 3320; x_wconf 63' lang='grc' dir='ltr'><em>ἄρτον</em></span> <span class='ocrx_word' id='word_1_283' title='bbox 622 3233 672 3287; x_wconf 80' lang='grc' dir='ltr'><strong>τὸν</strong></span> <span class='ocrx_word' id='word_1_284' title='bbox 755 3257 776 3290; x_wconf 88' lang='lat' dir='ltr'><strong>c.</strong></span> <span class='ocrx_word' id='word_1_285' title='bbox 796 3240 893 3292; x_wconf 82' lang='lat' dir='ltr'><strong>Gohlar,</strong></span> <span class='ocrx_word' id='word_1_286' title='bbox 912 3249 936 3291; x_wconf 87' lang='lat' dir='ltr'><strong>et</strong></span> <span class='ocrx_word' id='word_1_287' title='bbox 954 3241 1057 3292; x_wconf 81' lang='lat' dir='ltr'><strong>Felclm.</strong></span> <span class='ocrx_word' id='word_1_288' title='bbox 1069 3241 1091 3292; x_wconf 90' lang='lat' dir='ltr'><strong>l.</strong></span> <span class='ocrx_word' id='word_1_289' title='bbox 1109 3239 1304 3306; x_wconf 70' lang='grc' dir='ltr'><strong><em>πνευματικαῖς.</em></strong></span> 
     </span>
     <span class='ocr_line' id='line_1_28' title="bbox 44 3299 1306 3374; baseline 0.002 -18"><span class='ocrx_word' id='word_1_290' title='bbox 44 3313 48 3320; x_wconf 88' lang='grc'><strong>’</strong></span> <span class='ocrx_word' id='word_1_291' title='bbox 77 3300 184 3362; x_wconf 80' lang='grc' dir='ltr'>κοινὸν,</span> <span class='ocrx_word' id='word_1_292' title='bbox 206 3305 288 3373; x_wconf 79' lang='grc' dir='ltr'><strong><em>σῶμα</em></strong></span> <span class='ocrx_word' id='word_1_293' title='bbox 308 3301 395 3357; x_wconf 78' lang='grc' dir='ltr'><strong>ι’δικὸν</strong></span> <span class='ocrx_word' id='word_1_294' title='bbox 412 3307 460 3368; x_wconf 81' lang='grc' dir='ltr'><strong>τῆς</strong></span> <span class='ocrx_word' id='word_1_295' title='bbox 472 3299 555 3356; x_wconf 70' lang='lat' dir='ltr'><strong>cirron</strong></span> <span class='ocrx_word' id='word_1_296' title='bbox 568 3299 671 3374; x_wconf 75' lang='lat' dir='ltr'><strong>capaci·</strong></span> <span class='ocrx_word' id='word_1_297' title='bbox 720 3307 776 3369; x_wconf 70' lang='lat' dir='ltr'><strong>Reg.</strong></span> <span class='ocrx_word' id='word_1_298' title='bbox 789 3317 812 3357; x_wconf 83' lang='lat' dir='ltr'><strong>et</strong></span> <span class='ocrx_word' id='word_1_299' title='bbox 822 3309 921 3370; x_wconf 72' lang='lat' dir='ltr'><strong>Seguer.</strong></span> <span class='ocrx_word' id='word_1_300' title='bbox 932 3305 1130 3374; x_wconf 76' lang='grc' dir='ltr'><strong>πνευματικῶν,</strong></span> <span class='ocrx_word' id='word_1_301' title='bbox 1151 3309 1229 3357; x_wconf 86' lang='lat' dir='ltr'><strong>minus</strong></span> <span class='ocrx_word' id='word_1_302' title='bbox 1242 3319 1306 3358; x_wconf 84' lang='lat' dir='ltr'><strong>rectu</strong></span> 
     </span>
     <span class='ocr_line' id='line_1_29' title="bbox 81 3368 1306 3442; baseline 0.002 -18"><span class='ocrx_word' id='word_1_303' title='bbox 81 3389 152 3429; x_wconf 79' lang='lat' dir='ltr'><strong>catut·</strong></span> <span class='ocrx_word' id='word_1_304' title='bbox 169 3368 338 3442; x_wconf 61' lang='grc' dir='ltr'><strong><em>ἀποφαῖνοκ</em></strong></span> <span class='ocrx_word' id='word_1_305' title='bbox 382 3378 409 3427; x_wconf 81' lang='lat' dir='ltr'><strong>Et</strong></span> <span class='ocrx_word' id='word_1_306' title='bbox 433 3379 458 3427; x_wconf 81' lang='lat' dir='ltr'><strong>in</strong></span> <span class='ocrx_word' id='word_1_307' title='bbox 473 3377 570 3440; x_wconf 71' lang='lat' dir='ltr'><strong>Martiae</strong></span> <span class='ocrx_word' id='word_1_308' title='bbox 592 3391 672 3426; x_wconf 73' lang='lat' dir='ltr'><strong>morra</strong></span> <span class='ocrx_word' id='word_1_309' title='bbox 720 3377 743 3424; x_wconf 92' lang='lat' dir='ltr'><strong>ni</strong></span> <span class='ocrx_word' id='word_1_310' title='bbox 763 3376 843 3427; x_wconf 91' lang='lat' dir='ltr'><strong>lallor.</strong></span> <span class='ocrx_word' id='word_1_311' title='bbox 884 3377 943 3428; x_wconf 86' lang='lat' dir='ltr'><strong>lbid.</strong></span> <span class='ocrx_word' id='word_1_312' title='bbox 962 3377 1018 3439; x_wconf 79' lang='lat' dir='ltr'><strong>lleg.</strong></span> <span class='ocrx_word' id='word_1_313' title='bbox 1042 3379 1142 3439; x_wconf 75' lang='lat' dir='ltr'><strong>Segner.</strong></span> <span class='ocrx_word' id='word_1_314' title='bbox 1167 3376 1263 3426; x_wconf 85' lang='lat' dir='ltr'><strong>Gohler.</strong></span> <span class='ocrx_word' id='word_1_315' title='bbox 1282 3385 1306 3427; x_wconf 86' lang='lat' dir='ltr'><strong>ct</strong></span> 
     </span>
     <span class='ocr_line' id='line_1_30' title="bbox 80 3435 1253 3510; baseline -0.004 -14"><span class='ocrx_word' id='word_1_316' title='bbox 80 3460 222 3496; x_wconf 81' lang='lat' dir='ltr'><strong>communem</strong></span> <span class='ocrx_word' id='word_1_317' title='bbox 252 3461 334 3509; x_wconf 78' lang='lat' dir='ltr'><strong>porram</strong></span> <span class='ocrx_word' id='word_1_318' title='bbox 358 3448 477 3510; x_wconf 86' lang='lat' dir='ltr'><strong>proprium</strong></span> <span class='ocrx_word' id='word_1_319' title='bbox 501 3445 670 3496; x_wconf 77' lang='lat' dir='ltr'><strong>incorrutionis</strong></span> <span class='ocrx_word' id='word_1_320' title='bbox 720 3444 824 3494; x_wconf 71' lang='lat' dir='ltr'><strong>heloim.</strong></span> <span class='ocrx_word' id='word_1_321' title='bbox 840 3444 862 3494; x_wconf 92' lang='lat' dir='ltr'><strong>l.</strong></span> <span class='ocrx_word' id='word_1_322' title='bbox 882 3435 955 3498; x_wconf 76' lang='lat' dir='ltr'><strong>oi&#39;rrr.</strong></span> <span class='ocrx_word' id='word_1_323' title='bbox 998 3445 1059 3494; x_wconf 78' lang='lat' dir='ltr'><strong>liditi</strong></span> <span class='ocrx_word' id='word_1_324' title='bbox 1078 3453 1102 3494; x_wconf 87' lang='lat' dir='ltr'><strong>et</strong></span> <span class='ocrx_word' id='word_1_325' title='bbox 1118 3445 1191 3494; x_wconf 83' lang='lat' dir='ltr'><strong>ceteri</strong></span> <span class='ocrx_word' id='word_1_326' title='bbox 1208 3436 1253 3498; x_wconf 74' lang='lat' dir='ltr'><strong>air.</strong></span> 
     </span>
     <span class='ocr_line' id='line_1_31' title="bbox 82 3503 1244 3578; baseline -0.006 -14"><span class='ocrx_word' id='word_1_327' title='bbox 82 3529 162 3578; x_wconf 81' lang='lat' dir='ltr'><strong>corpur</strong></span> <span class='ocrx_word' id='word_1_328' title='bbox 180 3515 264 3563; x_wconf 84' lang='lat' dir='ltr'><strong>reddat</strong></span> <span class='ocrx_word' id='word_1_329' title='bbox 282 3515 395 3578; x_wconf 83' lang='lat' dir='ltr'><strong>(Spiritus</strong></span> <span class='ocrx_word' id='word_1_330' title='bbox 413 3513 448 3572; x_wconf 71' lang='lat' dir='ltr'><strong>S.)</strong></span> <span class='ocrx_word' id='word_1_331' title='bbox 484 3514 513 3563; x_wconf 81' lang='lat' dir='ltr'><strong>ut</strong></span> <span class='ocrx_word' id='word_1_332' title='bbox 531 3513 572 3563; x_wconf 91' lang='lat' dir='ltr'><strong>lih.</strong></span> <span class='ocrx_word' id='word_1_333' title='bbox 587 3513 606 3561; x_wconf 88' lang='lat' dir='ltr'><strong>l.</strong></span> <span class='ocrx_word' id='word_1_334' title='bbox 624 3513 669 3574; x_wconf 85' lang='lat' dir='ltr'><strong>Ep.</strong></span> <span class='ocrx_word' id='word_1_335' title='bbox 753 3512 775 3561; x_wconf 92' lang='lat' dir='ltr'><strong>d.</strong></span> <span class='ocrx_word' id='word_1_336' title='bbox 796 3513 893 3562; x_wconf 85' lang='lat' dir='ltr'><strong>Gobler.</strong></span> <span class='ocrx_word' id='word_1_337' title='bbox 911 3521 935 3562; x_wconf 88' lang='lat' dir='ltr'><strong>et</strong></span> <span class='ocrx_word' id='word_1_338' title='bbox 953 3511 1055 3564; x_wconf 82' lang='lat' dir='ltr'><strong>Felclnr.</strong></span> <span class='ocrx_word' id='word_1_339' title='bbox 1075 3513 1097 3562; x_wconf 92' lang='lat' dir='ltr'><strong>l.</strong></span> <span class='ocrx_word' id='word_1_340' title='bbox 1115 3503 1244 3576; x_wconf 80' lang='grc' dir='ltr'><strong><em>ἰφὲλκων.</em></strong></span> 
     </span>
     <span class='ocr_line' id='line_1_32' title="bbox 30 3571 1305 3647; baseline -0.001 -16"><span class='ocrx_word' id='word_1_341' title='bbox 30 3637 33 3644; x_wconf 50' lang='grc'><em>,</em></span> <span class='ocrx_word' id='word_1_342' title='bbox 85 3581 141 3631; x_wconf 76' lang='grc'>123.</span> <span class='ocrx_word' id='word_1_343' title='bbox 160 3573 236 3647; x_wconf 76' lang='grc' dir='ltr'><strong><em>ἡμεῖς</em></strong></span> <span class='ocrx_word' id='word_1_344' title='bbox 252 3573 297 3629; x_wconf 75' lang='lat' dir='ltr'><strong>tut</strong></span> <span class='ocrx_word' id='word_1_345' title='bbox 315 3574 441 3635; x_wconf 60' lang='lat' dir='ltr'><strong>recture</strong></span> <span class='ocrx_word' id='word_1_346' title='bbox 457 3574 507 3628; x_wconf 78' lang='grc' dir='ltr'><strong>τὸν</strong></span> <span class='ocrx_word' id='word_1_347' title='bbox 524 3571 669 3646; x_wconf 54' lang='lat' dir='ltr'><strong>&amp;panaria</strong></span> <span class='ocrx_word' id='word_1_348' title='bbox 753 3595 775 3631; x_wconf 89' lang='lat' dir='ltr'><strong>e.</strong></span> <span class='ocrx_word' id='word_1_349' title='bbox 793 3581 834 3630; x_wconf 88' lang='lat' dir='ltr'><strong>Sic</strong></span> <span class='ocrx_word' id='word_1_350' title='bbox 858 3581 915 3643; x_wconf 76' lang='lat' dir='ltr'><strong>lleg.</strong></span> <span class='ocrx_word' id='word_1_351' title='bbox 941 3571 1086 3642; x_wconf 71' lang='lat' dir='ltr'><strong>ct‘Seguer.</strong></span> <span class='ocrx_word' id='word_1_352' title='bbox 1115 3574 1166 3628; x_wconf 77' lang='grc' dir='ltr'><strong>τόν</strong></span> <span class='ocrx_word' id='word_1_353' title='bbox 1189 3580 1256 3630; x_wconf 84' lang='lat' dir='ltr'><strong>deest</strong></span> <span class='ocrx_word' id='word_1_354' title='bbox 1281 3581 1305 3630; x_wconf 91' lang='lat' dir='ltr'><strong>in</strong></span> 
     </span>
     <span class='ocr_line' id='line_1_33' title="bbox 82 3641 1305 3784; baseline -0.001 -19"><span class='ocrx_word' id='word_1_355' title='bbox 82 3641 434 3784; x_wconf 64' lang='lat' dir='ltr'><strong>tttti‘tt’tttitttt</strong></span> <span class='ocrx_word' id='word_1_356' title='bbox 456 3645 667 3782; x_wconf 65' lang='lat' dir='ltr'><strong>“ltttttttl</strong></span> <span class='ocrx_word' id='word_1_357' title='bbox 717 3648 831 3782; x_wconf 58' lang='lat' dir='ltr'><strong>altpt</strong></span> <span class='ocrx_word' id='word_1_358' title='bbox 847 3647 910 3781; x_wconf 63' lang='lat' dir='ltr'><strong>{iii</strong></span> <span class='ocrx_word' id='word_1_359' title='bbox 926 3648 1305 3784; x_wconf 59' lang='lat' dir='ltr'><strong>,ittlttt‘ltttttitt‘t</strong></span> 
     </span>
     <span class='ocr_line' id='line_1_34' title="bbox 87 3776 1305 3850; baseline -0.003 -16"><span class='ocrx_word' id='word_1_360' title='bbox 87 3787 566 3850; x_wconf 74' lang='lat' dir='ltr'><strong>ttrntrpareminstrtreercurtttrmter,</strong></span> <span class='ocrx_word' id='word_1_361' title='bbox 584 3785 668 3834; x_wconf 79' lang='lat' dir='ltr'><strong>Christi</strong></span> <span class='ocrx_word' id='word_1_362' title='bbox 717 3782 824 3849; x_wconf 77' lang='grc' dir='ltr'><strong><em>πνεῦμα</em></strong></span> <span class='ocrx_word' id='word_1_363' title='bbox 841 3776 1002 3848; x_wconf 56' lang='lat' dir='ltr'><strong>operentur.</strong></span> <span class='ocrx_word' id='word_1_364' title='bbox 1030 3783 1091 3833; x_wconf 85' lang='lat' dir='ltr'><strong>Editi</strong></span> <span class='ocrx_word' id='word_1_365' title='bbox 1106 3792 1129 3834; x_wconf 84' lang='lat' dir='ltr'><strong>et</strong></span> <span class='ocrx_word' id='word_1_366' title='bbox 1144 3784 1183 3832; x_wconf 83' lang='lat' dir='ltr'><strong>alii</strong></span> <span class='ocrx_word' id='word_1_367' title='bbox 1197 3781 1305 3849; x_wconf 80' lang='grc' dir='ltr'><strong><em>πνεῦμα</em></strong></span> 
     </span>
     <span class='ocr_line' id='line_1_35' title="bbox 87 3843 1305 3918; baseline -0.004 -13"><span class='ocrx_word' id='word_1_368' title='bbox 87 3869 166 3918; x_wconf 82' lang='lat' dir='ltr'><strong>corpur</strong></span> <span class='ocrx_word' id='word_1_369' title='bbox 184 3855 233 3902; x_wconf 80' lang='lat' dir='ltr'><strong>riae</strong></span> <span class='ocrx_word' id='word_1_370' title='bbox 252 3853 393 3902; x_wconf 81' lang='lat' dir='ltr'><strong>dubitatione</strong></span> <span class='ocrx_word' id='word_1_371' title='bbox 407 3855 540 3916; x_wconf 82' lang='lat' dir='ltr'><strong>reperimur.</strong></span> <span class='ocrx_word' id='word_1_372' title='bbox 576 3853 669 3910; x_wconf 84' lang='lat' dir='ltr'><strong>Quibus</strong></span> <span class='ocrx_word' id='word_1_373' title='bbox 718 3843 863 3918; x_wconf 75' lang='lat' dir='ltr'><strong>npoaoirrou</strong></span> <span class='ocrx_word' id='word_1_374' title='bbox 881 3859 905 3900; x_wconf 87' lang='lat' dir='ltr'><strong>ct</strong></span> <span class='ocrx_word' id='word_1_375' title='bbox 916 3853 1065 3902; x_wconf 80' lang='lat' dir='ltr'><strong>sicGrarcus</strong></span> <span class='ocrx_word' id='word_1_376' title='bbox 1076 3851 1209 3900; x_wconf 84' lang='lat' dir='ltr'><strong>llicremiae</strong></span> <span class='ocrx_word' id='word_1_377' title='bbox 1220 3859 1305 3901; x_wconf 80' lang='lat' dir='ltr'><strong>tortus.</strong></span> 
     </span>
     <span class='ocr_line' id='line_1_36' title="bbox 28 3914 1304 3989; baseline -0.001 -20"><span class='ocrx_word' id='word_1_378' title='bbox 28 3979 32 3989; x_wconf 28' lang='grc' dir='ltr'>ι</span> <span class='ocrx_word' id='word_1_379' title='bbox 89 3921 144 3985; x_wconf 78' lang='lat' dir='ltr'><strong>quid</strong></span> <span class='ocrx_word' id='word_1_380' title='bbox 160 3914 286 3982; x_wconf 72' lang='lat' dir='ltr'><strong>apertius?</strong></span> <span class='ocrx_word' id='word_1_381' title='bbox 310 3965 315 3977; x_wconf 80' lang='grc'>,</span> <span class='ocrx_word' id='word_1_382' title='bbox 753 3919 770 3967; x_wconf 90' lang='lat' dir='ltr'><strong>l.</strong></span> <span class='ocrx_word' id='word_1_383' title='bbox 789 3919 829 3966; x_wconf 88' lang='lat' dir='ltr'><strong>Sic</strong></span> <span class='ocrx_word' id='word_1_384' title='bbox 847 3917 903 3967; x_wconf 85' lang='lat' dir='ltr'><strong>editi</strong></span> <span class='ocrx_word' id='word_1_385' title='bbox 921 3925 944 3967; x_wconf 85' lang='lat' dir='ltr'><strong>et</strong></span> <span class='ocrx_word' id='word_1_386' title='bbox 962 3918 1058 3982; x_wconf 85' lang='lat' dir='ltr'><strong>quidam</strong></span> <span class='ocrx_word' id='word_1_387' title='bbox 1077 3918 1229 3978; x_wconf 83' lang='lat' dir='ltr'><strong>reddrecte,</strong></span> <span class='ocrx_word' id='word_1_388' title='bbox 1248 3919 1304 3980; x_wconf 66' lang='lat' dir='ltr'><strong>lira.</strong></span> 
     </span>
     <span class='ocr_line' id='line_1_37' title="bbox 28 3978 1303 4046; baseline -0.002 -10"><span class='ocrx_word' id='word_1_389' title='bbox 28 4000 29 4004; x_wconf 51' lang='lat'>¹</span> <span class='ocrx_word' id='word_1_390' title='bbox 122 3989 193 4036; x_wconf 83' lang='lat' dir='ltr'><strong>Porro</strong></span> <span class='ocrx_word' id='word_1_391' title='bbox 211 3985 290 4034; x_wconf 82' lang='lat' dir='ltr'><strong>minus</strong></span> <span class='ocrx_word' id='word_1_392' title='bbox 307 3993 372 4036; x_wconf 83' lang='lat' dir='ltr'><strong>recte</strong></span> <span class='ocrx_word' id='word_1_393' title='bbox 386 3983 455 4035; x_wconf 86' lang='lat' dir='ltr'><strong>Card.</strong></span> <span class='ocrx_word' id='word_1_394' title='bbox 466 3985 594 4034; x_wconf 81' lang='lat' dir='ltr'><strong>Perrnniua</strong></span> <span class='ocrx_word' id='word_1_395' title='bbox 605 3985 669 4034; x_wconf 89' lang='lat' dir='ltr'><strong>hunc</strong></span> <span class='ocrx_word' id='word_1_396' title='bbox 718 3999 774 4035; x_wconf 81' lang='lat' dir='ltr'><strong>uero</strong></span> <span class='ocrx_word' id='word_1_397' title='bbox 793 3985 892 4045; x_wconf 79' lang='lat' dir='ltr'><strong>Srgnar.</strong></span> <span class='ocrx_word' id='word_1_398' title='bbox 911 3985 1007 4034; x_wconf 79' lang='lat' dir='ltr'><strong>Gohler.</strong></span> <span class='ocrx_word' id='word_1_399' title='bbox 1027 3993 1051 4034; x_wconf 89' lang='lat' dir='ltr'><strong>et</strong></span> <span class='ocrx_word' id='word_1_400' title='bbox 1068 3985 1173 4035; x_wconf 82' lang='lat' dir='ltr'><strong>l&#39;elclm.</strong></span> <span class='ocrx_word' id='word_1_401' title='bbox 1192 3986 1212 4036; x_wconf 91' lang='lat' dir='ltr'><strong>l.</strong></span> <span class='ocrx_word' id='word_1_402' title='bbox 1230 3978 1258 4034; x_wconf 76' lang='lat' dir='ltr'><strong>iat</strong></span> <span class='ocrx_word' id='word_1_403' title='bbox 1270 3980 1303 4046; x_wconf 74' lang='lat' dir='ltr'><strong>dri</strong></span> 
     </span>
     <span class='ocr_line' id='line_1_38' title="bbox 90 4041 1305 4114; baseline -0.002 -11"><span class='ocrx_word' id='word_1_404' title='bbox 90 4053 220 4103; x_wconf 77' lang='lat' dir='ltr'><strong>Tractatum</strong></span> <span class='ocrx_word' id='word_1_405' title='bbox 244 4053 371 4102; x_wconf 75' lang='lat' dir='ltr'><strong>Athanasio</strong></span> <span class='ocrx_word' id='word_1_406' title='bbox 396 4051 551 4102; x_wconf 82' lang='lat' dir='ltr'><strong>abiudicavit:</strong></span> <span class='ocrx_word' id='word_1_407' title='bbox 580 4067 608 4102; x_wconf 81' lang='lat' dir='ltr'><strong>ex</strong></span> <span class='ocrx_word' id='word_1_408' title='bbox 631 4053 668 4102; x_wconf 86' lang='lat' dir='ltr'><strong>his</strong></span> <span class='ocrx_word' id='word_1_409' title='bbox 718 4045 817 4100; x_wconf 77' lang='grc' dir='ltr'><em>τούτου</em></span> <span class='ocrx_word' id='word_1_410' title='bbox 843 4045 926 4110; x_wconf 77' lang='grc' dir='ltr'><strong><em>δῆλον</em></strong></span> <span class='ocrx_word' id='word_1_411' title='bbox 948 4041 983 4099; x_wconf 81' lang='grc' dir='ltr'><strong>ἂν</strong></span> <span class='ocrx_word' id='word_1_412' title='bbox 1006 4043 1045 4112; x_wconf 73' lang='grc' dir='ltr'><strong>εἴη</strong></span> <span class='ocrx_word' id='word_1_413' title='bbox 1074 4045 1171 4101; x_wconf 81' lang='grc' dir='ltr'><em>λοιπὸν</em></span> <span class='ocrx_word' id='word_1_414' title='bbox 1199 4048 1305 4114; x_wconf 69' lang='grc' dir='ltr'><strong>(λοιπὸν</strong></span> 
     </span>
     <span class='ocr_line' id='line_1_39' title="bbox 93 4119 1303 4184; baseline -0.002 -14"><span class='ocrx_word' id='word_1_415' title='bbox 93 4122 165 4180; x_wconf 90' lang='lat' dir='ltr'><strong>enim,</strong></span> <span class='ocrx_word' id='word_1_416' title='bbox 191 4135 250 4184; x_wconf 82' lang='lat' dir='ltr'><strong>quae</strong></span> <span class='ocrx_word' id='word_1_417' title='bbox 273 4119 296 4169; x_wconf 91' lang='lat' dir='ltr'><strong>in</strong></span> <span class='ocrx_word' id='word_1_418' title='bbox 320 4121 408 4170; x_wconf 89' lang='lat' dir='ltr'><strong>llonito</strong></span> <span class='ocrx_word' id='word_1_419' title='bbox 432 4119 547 4178; x_wconf 83' lang='lat' dir='ltr'><strong>dirimas,</strong></span> <span class='ocrx_word' id='word_1_420' title='bbox 575 4126 669 4170; x_wconf 81' lang='lat' dir='ltr'><strong>coartat</strong></span> <span class='ocrx_word' id='word_1_421' title='bbox 720 4121 787 4171; x_wconf 83' lang='lat' dir='ltr'><strong>deest</strong></span> <span class='ocrx_word' id='word_1_422' title='bbox 806 4121 829 4168; x_wconf 89' lang='lat' dir='ltr'><strong>in</strong></span> <span class='ocrx_word' id='word_1_423' title='bbox 849 4119 945 4170; x_wconf 81' lang='lat' dir='ltr'><strong>Gobler.</strong></span> <span class='ocrx_word' id='word_1_424' title='bbox 963 4120 1147 4182; x_wconf 69' lang='lat' dir='ltr'><strong>atielclmll</strong></span> <span class='ocrx_word' id='word_1_425' title='bbox 1164 4121 1222 4175; x_wconf 80' lang='grc' dir='ltr'><strong>τοῖς</strong></span> <span class='ocrx_word' id='word_1_426' title='bbox 1236 4120 1303 4170; x_wconf 80' lang='grc' dir='ltr'><strong><em>πᾶσι</em></strong></span> 
     </span>
     <span class='ocr_line' id='line_1_40' title="bbox 93 4179 1303 4272; baseline -0.002 -33"><span class='ocrx_word' id='word_1_427' title='bbox 93 4190 140 4239; x_wconf 83' lang='lat' dir='ltr'><strong>eius</strong></span> <span class='ocrx_word' id='word_1_428' title='bbox 163 4203 213 4238; x_wconf 86' lang='lat' dir='ltr'><strong>esse</strong></span> <span class='ocrx_word' id='word_1_429' title='bbox 236 4201 375 4250; x_wconf 76' lang='lat' dir='ltr'><strong>germanum</strong></span> <span class='ocrx_word' id='word_1_430' title='bbox 399 4190 483 4238; x_wconf 82' lang='lat' dir='ltr'><strong>letoni.</strong></span> <span class='ocrx_word' id='word_1_431' title='bbox 519 4187 569 4246; x_wconf 79' lang='lat' dir='ltr'><strong>Qua</strong></span> <span class='ocrx_word' id='word_1_432' title='bbox 595 4187 624 4237; x_wconf 86' lang='lat' dir='ltr'><strong>dc</strong></span> <span class='ocrx_word' id='word_1_433' title='bbox 642 4201 668 4237; x_wconf 87' lang='lat' dir='ltr'><strong>re</strong></span> <span class='ocrx_word' id='word_1_434' title='bbox 719 4181 750 4235; x_wconf 79' lang='grc' dir='ltr'><strong>τὸ</strong></span> <span class='ocrx_word' id='word_1_435' title='bbox 769 4179 941 4272; x_wconf 56' lang='lat' dir='ltr'><strong>stupratore</strong></span> <span class='ocrx_word' id='word_1_436' title='bbox 959 4180 1058 4254; x_wconf 74' lang='grc' dir='ltr'><em>ῥητόν·</em></span> <span class='ocrx_word' id='word_1_437' title='bbox 1083 4179 1127 4237; x_wconf 74' lang='grc' dir='ltr'><strong>ὅτι</strong></span> <span class='ocrx_word' id='word_1_438' title='bbox 1142 4183 1193 4238; x_wconf 80' lang='grc' dir='ltr'><strong>τὸν</strong></span> <span class='ocrx_word' id='word_1_439' title='bbox 1208 4183 1303 4255; x_wconf 72' lang='grc' dir='ltr'><strong><em>κόρων</em></strong></span> 
     </span>
     <span class='ocr_line' id='line_1_41' title="bbox 92 4249 1302 4324; baseline 0.001 -17"><span class='ocrx_word' id='word_1_440' title='bbox 92 4257 190 4308; x_wconf 83' lang='lat' dir='ltr'><strong>eruditus</strong></span> <span class='ocrx_word' id='word_1_441' title='bbox 207 4269 279 4306; x_wconf 81' lang='lat' dir='ltr'><strong>namo</strong></span> <span class='ocrx_word' id='word_1_442' title='bbox 297 4257 343 4304; x_wconf 84' lang='lat' dir='ltr'><strong>iam</strong></span> <span class='ocrx_word' id='word_1_443' title='bbox 359 4256 464 4319; x_wconf 65' lang='lat' dir='ltr'><strong>ambigit.</strong></span> <span class='ocrx_word' id='word_1_444' title='bbox 718 4249 791 4324; x_wconf 76' lang='grc' dir='ltr'><strong>ὁρῶν</strong></span> <span class='ocrx_word' id='word_1_445' title='bbox 808 4273 823 4317; x_wconf 78' lang='grc' dir='ltr'><em>η</em></span> <span class='ocrx_word' id='word_1_446' title='bbox 840 4249 887 4304; x_wconf 80' lang='lat' dir='ltr'><strong>arai</strong></span> <span class='ocrx_word' id='word_1_447' title='bbox 902 4251 965 4323; x_wconf 79' lang='lat' dir='ltr'><strong>napi</strong></span> <span class='ocrx_word' id='word_1_448' title='bbox 988 4257 1094 4318; x_wconf 77' lang='lat' dir='ltr'><strong>(Gohler.</strong></span> <span class='ocrx_word' id='word_1_449' title='bbox 1113 4265 1137 4308; x_wconf 83' lang='lat' dir='ltr'><strong>et</strong></span> <span class='ocrx_word' id='word_1_450' title='bbox 1155 4259 1258 4309; x_wconf 82' lang='lat' dir='ltr'><strong>Felclm.</strong></span> <span class='ocrx_word' id='word_1_451' title='bbox 1279 4257 1302 4308; x_wconf 91' lang='lat' dir='ltr'><strong>l.</strong></span> 
     </span>
     <span class='ocr_line' id='line_1_42' title="bbox 123 4315 1302 4392; baseline 0.003 -18"><span class='ocrx_word' id='word_1_452' title='bbox 123 4326 148 4376; x_wconf 88' lang='lat' dir='ltr'><strong>ln</strong></span> <span class='ocrx_word' id='word_1_453' title='bbox 164 4327 207 4376; x_wconf 89' lang='lat' dir='ltr'><strong>hoc</strong></span> <span class='ocrx_word' id='word_1_454' title='bbox 224 4331 302 4376; x_wconf 84' lang='lat' dir='ltr'><strong>autem</strong></span> <span class='ocrx_word' id='word_1_455' title='bbox 322 4325 508 4389; x_wconf 82' lang='lat' dir='ltr'><strong>operaSpiritor</strong></span> <span class='ocrx_word' id='word_1_456' title='bbox 524 4323 667 4374; x_wconf 85' lang='lat' dir='ltr'><strong>nomincdi-</strong></span> <span class='ocrx_word' id='word_1_457' title='bbox 716 4315 733 4384; x_wconf 79' lang='grc' dir='ltr'><em>ἢ</em></span> <span class='ocrx_word' id='word_1_458' title='bbox 752 4318 785 4372; x_wconf 81' lang='grc' dir='ltr'><strong>τὰ</strong></span> <span class='ocrx_word' id='word_1_459' title='bbox 802 4319 874 4392; x_wconf 82' lang='grc' dir='ltr'><strong><em>περὶ)</em></strong></span> <span class='ocrx_word' id='word_1_460' title='bbox 897 4317 994 4374; x_wconf 74' lang='grc' dir='ltr'><em>ἑαυτοῦ</em></span> <span class='ocrx_word' id='word_1_461' title='bbox 1012 4319 1210 4392; x_wconf 74' lang='grc' dir='ltr'><strong>διαλεγόμενος.</strong></span> <span class='ocrx_word' id='word_1_462' title='bbox 1250 4325 1302 4377; x_wconf 82' lang='lat' dir='ltr'><strong>llnx</strong></span> 
     </span>
     <span class='ocr_line' id='line_1_43' title="bbox 95 4386 1301 4462; baseline 0.003 -22"><span class='ocrx_word' id='word_1_463' title='bbox 95 4391 201 4444; x_wconf 79' lang='lat' dir='ltr'><strong>viritatem</strong></span> <span class='ocrx_word' id='word_1_464' title='bbox 224 4393 312 4444; x_wconf 79' lang='lat' dir='ltr'><strong>Christi</strong></span> <span class='ocrx_word' id='word_1_465' title='bbox 335 4405 408 4457; x_wconf 80' lang='lat' dir='ltr'><strong>saepe</strong></span> <span class='ocrx_word' id='word_1_466' title='bbox 434 4392 546 4456; x_wconf 73' lang='lat' dir='ltr'><strong>intelligit</strong></span> <span class='ocrx_word' id='word_1_467' title='bbox 569 4399 666 4442; x_wconf 79' lang='lat' dir='ltr'><strong>rinctus</strong></span> <span class='ocrx_word' id='word_1_468' title='bbox 717 4393 772 4456; x_wconf 67' lang='lat' dir='ltr'><strong>lica.</strong></span> <span class='ocrx_word' id='word_1_469' title='bbox 791 4403 815 4444; x_wconf 83' lang='lat' dir='ltr'><strong>et</strong></span> <span class='ocrx_word' id='word_1_470' title='bbox 833 4395 931 4457; x_wconf 73' lang='lat' dir='ltr'><strong>Seguer.</strong></span> <span class='ocrx_word' id='word_1_471' title='bbox 949 4386 988 4448; x_wconf 75' lang='lat' dir='ltr'><strong>cic</strong></span> <span class='ocrx_word' id='word_1_472' title='bbox 1004 4387 1039 4442; x_wconf 77' lang='grc' dir='ltr'><strong>τὰ</strong></span> <span class='ocrx_word' id='word_1_473' title='bbox 1052 4389 1203 4462; x_wconf 72' lang='grc' dir='ltr'><strong><em>σωματικά.</em></strong></span> <span class='ocrx_word' id='word_1_474' title='bbox 1239 4394 1301 4444; x_wconf 90' lang='lat' dir='ltr'><strong>lbid.</strong></span> 
     </span>
     <span class='ocr_line' id='line_1_44' title="bbox 95 4455 1302 4528; baseline 0.002 -17"><span class='ocrx_word' id='word_1_475' title='bbox 95 4459 181 4513; x_wconf 82' lang='lat' dir='ltr'><strong>Ductor.</strong></span> <span class='ocrx_word' id='word_1_476' title='bbox 214 4461 283 4523; x_wconf 81' lang='lat' dir='ltr'><strong>Quod</strong></span> <span class='ocrx_word' id='word_1_477' title='bbox 301 4461 331 4510; x_wconf 87' lang='lat' dir='ltr'><strong>ab</strong></span> <span class='ocrx_word' id='word_1_478' title='bbox 344 4461 434 4511; x_wconf 87' lang='lat' dir='ltr'><strong>llilario</strong></span> <span class='ocrx_word' id='word_1_479' title='bbox 448 4463 552 4527; x_wconf 83' lang='lat' dir='ltr'><strong>itemque</strong></span> <span class='ocrx_word' id='word_1_480' title='bbox 570 4475 582 4510; x_wconf 87' lang='lat' dir='ltr'><strong>a</strong></span> <span class='ocrx_word' id='word_1_481' title='bbox 602 4462 665 4510; x_wconf 90' lang='lat' dir='ltr'><strong>mul·</strong></span> <span class='ocrx_word' id='word_1_482' title='bbox 717 4460 889 4526; x_wconf 57' lang='lat' dir='ltr'><strong>beelsephor.</strong></span> <span class='ocrx_word' id='word_1_483' title='bbox 909 4463 1005 4514; x_wconf 86' lang='lat' dir='ltr'><strong>Gohlar.</strong></span> <span class='ocrx_word' id='word_1_484' title='bbox 1024 4471 1047 4514; x_wconf 87' lang='lat' dir='ltr'><strong>et</strong></span> <span class='ocrx_word' id='word_1_485' title='bbox 1058 4465 1160 4514; x_wconf 80' lang='lat' dir='ltr'><strong>Felclm.</strong></span> <span class='ocrx_word' id='word_1_486' title='bbox 1173 4463 1195 4513; x_wconf 91' lang='lat' dir='ltr'><strong>l.</strong></span> <span class='ocrx_word' id='word_1_487' title='bbox 1213 4455 1302 4528; x_wconf 73' lang='grc' dir='ltr'><strong><em>μόνον</em></strong></span> 
     </span>
     <span class='ocr_line' id='line_1_45' title="bbox 98 4521 1300 4597; baseline 0.002 -21"><span class='ocrx_word' id='word_1_488' title='bbox 98 4527 125 4576; x_wconf 83' lang='lat' dir='ltr'><strong>tit</strong></span> <span class='ocrx_word' id='word_1_489' title='bbox 144 4531 244 4580; x_wconf 81' lang='lat' dir='ltr'><strong>Patribus</strong></span> <span class='ocrx_word' id='word_1_490' title='bbox 271 4529 444 4594; x_wconf 84' lang='lat' dir='ltr'><strong>antiquioribus</strong></span> <span class='ocrx_word' id='word_1_491' title='bbox 468 4529 600 4580; x_wconf 86' lang='lat' dir='ltr'><strong>admissam</strong></span> <span class='ocrx_word' id='word_1_492' title='bbox 624 4543 664 4579; x_wconf 85' lang='lat' dir='ltr'><strong>re·</strong></span> <span class='ocrx_word' id='word_1_493' title='bbox 717 4521 883 4595; x_wconf 66' lang='lat' dir='ltr'><strong>turanum.</strong></span> <span class='ocrx_word' id='word_1_494' title='bbox 903 4523 948 4580; x_wconf 82' lang='lat' dir='ltr'><strong>arui</strong></span> <span class='ocrx_word' id='word_1_495' title='bbox 964 4523 1001 4597; x_wconf 74' lang='grc' dir='ltr'><strong>μὴ</strong></span> <span class='ocrx_word' id='word_1_496' title='bbox 1020 4525 1068 4597; x_wconf 69' lang='grc' dir='ltr'><strong>(μή</strong></span> <span class='ocrx_word' id='word_1_497' title='bbox 1086 4533 1154 4583; x_wconf 80' lang='lat' dir='ltr'><strong>deest</strong></span> <span class='ocrx_word' id='word_1_498' title='bbox 1171 4533 1194 4581; x_wconf 92' lang='lat' dir='ltr'><strong>iu</strong></span> <span class='ocrx_word' id='word_1_499' title='bbox 1210 4531 1300 4590; x_wconf 59' lang='lat' dir='ltr'><strong>hamat</strong></span> 
     </span>
     <span class='ocr_line' id='line_1_46' title="bbox 97 4587 1293 4668; baseline 0.002 -26"><span class='ocrx_word' id='word_1_500' title='bbox 97 4594 169 4648; x_wconf 83' lang='lat' dir='ltr'><strong>lerunt</strong></span> <span class='ocrx_word' id='word_1_501' title='bbox 184 4600 256 4650; x_wconf 79' lang='lat' dir='ltr'><strong>nostri</strong></span> <span class='ocrx_word' id='word_1_502' title='bbox 274 4599 297 4648; x_wconf 91' lang='lat' dir='ltr'><strong>in</strong></span> <span class='ocrx_word' id='word_1_503' title='bbox 316 4597 466 4650; x_wconf 81' lang='lat' dir='ltr'><strong>Praelatione</strong></span> <span class='ocrx_word' id='word_1_504' title='bbox 483 4599 512 4649; x_wconf 86' lang='lat' dir='ltr'><strong>ad</strong></span> <span class='ocrx_word' id='word_1_505' title='bbox 524 4599 606 4649; x_wconf 86' lang='lat' dir='ltr'><strong>llilarii</strong></span> <span class='ocrx_word' id='word_1_506' title='bbox 619 4611 664 4647; x_wconf 88' lang='lat' dir='ltr'><strong>no·</strong></span> <span class='ocrx_word' id='word_1_507' title='bbox 716 4599 797 4662; x_wconf 70' lang='lat' dir='ltr'><strong>Seru.)</strong></span> <span class='ocrx_word' id='word_1_508' title='bbox 814 4593 1045 4668; x_wconf 76' lang='grc' dir='ltr'><strong>προπετευόμενος</strong></span> <span class='ocrx_word' id='word_1_509' title='bbox 1061 4593 1174 4664; x_wconf 69' lang='grc' dir='ltr'><strong>λαλήσῃ·</strong></span> <span class='ocrx_word' id='word_1_510' title='bbox 1198 4587 1293 4646; x_wconf 72' lang='grc' dir='ltr'><strong><em>πόθεν.</em></strong></span> 
     </span>
    </p>
   </div>
   <div class='ocr_carea' id='block_1_8' title="bbox 0 0 1555 5318">
    <p class='ocr_par' dir='ltr' id='par_1_8' title="bbox 0 0 1555 5318">
     <span class='ocr_line' id='line_1_47' title="bbox 0 0 1555 5318; baseline 0 0"><span class='ocrx_word' id='word_1_511' title='bbox 0 0 1555 5318; x_wconf 95' lang='lat' dir='ltr'><strong> </strong></span> 
     </span>
    </p>
   </div>
  </div>
 </body>
</html>
