<?xml version="1.0" encoding="UTF-8"?>
<!DOCTYPE html PUBLIC "-//W3C//DTD XHTML 1.0 Transitional//EN"
    "http://www.w3.org/TR/xhtml1/DTD/xhtml1-transitional.dtd">
<html xmlns="http://www.w3.org/1999/xhtml" xml:lang="en" lang="en">
 <head>
  <title>
</title>
<meta http-equiv="Content-Type" content="text/html;charset=utf-8" />
  <meta name='ocr-system' content='tesseract 3.04.00' />
  <meta name='ocr-capabilities' content='ocr_page ocr_carea ocr_par ocr_line ocrx_word'/>
</head>
<body>
  <div class='ocr_page' id='page_1' title='image "./sanctiathanasii00athagoog_0165.png"; bbox 0 0 3226 5280; ppageno 0'>
   <div class='ocr_carea' id='block_1_1' title="bbox 167 429 1066 512">
    <p class='ocr_par' dir='ltr' id='par_1_1' title="bbox 167 429 1066 512">
     <span class='ocr_line' id='line_1_1' title="bbox 167 429 1066 512; baseline -0.008 -19"><span class='ocrx_word' id='word_1_1' title='bbox 167 504 173 512; x_wconf 80' lang='lat'>.</span> <span class='ocrx_word' id='word_1_2' title='bbox 234 429 296 493; x_wconf 75' lang='lat'><strong><em>118</em></strong></span> <span class='ocrx_word' id='word_1_3' title='bbox 633 445 659 487; x_wconf 80' lang='lat' dir='ltr'><strong><em>s.</em></strong></span> <span class='ocrx_word' id='word_1_4' title='bbox 674 444 828 488; x_wconf 77' lang='grc' dir='ltr'><strong><em>ιττωαεα</em></strong></span> <span class='ocrx_word' id='word_1_5' title='bbox 841 444 1066 488; x_wconf 77' lang='grc' dir='ltr'><strong><em>ιτοτττνιεαονι</em></strong></span> 
     </span>
    </p>
   </div>
   <div class='ocr_carea' id='block_1_2' title="bbox 123 583 1471 4214">
    <p class='ocr_par' dir='ltr' id='par_1_2' title="bbox 123 583 1471 3206">
     <span class='ocr_line' id='line_1_2' title="bbox 147 583 1460 680; baseline 0.003 -26"><span class='ocrx_word' id='word_1_6' title='bbox 147 592 268 660; x_wconf 62' lang='grc' dir='ltr'><strong><em>ναυτίαν</em></strong></span> <span class='ocrx_word' id='word_1_7' title='bbox 295 600 367 671; x_wconf 77' lang='grc' dir='ltr'><strong><em>τοῖς</em></strong></span> <span class='ocrx_word' id='word_1_8' title='bbox 389 591 475 678; x_wconf 77' lang='grc' dir='ltr'><strong><em>ἑξῆς,</em></strong></span> <span class='ocrx_word' id='word_1_9' title='bbox 505 583 557 659; x_wconf 82' lang='grc' dir='ltr'><strong><em>ἀεί</em></strong></span> <span class='ocrx_word' id='word_1_10' title='bbox 578 589 636 658; x_wconf 85' lang='grc' dir='ltr'><strong><em>τὸν</em></strong></span> <span class='ocrx_word' id='word_1_11' title='bbox 656 589 806 678; x_wconf 84' lang='grc' dir='ltr'><strong><em>Χριστὸν</em></strong></span> <span class='ocrx_word' id='word_1_12' title='bbox 829 586 929 671; x_wconf 79' lang='grc' dir='ltr'><strong><em>εἶναι,</em></strong></span> <span class='ocrx_word' id='word_1_13' title='bbox 959 589 1055 678; x_wconf 86' lang='grc' dir='ltr'><strong><em>λύγον</em></strong></span> <span class='ocrx_word' id='word_1_14' title='bbox 1079 587 1160 658; x_wconf 89' lang='grc' dir='ltr'><strong><em>ἄντα</em></strong></span> <span class='ocrx_word' id='word_1_15' title='bbox 1181 590 1236 658; x_wconf 82' lang='grc' dir='ltr'><strong><em>καὶ</em></strong></span> <span class='ocrx_word' id='word_1_16' title='bbox 1258 597 1382 680; x_wconf 79' lang='grc' dir='ltr'><strong><em>σοφίαν</em></strong></span> <span class='ocrx_word' id='word_1_17' title='bbox 1404 591 1460 659; x_wconf 77' lang='grc' dir='ltr'><strong><em>καί</em></strong></span> 
     </span>
     <span class='ocr_line' id='line_1_3' title="bbox 123 686 1471 813; baseline 0.001 -53"><span class='ocrx_word' id='word_1_18' title='bbox 123 743 145 766; x_wconf 85' lang='grc'><strong><em>,</em></strong></span> <span class='ocrx_word' id='word_1_19' title='bbox 234 691 380 777; x_wconf 78' lang='grc' dir='ltr'><strong><em>δύναμιν.</em></strong></span> <span class='ocrx_word' id='word_1_20' title='bbox 425 686 464 759; x_wconf 90' lang='grc' dir='ltr'><strong><em>ού</em></strong></span> <span class='ocrx_word' id='word_1_21' title='bbox 486 691 548 778; x_wconf 86' lang='grc' dir='ltr'><strong><em>γὰρ</em></strong></span> <span class='ocrx_word' id='word_1_22' title='bbox 570 691 610 813; x_wconf 71' lang='lat'><strong><em>55</em></strong></span> <span class='ocrx_word' id='word_1_23' title='bbox 632 691 758 758; x_wconf 90' lang='grc' dir='ltr'><strong><em>τούτων</em></strong></span> <span class='ocrx_word' id='word_1_24' title='bbox 780 689 898 778; x_wconf 89' lang='grc' dir='ltr'><strong><em>ἄγονος</em></strong></span> <span class='ocrx_word' id='word_1_25' title='bbox 926 718 973 759; x_wconf 92' lang='grc' dir='ltr'><strong><em>ων</em></strong></span> <span class='ocrx_word' id='word_1_26' title='bbox 996 687 1014 758; x_wconf 98' lang='lat'><strong><em>5</em></strong></span> <span class='ocrx_word' id='word_1_27' title='bbox 1035 692 1119 771; x_wconf 82' lang='grc' dir='ltr'><strong><em>θεὸς</em></strong></span> <span class='ocrx_word' id='word_1_28' title='bbox 1141 686 1249 760; x_wconf 79' lang='grc' dir='ltr'><strong><em>εἶταέ</em></strong></span> <span class='ocrx_word' id='word_1_29' title='bbox 1234 692 1460 780; x_wconf 78' lang='grc' dir='ltr'><strong><em>ἐπαιδοποιή-</em></strong></span> <span class='ocrx_word' id='word_1_30' title='bbox 1469 717 1471 722; x_wconf 94' lang='grc'><strong><em>·</em></strong></span> 
     </span>
     <span class='ocr_line' id='line_1_4' title="bbox 234 788 1459 916; baseline 0 -54"><span class='ocrx_word' id='word_1_31' title='bbox 234 816 326 862; x_wconf 88' lang='grc' dir='ltr'><strong><em>σατο.</em></strong></span> <span class='ocrx_word' id='word_1_32' title='bbox 372 788 441 860; x_wconf 79' lang='grc' dir='ltr'><strong><em>ἀλλ’</em></strong></span> <span class='ocrx_word' id='word_1_33' title='bbox 467 789 521 860; x_wconf 79' lang='grc' dir='ltr'><strong><em>ὅτι</em></strong></span> <span class='ocrx_word' id='word_1_34' title='bbox 547 792 592 882; x_wconf 83' lang='grc' dir='ltr'><strong><em>μὴ</em></strong></span> <span class='ocrx_word' id='word_1_35' title='bbox 620 818 690 877; x_wconf 94' lang='grc' dir='ltr'><strong><em>παρ</em></strong></span> <span class='ocrx_word' id='word_1_36' title='bbox 723 792 841 860; x_wconf 76' lang='grc' dir='ltr'><strong><em>ἑαυτοῦ</em></strong></span> <span class='ocrx_word' id='word_1_37' title='bbox 871 788 889 858; x_wconf 91' lang='lat'><strong><em>5</em></strong></span> <span class='ocrx_word' id='word_1_38' title='bbox 917 792 989 874; x_wconf 79' lang='grc' dir='ltr'><strong><em>υίὸς</em></strong></span> <span class='ocrx_word' id='word_1_39' title='bbox 1010 788 1079 862; x_wconf 89' lang='grc' dir='ltr'><strong><em>ἀλλ</em></strong></span> <span class='ocrx_word' id='word_1_40' title='bbox 1106 793 1140 860; x_wconf 75' lang='grc' dir='ltr'><strong><em>ἐκ</em></strong></span> <span class='ocrx_word' id='word_1_41' title='bbox 1161 793 1370 916; x_wconf 79' lang='grc' dir='ltr'><strong><em>τοῦπατρὸς</em></strong></span> <span class='ocrx_word' id='word_1_42' title='bbox 1392 795 1459 878; x_wconf 73' lang='grc' dir='ltr'><strong><em>ἔχει</em></strong></span> 
     </span>
     <span class='ocr_line' id='line_1_5' title="bbox 233 889 1463 984; baseline 0 -22"><span class='ocrx_word' id='word_1_43' title='bbox 233 895 272 962; x_wconf 84' lang='grc' dir='ltr'><strong><em>τὸ</em></strong></span> <span class='ocrx_word' id='word_1_44' title='bbox 295 889 388 962; x_wconf 78' lang='grc' dir='ltr'><strong><em>εἶναι.</em></strong></span> <span class='ocrx_word' id='word_1_45' title='bbox 433 897 487 963; x_wconf 79' lang='grc' dir='ltr'><strong><em>καί</em></strong></span> <span class='ocrx_word' id='word_1_46' title='bbox 515 890 583 979; x_wconf 79' lang='grc' dir='ltr'><strong><em>μετ’</em></strong></span> <span class='ocrx_word' id='word_1_47' title='bbox 609 890 704 979; x_wconf 84' lang='grc' dir='ltr'><strong><em>ὀλίγα</em></strong></span> <span class='ocrx_word' id='word_1_48' title='bbox 725 892 828 960; x_wconf 85' lang='grc' dir='ltr'><strong><em>πάλιν</em></strong></span> <span class='ocrx_word' id='word_1_49' title='bbox 850 897 928 980; x_wconf 83' lang='grc' dir='ltr'><strong><em>περί</em></strong></span> <span class='ocrx_word' id='word_1_50' title='bbox 950 897 1009 960; x_wconf 86' lang='grc' dir='ltr'><strong><em>τού</em></strong></span> <span class='ocrx_word' id='word_1_51' title='bbox 1032 889 1133 962; x_wconf 82' lang='grc' dir='ltr'><strong><em>αύτοῦ</em></strong></span> <span class='ocrx_word' id='word_1_52' title='bbox 1156 917 1274 984; x_wconf 86' lang='grc' dir='ltr'><strong><em>φησιν·</em></strong></span> <span class='ocrx_word' id='word_1_53' title='bbox 1307 890 1463 982; x_wconf 87' lang='grc' dir='ltr'><strong><em>ἀπαύγα-</em></strong></span> 
     </span>
     <span class='ocr_line' id='line_1_6' title="bbox 234 989 1462 1084; baseline 0.001 -21"><span class='ocrx_word' id='word_1_54' title='bbox 234 1019 302 1082; x_wconf 88' lang='grc' dir='ltr'><strong><em>αμα</em></strong></span> <span class='ocrx_word' id='word_1_55' title='bbox 330 989 423 1062; x_wconf 84' lang='lat'><strong><em>55</em></strong></span> <span class='ocrx_word' id='word_1_56' title='bbox 394 1021 458 1062; x_wconf 91' lang='grc' dir='ltr'><strong><em>ων</em></strong></span> <span class='ocrx_word' id='word_1_57' title='bbox 470 995 582 1084; x_wconf 88' lang='grc' dir='ltr'><strong><em>φωτὸς</em></strong></span> <span class='ocrx_word' id='word_1_58' title='bbox 604 992 714 1062; x_wconf 80' lang='grc' dir='ltr'><strong><em>ἀϊδίου</em></strong></span> <span class='ocrx_word' id='word_1_59' title='bbox 736 994 872 1074; x_wconf 85' lang='grc' dir='ltr'><strong><em>πάντως</em></strong></span> <span class='ocrx_word' id='word_1_60' title='bbox 892 999 945 1062; x_wconf 77' lang='grc' dir='ltr'><strong><em>καί</em></strong></span> <span class='ocrx_word' id='word_1_61' title='bbox 969 990 1070 1075; x_wconf 80' lang='grc' dir='ltr'><strong><em>αὐτὸς</em></strong></span> <span class='ocrx_word' id='word_1_62' title='bbox 1090 991 1199 1076; x_wconf 74' lang='grc' dir='ltr'><strong><em>ἀίδιός</em></strong></span> <span class='ocrx_word' id='word_1_63' title='bbox 1222 996 1329 1064; x_wconf 78' lang='grc' dir='ltr'><strong><em>ἐστιν·</em></strong></span> <span class='ocrx_word' id='word_1_64' title='bbox 1363 995 1462 1078; x_wconf 87' lang='grc' dir='ltr'><strong><em>ἄντος</em></strong></span> 
     </span>
     <span class='ocr_line' id='line_1_7' title="bbox 232 1091 1461 1186; baseline 0.002 -22"><span class='ocrx_word' id='word_1_65' title='bbox 232 1096 294 1184; x_wconf 90' lang='grc' dir='ltr'><strong><em>γὰρ</em></strong></span> <span class='ocrx_word' id='word_1_66' title='bbox 317 1091 371 1164; x_wconf 80' lang='grc' dir='ltr'><strong><em>ἀεὶ</em></strong></span> <span class='ocrx_word' id='word_1_67' title='bbox 391 1099 450 1163; x_wconf 89' lang='grc' dir='ltr'><strong><em>τού</em></strong></span> <span class='ocrx_word' id='word_1_68' title='bbox 473 1096 585 1186; x_wconf 82' lang='grc' dir='ltr'><strong><em>φωτὸς</em></strong></span> <span class='ocrx_word' id='word_1_69' title='bbox 607 1092 755 1185; x_wconf 76' lang='grc' dir='ltr'><strong><em>δῆλον’</em></strong></span> <span class='ocrx_word' id='word_1_70' title='bbox 729 1121 775 1176; x_wconf 89' lang='grc' dir='ltr'><strong><em>ως</em></strong></span> <span class='ocrx_word' id='word_1_71' title='bbox 797 1097 886 1164; x_wconf 74' lang='grc' dir='ltr'><strong><em>ἔστιν</em></strong></span> <span class='ocrx_word' id='word_1_72' title='bbox 909 1091 1014 1164; x_wconf 81' lang='grc' dir='ltr'><strong><em>ἀεὶτὸ</em></strong></span> <span class='ocrx_word' id='word_1_73' title='bbox 1033 1093 1252 1184; x_wconf 86' lang='grc' dir='ltr'><strong><em>ἀπαύγασμα·</em></strong></span> <span class='ocrx_word' id='word_1_74' title='bbox 1275 1097 1382 1186; x_wconf 82' lang='grc' dir='ltr'><strong><em>τούτῳ</em></strong></span> <span class='ocrx_word' id='word_1_75' title='bbox 1397 1097 1461 1186; x_wconf 85' lang='grc' dir='ltr'><strong><em>γὰρ</em></strong></span> 
     </span>
     <span class='ocr_line' id='line_1_8' title="bbox 231 1193 1461 1287; baseline 0 -21"><span class='ocrx_word' id='word_1_76' title='bbox 231 1201 287 1266; x_wconf 77' lang='grc' dir='ltr'><strong><em>καὶ</em></strong></span> <span class='ocrx_word' id='word_1_77' title='bbox 309 1193 363 1266; x_wconf 86' lang='grc' dir='ltr'><strong><em>ὅτι</em></strong></span> <span class='ocrx_word' id='word_1_78' title='bbox 384 1201 458 1286; x_wconf 83' lang='grc' dir='ltr'><strong><em>φῶς</em></strong></span> <span class='ocrx_word' id='word_1_79' title='bbox 480 1197 552 1266; x_wconf 81' lang='grc' dir='ltr'><strong><em>ἐστι</em></strong></span> <span class='ocrx_word' id='word_1_80' title='bbox 572 1200 619 1284; x_wconf 80' lang='grc' dir='ltr'><strong><em>τῷ</em></strong></span> <span class='ocrx_word' id='word_1_81' title='bbox 640 1195 854 1282; x_wconf 86' lang='grc' dir='ltr'><strong><em>καταυγάζειν</em></strong></span> <span class='ocrx_word' id='word_1_82' title='bbox 876 1207 1011 1279; x_wconf 82' lang='grc' dir='ltr'><em>νοεῖται,</em></span> <span class='ocrx_word' id='word_1_83' title='bbox 1034 1201 1088 1266; x_wconf 78' lang='grc' dir='ltr'><strong><em>καὶ</em></strong></span> <span class='ocrx_word' id='word_1_84' title='bbox 1111 1202 1185 1287; x_wconf 83' lang='grc' dir='ltr'><strong><em>φῶς</em></strong></span> <span class='ocrx_word' id='word_1_85' title='bbox 1207 1194 1245 1265; x_wconf 87' lang='grc' dir='ltr'><strong><em>ού</em></strong></span> <span class='ocrx_word' id='word_1_86' title='bbox 1262 1199 1400 1266; x_wconf 82' lang='grc' dir='ltr'><strong><em>δύναται</em></strong></span> <span class='ocrx_word' id='word_1_87' title='bbox 1414 1199 1461 1287; x_wconf 79' lang='grc' dir='ltr'><strong><em>μὴ</em></strong></span> 
     </span>
     <span class='ocr_line' id='line_1_9' title="bbox 233 1295 1462 1388; baseline 0.001 -21"><span class='ocrx_word' id='word_1_88' title='bbox 233 1299 376 1388; x_wconf 80' lang='grc' dir='ltr'><strong><em>φωτίζον</em></strong></span> <span class='ocrx_word' id='word_1_89' title='bbox 399 1295 493 1368; x_wconf 80' lang='grc' dir='ltr'><strong><em>εἶναι.</em></strong></span> <span class='ocrx_word' id='word_1_90' title='bbox 523 1299 626 1367; x_wconf 84' lang='grc' dir='ltr'><strong><em>πάλιν</em></strong></span> <span class='ocrx_word' id='word_1_91' title='bbox 647 1299 709 1385; x_wconf 84' lang='grc' dir='ltr'><strong><em>γὰρ</em></strong></span> <span class='ocrx_word' id='word_1_92' title='bbox 731 1298 883 1382; x_wconf 73' lang='grc' dir='ltr'><strong><em>ἔλθωμεν</em></strong></span> <span class='ocrx_word' id='word_1_93' title='bbox 905 1297 1020 1366; x_wconf 78' lang='grc' dir='ltr'><strong><em>ἒπλτὰ</em></strong></span> <span class='ocrx_word' id='word_1_94' title='bbox 1034 1301 1296 1386; x_wconf 81' lang='grc' dir='ltr'><strong><em>παραδείγματα.</em></strong></span> <span class='ocrx_word' id='word_1_95' title='bbox 1324 1301 1354 1368; x_wconf 83' lang='grc' dir='ltr'><strong><em>εἰ</em></strong></span> <span class='ocrx_word' id='word_1_96' title='bbox 1369 1301 1462 1368; x_wconf 68' lang='grc' dir='ltr'><strong><em>ἔστιν</em></strong></span> 
     </span>
     <span class='ocr_line' id='line_1_10' title="bbox 231 1395 1462 1488; baseline 0.002 -22"><span class='ocrx_word' id='word_1_97' title='bbox 231 1397 351 1486; x_wconf 76' lang='grc' dir='ltr'><strong><em>’ἥλιος</em></strong></span> <span class='ocrx_word' id='word_1_98' title='bbox 376 1401 465 1468; x_wconf 63' lang='grc' dir='ltr'><strong><em>ἔστιν</em></strong></span> <span class='ocrx_word' id='word_1_99' title='bbox 487 1395 691 1488; x_wconf 64' lang='grc' dir='ltr'><strong><em>αύγή,»ἒ’στιν</em></strong></span> <span class='ocrx_word' id='word_1_100' title='bbox 713 1395 833 1486; x_wconf 81' lang='grc' dir='ltr'><strong><em>ἡμέρα·</em></strong></span> <span class='ocrx_word' id='word_1_101' title='bbox 856 1399 886 1466; x_wconf 86' lang='grc' dir='ltr'><strong><em>εί</em></strong></span> <span class='ocrx_word' id='word_1_102' title='bbox 907 1399 1068 1468; x_wconf 87' lang='grc' dir='ltr'><strong><em>τοωύτων</em></strong></span> <span class='ocrx_word' id='word_1_103' title='bbox 1088 1401 1189 1488; x_wconf 84' lang='grc' dir='ltr'><strong><em>μηδέν</em></strong></span> <span class='ocrx_word' id='word_1_104' title='bbox 1211 1400 1292 1480; x_wconf 74' lang='grc' dir='ltr'><strong><em>ἐστι,</em></strong></span> <span class='ocrx_word' id='word_1_105' title='bbox 1316 1400 1404 1466; x_wconf 87' lang='grc' dir='ltr'><strong><em>πολύ</em></strong></span> <span class='ocrx_word' id='word_1_106' title='bbox 1422 1425 1462 1487; x_wconf 84' lang='grc' dir='ltr'><strong><em>γε</em></strong></span> 
     </span>
     <span class='ocr_line' id='line_1_11' title="bbox 235 1490 1460 1590; baseline 0 -22"><span class='ocrx_word' id='word_1_107' title='bbox 235 1502 287 1570; x_wconf 77' lang='grc' dir='ltr'><strong><em>δεῖ</em></strong></span> <span class='ocrx_word' id='word_1_108' title='bbox 307 1503 361 1568; x_wconf 83' lang='grc' dir='ltr'><strong><em>καλ</em></strong></span> <span class='ocrx_word' id='word_1_109' title='bbox 382 1513 541 1586; x_wconf 80' lang='grc' dir='ltr'><strong><em>παρεῖναι</em></strong></span> <span class='ocrx_word' id='word_1_110' title='bbox 562 1498 665 1590; x_wconf 76' lang='grc' dir='ltr'><strong><em>ἥλιον.</em></strong></span> <span class='ocrx_word' id='word_1_111' title='bbox 711 1501 821 1584; x_wconf 83' lang='grc' dir='ltr'><strong><em>εἰμὲν</em></strong></span> <span class='ocrx_word' id='word_1_112' title='bbox 844 1490 902 1567; x_wconf 79' lang='grc' dir='ltr'><strong><em>οὖν</em></strong></span> <span class='ocrx_word' id='word_1_113' title='bbox 924 1494 1034 1581; x_wconf 78' lang='grc' dir='ltr'><strong><em>ἀΐδιος</em></strong></span> <span class='ocrx_word' id='word_1_114' title='bbox 1056 1497 1074 1568; x_wconf 92' lang='lat'><strong><em>5</em></strong></span> <span class='ocrx_word' id='word_1_115' title='bbox 1095 1498 1198 1588; x_wconf 79' lang='grc' dir='ltr'><strong><em>ἥλιος,</em></strong></span> <span class='ocrx_word' id='word_1_116' title='bbox 1222 1499 1395 1580; x_wconf 73' lang='grc' dir='ltr'><strong><em>ἄπαυστος</em></strong></span> <span class='ocrx_word' id='word_1_117' title='bbox 1417 1496 1460 1569; x_wconf 85' lang='grc' dir='ltr'><strong><em>ἀν</em></strong></span> 
     </span>
     <span class='ocr_line' id='line_1_12' title="bbox 149 1591 1459 1690; baseline -0.001 -21"><span class='ocrx_word' id='word_1_118' title='bbox 149 1591 274 1688; x_wconf 61' lang='grc' dir='ltr'><strong><em>Ρ-Μῆν</em></strong></span> <span class='ocrx_word' id='word_1_119' title='bbox 301 1600 357 1668; x_wconf 79' lang='grc' dir='ltr'><strong><em>καὶ</em></strong></span> <span class='ocrx_word' id='word_1_120' title='bbox 383 1597 402 1688; x_wconf 79' lang='grc' dir='ltr'><strong><em>ἡ</em></strong></span> <span class='ocrx_word' id='word_1_121' title='bbox 424 1599 543 1689; x_wconf 75' lang='grc' dir='ltr'><strong><em>ἡμέρα,</em></strong></span> <span class='ocrx_word' id='word_1_122' title='bbox 573 1606 629 1668; x_wconf 87' lang='grc' dir='ltr'><strong><em>νύν</em></strong></span> <span class='ocrx_word' id='word_1_123' title='bbox 659 1603 695 1669; x_wconf 81' lang='grc' dir='ltr'><strong><em>δέ</em></strong></span> <span class='ocrx_word' id='word_1_124' title='bbox 717 1597 767 1679; x_wconf 87' lang='grc' dir='ltr'><strong><em>(ού</em></strong></span> <span class='ocrx_word' id='word_1_125' title='bbox 790 1600 851 1688; x_wconf 90' lang='grc' dir='ltr'><strong><em>γάρ</em></strong></span> <span class='ocrx_word' id='word_1_126' title='bbox 874 1601 976 1682; x_wconf 75' lang='grc' dir='ltr'><strong><em>ἔστιν)</em></strong></span> <span class='ocrx_word' id='word_1_127' title='bbox 998 1598 1180 1688; x_wconf 84' lang='grc' dir='ltr'><strong><em>ἀρξαμένου</em></strong></span> <span class='ocrx_word' id='word_1_128' title='bbox 1202 1627 1238 1668; x_wconf 90' lang='grc' dir='ltr'><strong><em>τε</em></strong></span> <span class='ocrx_word' id='word_1_129' title='bbox 1260 1599 1381 1690; x_wconf 81' lang='grc' dir='ltr'><strong><em>ἤρξατο</em></strong></span> <span class='ocrx_word' id='word_1_130' title='bbox 1402 1604 1459 1668; x_wconf 81' lang='grc' dir='ltr'><strong><em>καί</em></strong></span> 
     </span>
     <span class='ocr_line' id='line_1_13' title="bbox 234 1697 1461 1790; baseline 0 -21"><span class='ocrx_word' id='word_1_131' title='bbox 234 1708 425 1786; x_wconf 80' lang='grc' dir='ltr'><strong><em>παυομένου</em></strong></span> <span class='ocrx_word' id='word_1_132' title='bbox 456 1700 608 1769; x_wconf 84' lang='grc' dir='ltr'><strong><em>παύεται.</em></strong></span> <span class='ocrx_word' id='word_1_133' title='bbox 654 1698 672 1768; x_wconf 92' lang='lat'><strong><em>5</em></strong></span> <span class='ocrx_word' id='word_1_134' title='bbox 695 1703 732 1769; x_wconf 79' lang='grc' dir='ltr'><strong><em>δέ</em></strong></span> <span class='ocrx_word' id='word_1_135' title='bbox 752 1727 789 1788; x_wconf 93' lang='grc' dir='ltr'><strong><em>γε</em></strong></span> <span class='ocrx_word' id='word_1_136' title='bbox 810 1701 893 1782; x_wconf 82' lang='grc' dir='ltr'><strong><em>θεὸς</em></strong></span> <span class='ocrx_word' id='word_1_137' title='bbox 914 1701 1048 1769; x_wconf 76' lang='grc' dir='ltr'><strong><em>αἰώνιόν</em></strong></span> <span class='ocrx_word' id='word_1_138' title='bbox 1071 1702 1142 1768; x_wconf 77' lang='grc' dir='ltr'><strong><em>ἐστι</em></strong></span> <span class='ocrx_word' id='word_1_139' title='bbox 1164 1704 1237 1790; x_wconf 81' lang='grc' dir='ltr'><strong><em>φῶς</em></strong></span> <span class='ocrx_word' id='word_1_140' title='bbox 1258 1699 1335 1769; x_wconf 86' lang='grc' dir='ltr'><strong><em>ούτε</em></strong></span> <span class='ocrx_word' id='word_1_141' title='bbox 1357 1697 1461 1786; x_wconf 81' lang='grc' dir='ltr'><strong><em>ἀρξά-</em></strong></span> 
     </span>
     <span class='ocr_line' id='line_1_14' title="bbox 151 1793 1458 1891; baseline -0.004 -16"><span class='ocrx_word' id='word_1_142' title='bbox 151 1869 155 1875; x_wconf 91' lang='grc'><strong><em>.</em></strong></span> <span class='ocrx_word' id='word_1_143' title='bbox 233 1825 332 1886; x_wconf 90' lang='grc' dir='ltr'><strong><em>μενον</em></strong></span> <span class='ocrx_word' id='word_1_144' title='bbox 355 1801 430 1872; x_wconf 81' lang='grc' dir='ltr'><strong><em>σύτο</em></strong></span> <span class='ocrx_word' id='word_1_145' title='bbox 452 1803 568 1891; x_wconf 66' lang='grc' dir='ltr'><strong><em>ιλῆξόν</em></strong></span> <span class='ocrx_word' id='word_1_146' title='bbox 590 1825 690 1872; x_wconf 81' lang='grc' dir='ltr'><strong><em>ποτε·</em></strong></span> <span class='ocrx_word' id='word_1_147' title='bbox 714 1797 773 1870; x_wconf 87' lang='grc' dir='ltr'><strong><em>οάκ</em></strong></span> <span class='ocrx_word' id='word_1_148' title='bbox 794 1793 852 1872; x_wconf 86' lang='grc' dir='ltr'><strong><em>ούν</em></strong></span> <span class='ocrx_word' id='word_1_149' title='bbox 875 1802 1010 1871; x_wconf 80' lang='grc' dir='ltr'><strong><em>αἰώνων</em></strong></span> <span class='ocrx_word' id='word_1_150' title='bbox 1031 1802 1207 1889; x_wconf 87' lang='grc' dir='ltr'><strong><em>πρόκειται</em></strong></span> <span class='ocrx_word' id='word_1_151' title='bbox 1228 1806 1282 1868; x_wconf 84' lang='grc' dir='ltr'><strong><em>καὶ</em></strong></span> <span class='ocrx_word' id='word_1_152' title='bbox 1305 1800 1458 1870; x_wconf 83' lang='grc' dir='ltr'><strong><em>σύνεστιν</em></strong></span> 
     </span>
     <span class='ocr_line' id='line_1_15' title="bbox 235 1897 1460 1992; baseline -0.002 -20"><span class='ocrx_word' id='word_1_153' title='bbox 235 1899 324 1992; x_wconf 81' lang='grc' dir='ltr'><strong><em>αὐτῷ</em></strong></span> <span class='ocrx_word' id='word_1_154' title='bbox 347 1904 388 1971; x_wconf 87' lang='grc' dir='ltr'><strong><em>τὸ</em></strong></span> <span class='ocrx_word' id='word_1_155' title='bbox 409 1899 613 1990; x_wconf 76' lang='grc' dir='ltr'><strong><em>ἀπαύγασμα</em></strong></span> <span class='ocrx_word' id='word_1_156' title='bbox 635 1901 776 1991; x_wconf 87' lang='grc' dir='ltr'><strong><em>ἄναρχον</em></strong></span> <span class='ocrx_word' id='word_1_157' title='bbox 798 1909 850 1971; x_wconf 78' lang='grc' dir='ltr'><strong><em>καὶ</em></strong></span> <span class='ocrx_word' id='word_1_158' title='bbox 869 1901 1021 1992; x_wconf 81' lang='grc' dir='ltr'><strong><em>ἀειγενές,</em></strong></span> <span class='ocrx_word' id='word_1_159' title='bbox 1044 1902 1330 1992; x_wconf 67' lang='grc' dir='ltr'><strong><em>“προφαινύμενον</em></strong></span> <span class='ocrx_word' id='word_1_160' title='bbox 1346 1897 1460 1984; x_wconf 81' lang='grc' dir='ltr'><strong><em>αὐτοῦ,</em></strong></span> 
     </span>
     <span class='ocr_line' id='line_1_16' title="bbox 162 1997 1463 2094; baseline 0 -22"><span class='ocrx_word' id='word_1_161' title='bbox 162 2085 167 2094; x_wconf 21' lang='lat' dir='ltr'>x</span> <span class='ocrx_word' id='word_1_162' title='bbox 235 2000 319 2091; x_wconf 77' lang='grc' dir='ltr'><strong><em>ὅπερ</em></strong></span> <span class='ocrx_word' id='word_1_163' title='bbox 342 2004 431 2072; x_wconf 77' lang='grc' dir='ltr'><strong><em>ἐστὶν</em></strong></span> <span class='ocrx_word' id='word_1_164' title='bbox 452 2001 471 2093; x_wconf 78' lang='grc' dir='ltr'>ἡ</span> <span class='ocrx_word' id='word_1_165' title='bbox 494 2007 634 2092; x_wconf 66' lang='grc' dir='ltr'><strong><em>λέγουσα</em></strong></span> <span class='ocrx_word' id='word_1_166' title='bbox 656 2013 762 2094; x_wconf 90' lang='grc' dir='ltr'><strong><em>σοφία</em></strong></span> <span class='ocrx_word' id='word_1_167' title='bbox 784 2006 846 2092; x_wconf 75' lang='grc' dir='ltr'><strong><em>ἐγώ</em></strong></span> <span class='ocrx_word' id='word_1_168' title='bbox 868 2004 953 2094; x_wconf 78' lang='grc' dir='ltr'><strong><em>ἤμην</em></strong></span> <span class='ocrx_word' id='word_1_169' title='bbox 974 1997 1222 2094; x_wconf 77' lang='grc' dir='ltr'><strong><em>ᾗπροςίχαιρε·</em></strong></span> <span class='ocrx_word' id='word_1_170' title='bbox 1244 1999 1320 2072; x_wconf 84' lang='grc' dir='ltr'><strong><em>καθ’</em></strong></span> <span class='ocrx_word' id='word_1_171' title='bbox 1337 2000 1463 2093; x_wconf 80' lang='grc' dir='ltr'><strong><em>ἡμέραν</em></strong></span> 
     </span>
     <span class='ocr_line' id='line_1_17' title="bbox 211 2095 1463 2202; baseline -0.002 -28"><span class='ocrx_word' id='word_1_172' title='bbox 211 2100 516 2202; x_wconf 35' lang='grc' dir='ltr'><strong><em>,ἀλεύφραινύμην</em></strong></span> <span class='ocrx_word' id='word_1_173' title='bbox 539 2107 572 2174; x_wconf 75' lang='grc' dir='ltr'><strong><em>ἐν</em></strong></span> <span class='ocrx_word' id='word_1_174' title='bbox 595 2106 765 2196; x_wconf 87' lang='grc' dir='ltr'><strong><em>προςιύπῳ</em></strong></span> <span class='ocrx_word' id='word_1_175' title='bbox 788 2103 889 2174; x_wconf 89' lang='grc' dir='ltr'><strong><em>αύτού</em></strong></span> <span class='ocrx_word' id='word_1_176' title='bbox 912 2107 946 2175; x_wconf 79' lang='grc' dir='ltr'><strong><em>ἐν</em></strong></span> <span class='ocrx_word' id='word_1_177' title='bbox 968 2106 1072 2174; x_wconf 81' lang='grc' dir='ltr'><strong><em>παντὶ</em></strong></span> <span class='ocrx_word' id='word_1_178' title='bbox 1092 2110 1196 2194; x_wconf 81' lang='grc' dir='ltr'><strong><em>καιρῷ</em></strong></span> <span class='ocrx_word' id='word_1_179' title='bbox 1207 2109 1236 2185; x_wconf 85' lang='lat'><strong><em>¹).</em></strong></span> <span class='ocrx_word' id='word_1_180' title='bbox 1281 2104 1337 2172; x_wconf 81' lang='grc' dir='ltr'><strong><em>καὶ</em></strong></span> <span class='ocrx_word' id='word_1_181' title='bbox 1358 2095 1463 2185; x_wconf 84' lang='grc' dir='ltr'><strong><em>αύθις</em></strong></span> 
     </span>
     <span class='ocr_line' id='line_1_18' title="bbox 235 2197 1462 2294; baseline -0.002 -20"><span class='ocrx_word' id='word_1_182' title='bbox 235 2205 353 2292; x_wconf 66' lang='grc' dir='ltr'><strong><em>ἀπάγει</em></strong></span> <span class='ocrx_word' id='word_1_183' title='bbox 373 2202 441 2290; x_wconf 83' lang='grc' dir='ltr'><strong><em>μετ’</em></strong></span> <span class='ocrx_word' id='word_1_184' title='bbox 467 2202 563 2294; x_wconf 80' lang='grc' dir='ltr'><strong><em>ὀλίγα</em></strong></span> <span class='ocrx_word' id='word_1_185' title='bbox 585 2207 663 2294; x_wconf 83' lang='grc' dir='ltr'><strong><em>περὶ</em></strong></span> <span class='ocrx_word' id='word_1_186' title='bbox 685 2211 743 2274; x_wconf 86' lang='grc' dir='ltr'><strong><em>τού</em></strong></span> <span class='ocrx_word' id='word_1_187' title='bbox 767 2203 867 2274; x_wconf 81' lang='grc' dir='ltr'><strong><em>αὐτοῦ</em></strong></span> <span class='ocrx_word' id='word_1_188' title='bbox 889 2208 1008 2292; x_wconf 57' lang='grc' dir='ltr'><strong><em>λέγων·</em></strong></span> <span class='ocrx_word' id='word_1_189' title='bbox 1031 2204 1148 2284; x_wconf 52' lang='grc' dir='ltr'><strong><em>θᾶντος</em></strong></span> <span class='ocrx_word' id='word_1_190' title='bbox 1170 2197 1227 2273; x_wconf 79' lang='grc' dir='ltr'><strong><em>οὖν</em></strong></span> <span class='ocrx_word' id='word_1_191' title='bbox 1250 2206 1386 2274; x_wconf 86' lang='grc' dir='ltr'><strong><em>αίωνίου</em></strong></span> <span class='ocrx_word' id='word_1_192' title='bbox 1401 2210 1462 2274; x_wconf 85' lang='grc' dir='ltr'><strong><em>τού</em></strong></span> 
     </span>
     <span class='ocr_line' id='line_1_19' title="bbox 228 2304 1461 2395; baseline 0 -21"><span class='ocrx_word' id='word_1_193' title='bbox 228 2307 371 2393; x_wconf 86' lang='grc' dir='ltr'><strong><em>πατρός,</em></strong></span> <span class='ocrx_word' id='word_1_194' title='bbox 395 2308 530 2390; x_wconf 77' lang='grc' dir='ltr'><strong><em>αἰώνιος</em></strong></span> <span class='ocrx_word' id='word_1_195' title='bbox 553 2304 571 2375; x_wconf 91' lang='lat'><strong><em>5</em></strong></span> <span class='ocrx_word' id='word_1_196' title='bbox 593 2309 664 2388; x_wconf 77' lang='grc' dir='ltr'><strong><em>υἱός</em></strong></span> <span class='ocrx_word' id='word_1_197' title='bbox 686 2309 765 2389; x_wconf 76' lang='grc' dir='ltr'><strong><em>ἐστι,</em></strong></span> <span class='ocrx_word' id='word_1_198' title='bbox 791 2311 864 2395; x_wconf 85' lang='grc' dir='ltr'><strong><em>φῶς</em></strong></span> <span class='ocrx_word' id='word_1_199' title='bbox 879 2307 914 2375; x_wconf 76' lang='grc' dir='ltr'><strong><em>ἐκ</em></strong></span> <span class='ocrx_word' id='word_1_200' title='bbox 928 2305 1041 2395; x_wconf 87' lang='grc' dir='ltr'><strong><em>φωτὸς</em></strong></span> <span class='ocrx_word' id='word_1_201' title='bbox 1056 2305 1118 2373; x_wconf 82' lang='grc' dir='ltr'><strong><em>ἄν·</em></strong></span> <span class='ocrx_word' id='word_1_202' title='bbox 1142 2305 1238 2387; x_wconf 79' lang='grc' dir='ltr'><strong><em>ὄντος</em></strong></span> <span class='ocrx_word' id='word_1_203' title='bbox 1252 2308 1314 2395; x_wconf 83' lang='grc' dir='ltr'><strong><em>γὰρ</em></strong></span> <span class='ocrx_word' id='word_1_204' title='bbox 1328 2313 1461 2394; x_wconf 83' lang='grc' dir='ltr'><strong><em>γονέως,</em></strong></span> 
     </span>
     <span class='ocr_line' id='line_1_20' title="bbox 236 2403 1460 2497; baseline -0.002 -19"><span class='ocrx_word' id='word_1_205' title='bbox 236 2409 308 2478; x_wconf 69' lang='grc' dir='ltr'><strong><em>ἔστι</em></strong></span> <span class='ocrx_word' id='word_1_206' title='bbox 328 2412 381 2476; x_wconf 83' lang='grc' dir='ltr'><strong><em>καὶ</em></strong></span> <span class='ocrx_word' id='word_1_207' title='bbox 404 2415 525 2478; x_wconf 82' lang='grc' dir='ltr'><strong><em>τέκνον.</em></strong></span> <span class='ocrx_word' id='word_1_208' title='bbox 571 2409 600 2478; x_wconf 87' lang='grc' dir='ltr'><strong><em>εί</em></strong></span> <span class='ocrx_word' id='word_1_209' title='bbox 622 2411 659 2477; x_wconf 89' lang='lat'><strong><em>55</em></strong></span> <span class='ocrx_word' id='word_1_210' title='bbox 679 2408 724 2496; x_wconf 85' lang='grc' dir='ltr'><strong><em>μὴ</em></strong></span> <span class='ocrx_word' id='word_1_211' title='bbox 746 2415 858 2476; x_wconf 78' lang='grc' dir='ltr'><strong><em>τέκνον</em></strong></span> <span class='ocrx_word' id='word_1_212' title='bbox 882 2409 942 2497; x_wconf 74' lang='grc' dir='ltr'><strong><em>τίη,</em></strong></span> <span class='ocrx_word' id='word_1_213' title='bbox 965 2412 1041 2487; x_wconf 81' lang='grc' dir='ltr'><strong><em>πῶς</em></strong></span> <span class='ocrx_word' id='word_1_214' title='bbox 1062 2407 1117 2475; x_wconf 81' lang='grc' dir='ltr'><strong><em>καὶ</em></strong></span> <span class='ocrx_word' id='word_1_215' title='bbox 1139 2416 1230 2487; x_wconf 89' lang='grc' dir='ltr'><strong><em>τίνος</em></strong></span> <span class='ocrx_word' id='word_1_216' title='bbox 1253 2403 1339 2475; x_wconf 76' lang='grc' dir='ltr'><strong><em>εἶναι</em></strong></span> <span class='ocrx_word' id='word_1_217' title='bbox 1361 2408 1460 2476; x_wconf 80' lang='grc' dir='ltr'><strong><em>δύνα-</em></strong></span> 
     </span>
     <span class='ocr_line' id='line_1_21' title="bbox 234 2505 1463 2598; baseline 0 -21"><span class='ocrx_word' id='word_1_218' title='bbox 234 2535 291 2579; x_wconf 88' lang='grc' dir='ltr'><strong><em>ται</em></strong></span> <span class='ocrx_word' id='word_1_219' title='bbox 317 2511 429 2598; x_wconf 86' lang='grc' dir='ltr'><strong><em>γονεύς</em></strong></span> <span class='ocrx_word' id='word_1_220' title='bbox 436 2543 447 2595; x_wconf 91' lang='grc'><strong><em>,·</em></strong></span> <span class='ocrx_word' id='word_1_221' title='bbox 481 2506 549 2580; x_wconf 77' lang='grc' dir='ltr'><strong><em>ἀλλ’</em></strong></span> <span class='ocrx_word' id='word_1_222' title='bbox 576 2510 659 2580; x_wconf 78' lang='grc' dir='ltr'><strong><em>εἰσὶν</em></strong></span> <span class='ocrx_word' id='word_1_223' title='bbox 688 2509 790 2598; x_wconf 88' lang='grc' dir='ltr'><strong><em>ἄμφω</em></strong></span> <span class='ocrx_word' id='word_1_224' title='bbox 816 2508 873 2576; x_wconf 79' lang='grc' dir='ltr'><strong><em>καὶ</em></strong></span> <span class='ocrx_word' id='word_1_225' title='bbox 895 2510 978 2578; x_wconf 83' lang='grc' dir='ltr'><strong><em>εἰσὶν</em></strong></span> <span class='ocrx_word' id='word_1_226' title='bbox 1001 2505 1067 2577; x_wconf 84' lang='grc' dir='ltr'><strong><em>ἀεί·</em></strong></span> <span class='ocrx_word' id='word_1_227' title='bbox 1098 2505 1169 2577; x_wconf 64' lang='grc' dir='ltr'><strong><em>εἶτα</em></strong></span> <span class='ocrx_word' id='word_1_228' title='bbox 1197 2509 1301 2576; x_wconf 82' lang='grc' dir='ltr'><strong><em>πάλιν</em></strong></span> <span class='ocrx_word' id='word_1_229' title='bbox 1323 2517 1463 2597; x_wconf 87' lang='grc' dir='ltr'><strong><em>προςτί-</em></strong></span> 
     </span>
     <span class='ocr_line' id='line_1_22' title="bbox 231 2601 1463 2700; baseline -0.001 -20"><span class='ocrx_word' id='word_1_230' title='bbox 231 2617 320 2700; x_wconf 78' lang='grc' dir='ltr'><strong><em>θησι</em></strong></span> <span class='ocrx_word' id='word_1_231' title='bbox 350 2617 470 2680; x_wconf 82' lang='grc' dir='ltr'><strong><em>ταῦτα·</em></strong></span> <span class='ocrx_word' id='word_1_232' title='bbox 504 2613 616 2700; x_wconf 87' lang='grc' dir='ltr'><strong><em>φωτὸς</em></strong></span> <span class='ocrx_word' id='word_1_233' title='bbox 646 2613 706 2697; x_wconf 77' lang='grc' dir='ltr'><strong><em>μὲν</em></strong></span> <span class='ocrx_word' id='word_1_234' title='bbox 735 2601 792 2678; x_wconf 88' lang='grc' dir='ltr'><strong><em>ούν</em></strong></span> <span class='ocrx_word' id='word_1_235' title='bbox 821 2607 917 2690; x_wconf 82' lang='grc' dir='ltr'><strong><em>ὄντος</em></strong></span> <span class='ocrx_word' id='word_1_236' title='bbox 945 2614 1003 2678; x_wconf 87' lang='grc' dir='ltr'><strong><em>τοῦ</em></strong></span> <span class='ocrx_word' id='word_1_237' title='bbox 1025 2613 1125 2690; x_wconf 82' lang='grc' dir='ltr'><strong><em>θεοῦ,</em></strong></span> <span class='ocrx_word' id='word_1_238' title='bbox 1161 2605 1178 2676; x_wconf 92' lang='lat'><strong><em>5</em></strong></span> <span class='ocrx_word' id='word_1_239' title='bbox 1202 2609 1350 2696; x_wconf 88' lang='grc' dir='ltr'><strong><em>Χριστός</em></strong></span> <span class='ocrx_word' id='word_1_240' title='bbox 1371 2611 1463 2679; x_wconf 74' lang='grc' dir='ltr'><strong><em>ἐστιν</em></strong></span> 
     </span>
     <span class='ocr_line' id='line_1_23' title="bbox 235 2707 1462 2800; baseline -0.002 -20"><span class='ocrx_word' id='word_1_241' title='bbox 235 2707 447 2799; x_wconf 75' lang='grc' dir='ltr'><strong><em>ἀπαύγασμα.</em></strong></span> <span class='ocrx_word' id='word_1_242' title='bbox 492 2713 680 2798; x_wconf 84' lang='grc' dir='ltr'><strong><em>πνεύματος</em></strong></span> <span class='ocrx_word' id='word_1_243' title='bbox 709 2714 745 2780; x_wconf 80' lang='lat'><strong><em>55</em></strong></span> <span class='ocrx_word' id='word_1_244' title='bbox 767 2709 863 2792; x_wconf 84' lang='grc' dir='ltr'><strong><em>ὄντος</em></strong></span> <span class='ocrx_word' id='word_1_245' title='bbox 885 2713 1027 2800; x_wconf 82' lang='grc' dir='ltr'><strong><em>(πνεῦμα</em></strong></span> <span class='ocrx_word' id='word_1_246' title='bbox 1048 2711 1119 2798; x_wconf 88' lang='grc' dir='ltr'><strong><em>γάρ,</em></strong></span> <span class='ocrx_word' id='word_1_247' title='bbox 1144 2717 1254 2798; x_wconf 85' lang='grc' dir='ltr'><strong><em>φησίν,</em></strong></span> <span class='ocrx_word' id='word_1_248' title='bbox 1279 2707 1297 2778; x_wconf 89' lang='lat'><em>5</em></span> <span class='ocrx_word' id='word_1_249' title='bbox 1320 2713 1462 2794; x_wconf 68' lang='grc' dir='ltr'><strong><em>θεόςἯ,</em></strong></span> 
     </span>
     <span class='ocr_line' id='line_1_24' title="bbox 233 2808 1463 2901; baseline -0.002 -19"><span class='ocrx_word' id='word_1_250' title='bbox 233 2809 420 2901; x_wconf 70' lang='grc' dir='ltr'><strong><em>’ἀναλόγως</em></strong></span> <span class='ocrx_word' id='word_1_251' title='bbox 441 2813 544 2882; x_wconf 84' lang='grc' dir='ltr'><strong><em>πάλιν</em></strong></span> <span class='ocrx_word' id='word_1_252' title='bbox 567 2810 749 2898; x_wconf 84' lang='grc' dir='ltr'><strong><em>ὁΧριοτὸς</em></strong></span> <span class='ocrx_word' id='word_1_253' title='bbox 770 2809 866 2896; x_wconf 77' lang='grc' dir='ltr'><strong><em>ἀτμίς</em></strong></span> <span class='ocrx_word' id='word_1_254' title='bbox 888 2815 1033 2899; x_wconf 76' lang='grc' dir='ltr'><strong><em>λέγεται·</em></strong></span> <span class='ocrx_word' id='word_1_255' title='bbox 1056 2808 1153 2896; x_wconf 81' lang='grc' dir='ltr'><strong><em>ἀτμὶς</em></strong></span> <span class='ocrx_word' id='word_1_256' title='bbox 1166 2811 1238 2900; x_wconf 89' lang='grc' dir='ltr'><strong><em>γάρ,</em></strong></span> <span class='ocrx_word' id='word_1_257' title='bbox 1262 2819 1372 2901; x_wconf 87' lang='grc' dir='ltr'><strong><em>φησίν,</em></strong></span> <span class='ocrx_word' id='word_1_258' title='bbox 1390 2813 1463 2882; x_wconf 77' lang='grc' dir='ltr'><strong><em>ἐστὶ</em></strong></span> 
     </span>
     <span class='ocr_line' id='line_1_25' title="bbox 234 2913 1466 3002; baseline 0.001 -21"><span class='ocrx_word' id='word_1_259' title='bbox 234 2919 292 3001; x_wconf 79' lang='grc' dir='ltr'><strong><em>τῆς</em></strong></span> <span class='ocrx_word' id='word_1_260' title='bbox 313 2919 372 2984; x_wconf 83' lang='grc' dir='ltr'><strong><em>τοῦ</em></strong></span> <span class='ocrx_word' id='word_1_261' title='bbox 395 2919 478 2984; x_wconf 82' lang='grc' dir='ltr'><strong><em>θεοῦ</em></strong></span> <span class='ocrx_word' id='word_1_262' title='bbox 502 2914 710 3000; x_wconf 52' lang='grc' dir='ltr'><strong><em>δυνάμεωςλ).</em></strong></span> <span class='ocrx_word' id='word_1_263' title='bbox 740 2913 795 2982; x_wconf 86' lang='grc' dir='ltr'><strong><em>καὶ</em></strong></span> <span class='ocrx_word' id='word_1_264' title='bbox 818 2914 852 2982; x_wconf 76' lang='grc' dir='ltr'><strong><em>ἐκ</em></strong></span> <span class='ocrx_word' id='word_1_265' title='bbox 873 2917 932 2981; x_wconf 85' lang='grc' dir='ltr'><strong><em>τού</em></strong></span> <span class='ocrx_word' id='word_1_266' title='bbox 955 2916 1107 3000; x_wconf 83' lang='grc' dir='ltr'><strong><em>δευτέρου</em></strong></span> <span class='ocrx_word' id='word_1_267' title='bbox 1122 2913 1225 2982; x_wconf 85' lang='grc' dir='ltr'><strong><em>πάλιν</em></strong></span> <span class='ocrx_word' id='word_1_268' title='bbox 1241 2919 1338 3002; x_wconf 88' lang='grc' dir='ltr'><strong><em>φησί·</em></strong></span> <span class='ocrx_word' id='word_1_269' title='bbox 1360 2914 1466 2999; x_wconf 88' lang='grc' dir='ltr'><strong><em>μόνος</em></strong></span> 
     </span>
     <span class='ocr_line' id='line_1_26' title="bbox 235 3012 1462 3104; baseline -0.002 -20"><span class='ocrx_word' id='word_1_270' title='bbox 235 3017 272 3084; x_wconf 80' lang='lat'><strong><em>55</em></strong></span> <span class='ocrx_word' id='word_1_271' title='bbox 302 3012 319 3082; x_wconf 93' lang='lat'><em>5</em></span> <span class='ocrx_word' id='word_1_272' title='bbox 349 3015 421 3096; x_wconf 79' lang='grc' dir='ltr'><strong><em>υίὸς</em></strong></span> <span class='ocrx_word' id='word_1_273' title='bbox 443 3012 497 3085; x_wconf 84' lang='grc' dir='ltr'><strong><em>ἀεὶ</em></strong></span> <span class='ocrx_word' id='word_1_274' title='bbox 518 3017 625 3085; x_wconf 82' lang='grc' dir='ltr'><strong><em>συνών</em></strong></span> <span class='ocrx_word' id='word_1_275' title='bbox 646 3021 693 3104; x_wconf 74' lang='grc' dir='ltr'><strong><em>τῷ</em></strong></span> <span class='ocrx_word' id='word_1_276' title='bbox 717 3023 838 3102; x_wconf 90' lang='grc' dir='ltr'><strong><em>πατρί,</em></strong></span> <span class='ocrx_word' id='word_1_277' title='bbox 862 3019 915 3083; x_wconf 85' lang='grc' dir='ltr'><strong><em>καὶ</em></strong></span> <span class='ocrx_word' id='word_1_278' title='bbox 937 3019 996 3082; x_wconf 87' lang='grc' dir='ltr'><strong><em>τοῦ</em></strong></span> <span class='ocrx_word' id='word_1_279' title='bbox 1020 3012 1115 3094; x_wconf 89' lang='grc' dir='ltr'><strong><em>ἄντος</em></strong></span> <span class='ocrx_word' id='word_1_280' title='bbox 1137 3014 1383 3103; x_wconf 79' lang='grc' dir='ltr'><strong><em>πληρούμενος,</em></strong></span> <span class='ocrx_word' id='word_1_281' title='bbox 1405 3019 1462 3082; x_wconf 79' lang='grc' dir='ltr'><strong><em>καί</em></strong></span> 
     </span>
     <span class='ocr_line' id='line_1_27' title="bbox 235 3113 815 3206; baseline -0.007 -18"><span class='ocrx_word' id='word_1_282' title='bbox 235 3113 336 3196; x_wconf 86' lang='grc' dir='ltr'><strong><em>αύτύς</em></strong></span> <span class='ocrx_word' id='word_1_283' title='bbox 358 3118 448 3188; x_wconf 77' lang='grc' dir='ltr'><strong><em>ἐστιν</em></strong></span> <span class='ocrx_word' id='word_1_284' title='bbox 470 3114 516 3186; x_wconf 84' lang='grc' dir='ltr'><strong><em>ἄν</em></strong></span> <span class='ocrx_word' id='word_1_285' title='bbox 539 3119 574 3188; x_wconf 77' lang='grc' dir='ltr'><strong><em>ίκ</em></strong></span> <span class='ocrx_word' id='word_1_286' title='bbox 595 3122 654 3186; x_wconf 86' lang='grc' dir='ltr'><strong><em>τού</em></strong></span> <span class='ocrx_word' id='word_1_287' title='bbox 677 3117 815 3206; x_wconf 89' lang='grc' dir='ltr'><strong><em>πατρός.</em></strong></span> 
     </span>
    </p>

    <p class='ocr_par' dir='ltr' id='par_1_3' title="bbox 235 3211 1467 4214">
     <span class='ocr_line' id='line_1_28' title="bbox 323 3211 1465 3306; baseline 0 -23"><span class='ocrx_word' id='word_1_288' title='bbox 323 3225 371 3284; x_wconf 82' lang='grc'><strong><em>16.</em></strong></span> <span class='ocrx_word' id='word_1_289' title='bbox 419 3224 532 3286; x_wconf 86' lang='grc' dir='ltr'><strong><em>Ταῦτα</em></strong></span> <span class='ocrx_word' id='word_1_290' title='bbox 554 3221 583 3288; x_wconf 86' lang='grc' dir='ltr'><strong><em>εί</em></strong></span> <span class='ocrx_word' id='word_1_291' title='bbox 604 3223 664 3305; x_wconf 79' lang='grc' dir='ltr'><strong><em>μὲν</em></strong></span> <span class='ocrx_word' id='word_1_292' title='bbox 687 3215 883 3306; x_wconf 80' lang='grc' dir='ltr'><strong><em>ἀμφιβόλως</em></strong></span> <span class='ocrx_word' id='word_1_293' title='bbox 904 3215 1056 3302; x_wconf 70' lang='grc' dir='ltr'><strong><em>Ιεἴρηται,</em></strong></span> <span class='ocrx_word' id='word_1_294' title='bbox 1077 3223 1190 3303; x_wconf 88' lang='grc' dir='ltr'><strong><em>χρείαν</em></strong></span> <span class='ocrx_word' id='word_1_295' title='bbox 1211 3211 1276 3300; x_wconf 79' lang='grc' dir='ltr'><strong><em>εἶχε</em></strong></span> <span class='ocrx_word' id='word_1_296' title='bbox 1290 3220 1348 3284; x_wconf 82' lang='grc' dir='ltr'><strong><em>τοῦ</em></strong></span> <span class='ocrx_word' id='word_1_297' title='bbox 1364 3218 1465 3306; x_wconf 81' lang='grc' dir='ltr'><strong><em>ἑ-ρμη</em></strong></span> 
     </span>
     <span class='ocr_line' id='line_1_29' title="bbox 236 3313 1465 3405; baseline 0.004 -25"><span class='ocrx_word' id='word_1_298' title='bbox 236 3313 403 3394; x_wconf 81' lang='grc' dir='ltr'><strong><em>νεύοντος</em></strong></span> <span class='ocrx_word' id='word_1_299' title='bbox 432 3315 615 3404; x_wconf 79' lang='grc' dir='ltr'><strong><em>ίπειάὴὲ</em></strong></span> <span class='ocrx_word' id='word_1_300' title='bbox 579 3321 615 3387; x_wconf 87' lang='lat'><strong><em>55</em></strong></span> <span class='ocrx_word' id='word_1_301' title='bbox 643 3320 766 3396; x_wconf 83' lang='grc' dir='ltr'><strong><em>λευκῶς</em></strong></span> <span class='ocrx_word' id='word_1_302' title='bbox 787 3344 843 3386; x_wconf 89' lang='grc' dir='ltr'><strong><em>και</em></strong></span> <span class='ocrx_word' id='word_1_303' title='bbox 833 3315 1026 3394; x_wconf 82' lang='grc' dir='ltr'><strong><em>πολλάκις</em></strong></span> <span class='ocrx_word' id='word_1_304' title='bbox 1047 3316 1214 3401; x_wconf 75' lang='grc' dir='ltr'><strong><em>περὶτῶν</em></strong></span> <span class='ocrx_word' id='word_1_305' title='bbox 1237 3313 1465 3405; x_wconf 73' lang='grc' dir='ltr'><strong><em>αύτῶνᾶγρα-</em></strong></span> 
     </span>
     <span class='ocr_line' id='line_1_30' title="bbox 236 3406 1465 3538; baseline 0.005 -57"><span class='ocrx_word' id='word_1_306' title='bbox 236 3427 310 3501; x_wconf 85' lang='grc' dir='ltr'><strong><em>ψεν,</em></strong></span> <span class='ocrx_word' id='word_1_307' title='bbox 335 3411 354 3481; x_wconf 91' lang='lat'><em>5</em></span> <span class='ocrx_word' id='word_1_308' title='bbox 375 3417 416 3498; x_wconf 77' lang='grc' dir='ltr'><strong><em>μὲ</em></strong></span> <span class='ocrx_word' id='word_1_309' title='bbox 418 3442 435 3483; x_wconf 90' lang='grc' dir='ltr'><strong><em>ν</em></strong></span> <span class='ocrx_word' id='word_1_310' title='bbox 450 3415 584 3502; x_wconf 81' lang='grc' dir='ltr'><strong><em>’Ἀρειος</em></strong></span> <span class='ocrx_word' id='word_1_311' title='bbox 605 3419 741 3538; x_wconf 84' lang='grc' dir='ltr'><strong><em>τριζέτω</em></strong></span> <span class='ocrx_word' id='word_1_312' title='bbox 762 3415 839 3494; x_wconf 87' lang='grc' dir='ltr'><strong><em>τοὺς</em></strong></span> <span class='ocrx_word' id='word_1_313' title='bbox 855 3411 1035 3496; x_wconf 48' lang='lat' dir='ltr'><strong><em>&amp;domest</em></strong></span> <span class='ocrx_word' id='word_1_314' title='bbox 1018 3419 1105 3501; x_wconf 83' lang='grc' dir='ltr'><strong><em>ορῶν</em></strong></span> <span class='ocrx_word' id='word_1_315' title='bbox 1119 3415 1177 3503; x_wconf 83' lang='grc' dir='ltr'><strong><em>τὴν</em></strong></span> <span class='ocrx_word' id='word_1_316' title='bbox 1193 3419 1321 3504; x_wconf 73' lang='grc' dir='ltr'><strong><em>αἳρεσιν</em></strong></span> <span class='ocrx_word' id='word_1_317' title='bbox 1342 3406 1465 3487; x_wconf 64' lang='grc' dir='ltr'><strong><em>ςαὐτοῦ</em></strong></span> 
     </span>
     <span class='ocr_line' id='line_1_31' title="bbox 235 3511 1464 3606; baseline 0.003 -22"><span class='ocrx_word' id='word_1_318' title='bbox 235 3514 585 3605; x_wconf 70' lang='grc' dir='ltr'><strong><em>καταστρεφομένην’</em></strong></span> <span class='ocrx_word' id='word_1_319' title='bbox 567 3518 635 3584; x_wconf 90' lang='grc' dir='ltr'><strong><em>υπὸ</em></strong></span> <span class='ocrx_word' id='word_1_320' title='bbox 656 3523 854 3598; x_wconf 87' lang='grc' dir='ltr'><strong><em>Διονυσίου,</em></strong></span> <span class='ocrx_word' id='word_1_321' title='bbox 878 3511 973 3584; x_wconf 81' lang='grc' dir='ltr'><strong><em>καί</em></strong></span> <span class='ocrx_word' id='word_1_322' title='bbox 955 3516 1097 3598; x_wconf 90' lang='grc' dir='ltr'><strong><em>ακούων,</em></strong></span> <span class='ocrx_word' id='word_1_323' title='bbox 1122 3514 1208 3604; x_wconf 86' lang='grc' dir='ltr'><strong><em>ἄπερ</em></strong></span> <span class='ocrx_word' id='word_1_324' title='bbox 1230 3517 1275 3606; x_wconf 86' lang='grc' dir='ltr'><strong><em>μὴ</em></strong></span> <span class='ocrx_word' id='word_1_325' title='bbox 1296 3520 1464 3606; x_wconf 75' lang='grc' dir='ltr'><strong><em>βούλεται,</em></strong></span> 
     </span>
     <span class='ocr_line' id='line_1_32' title="bbox 236 3608 1466 3707; baseline 0.007 -24"><span class='ocrx_word' id='word_1_326' title='bbox 236 3621 387 3703; x_wconf 75' lang='grc' dir='ltr'><strong><em>λέγοντος</em></strong></span> <span class='ocrx_word' id='word_1_327' title='bbox 409 3612 527 3684; x_wconf 85' lang='grc' dir='ltr'><strong><em>αύτού·</em></strong></span> <span class='ocrx_word' id='word_1_328' title='bbox 551 3614 605 3685; x_wconf 80' lang='grc' dir='ltr'><strong><em>ἀεὶ</em></strong></span> <span class='ocrx_word' id='word_1_329' title='bbox 627 3613 645 3684; x_wconf 92' lang='lat'><strong><em>5</em></strong></span> <span class='ocrx_word' id='word_1_330' title='bbox 667 3616 751 3698; x_wconf 88' lang='grc' dir='ltr'><strong><em>θεὸς</em></strong></span> <span class='ocrx_word' id='word_1_331' title='bbox 773 3617 881 3703; x_wconf 81' lang='grc' dir='ltr'><strong><em>πατὴρ</em></strong></span> <span class='ocrx_word' id='word_1_332' title='bbox 904 3608 952 3707; x_wconf 84' lang='grc' dir='ltr'><strong><em>ἦν,</em></strong></span> <span class='ocrx_word' id='word_1_333' title='bbox 975 3618 1032 3686; x_wconf 85' lang='grc' dir='ltr'><strong><em>καὶ</em></strong></span> <span class='ocrx_word' id='word_1_334' title='bbox 1055 3614 1072 3684; x_wconf 93' lang='lat'><strong><em>5</em></strong></span> <span class='ocrx_word' id='word_1_335' title='bbox 1095 3617 1166 3698; x_wconf 83' lang='grc' dir='ltr'><strong><em>υίὸς</em></strong></span> <span class='ocrx_word' id='word_1_336' title='bbox 1189 3615 1247 3702; x_wconf 79' lang='grc' dir='ltr'><strong><em>οὐχ</em></strong></span> <span class='ocrx_word' id='word_1_337' title='bbox 1269 3616 1448 3702; x_wconf 82' lang='grc' dir='ltr'><strong><em>ἀπλῶς’</em></strong></span> <span class='ocrx_word' id='word_1_338' title='bbox 1408 3649 1466 3690; x_wconf 88' lang='grc' dir='ltr'><strong><em>αι-</em></strong></span> 
     </span>
     <span class='ocr_line' id='line_1_33' title="bbox 236 3712 1464 3808; baseline 0.003 -22"><span class='ocrx_word' id='word_1_339' title='bbox 236 3717 308 3799; x_wconf 79' lang='grc' dir='ltr'><strong><em>ύιύς</em></strong></span> <span class='ocrx_word' id='word_1_340' title='bbox 329 3718 429 3799; x_wconf 79' lang='grc' dir='ltr'><strong><em>ἐστιν,</em></strong></span> <span class='ocrx_word' id='word_1_341' title='bbox 453 3714 537 3787; x_wconf 79' lang='grc' dir='ltr'><strong><em>ἀλλὰ</em></strong></span> <span class='ocrx_word' id='word_1_342' title='bbox 558 3721 617 3786; x_wconf 87' lang='grc' dir='ltr'><strong><em>τού</em></strong></span> <span class='ocrx_word' id='word_1_343' title='bbox 639 3717 767 3804; x_wconf 86' lang='grc' dir='ltr'><strong><em>πατρὸς</em></strong></span> <span class='ocrx_word' id='word_1_344' title='bbox 782 3712 892 3784; x_wconf 78' lang='grc' dir='ltr'><strong><em>ἀϊδίου</em></strong></span> <span class='ocrx_word' id='word_1_345' title='bbox 909 3716 1012 3798; x_wconf 77' lang='grc' dir='ltr'><strong><em>ὄντος,</em></strong></span> <span class='ocrx_word' id='word_1_346' title='bbox 1029 3712 1138 3798; x_wconf 79' lang='grc' dir='ltr'><strong><em>ἀΐδιος</em></strong></span> <span class='ocrx_word' id='word_1_347' title='bbox 1153 3712 1193 3786; x_wconf 89' lang='grc' dir='ltr'><strong><em>ἄν</em></strong></span> <span class='ocrx_word' id='word_1_348' title='bbox 1209 3719 1259 3808; x_wconf 85' lang='grc' dir='ltr'><strong><em>ε’ίη</em></strong></span> <span class='ocrx_word' id='word_1_349' title='bbox 1275 3721 1331 3789; x_wconf 84' lang='grc' dir='ltr'><strong><em>καὶ</em></strong></span> <span class='ocrx_word' id='word_1_350' title='bbox 1346 3719 1365 3788; x_wconf 96' lang='lat'><strong><em>5</em></strong></span> <span class='ocrx_word' id='word_1_351' title='bbox 1379 3721 1464 3805; x_wconf 77' lang='grc' dir='ltr'><strong><em>υἱός,</em></strong></span> 
     </span>
     <span class='ocr_line' id='line_1_34' title="bbox 235 3813 1466 3942; baseline 0.003 -54"><span class='ocrx_word' id='word_1_352' title='bbox 235 3819 292 3888; x_wconf 82' lang='grc' dir='ltr'><strong><em>καὶ</em></strong></span> <span class='ocrx_word' id='word_1_353' title='bbox 313 3820 463 3891; x_wconf 88' lang='grc' dir='ltr'><strong><em>σύνεστιν</em></strong></span> <span class='ocrx_word' id='word_1_354' title='bbox 486 3818 575 3909; x_wconf 80' lang='grc' dir='ltr'><strong><em>αύτῷ</em></strong></span> <span class='ocrx_word' id='word_1_355' title='bbox 599 3815 644 3901; x_wconf 80' lang='grc' dir='ltr'><strong><em>ὥς</em></strong></span> <span class='ocrx_word' id='word_1_356' title='bbox 662 3822 711 3906; x_wconf 75' lang='grc' dir='ltr'><strong><em>τῷ</em></strong></span> <span class='ocrx_word' id='word_1_357' title='bbox 732 3817 825 3942; x_wconf 76' lang='grc' dir='ltr'><strong><em>φωτὶ</em></strong></span> <span class='ocrx_word' id='word_1_358' title='bbox 845 3818 884 3885; x_wconf 88' lang='grc' dir='ltr'><strong><em>τὸ</em></strong></span> <span class='ocrx_word' id='word_1_359' title='bbox 907 3813 1119 3905; x_wconf 89' lang='grc' dir='ltr'><strong><em>ἀπαύγασμα.</em></strong></span> <span class='ocrx_word' id='word_1_360' title='bbox 1165 3820 1198 3888; x_wconf 77' lang='grc' dir='ltr'><strong><em>οἱ</em></strong></span> <span class='ocrx_word' id='word_1_361' title='bbox 1219 3822 1256 3890; x_wconf 88' lang='lat'><strong><em>55</em></strong></span> <span class='ocrx_word' id='word_1_362' title='bbox 1277 3817 1337 3912; x_wconf 71' lang='grc' dir='ltr'><strong><em>κᾶν</em></strong></span> <span class='ocrx_word' id='word_1_363' title='bbox 1358 3823 1466 3908; x_wconf 89' lang='grc' dir='ltr'><strong><em>μόνον</em></strong></span> 
     </span>
     <span class='ocr_line' id='line_1_35' title="bbox 235 3915 1467 4014; baseline 0.005 -26"><span class='ocrx_word' id='word_1_364' title='bbox 235 3916 482 4011; x_wconf 85' lang='grc' dir='ltr'><strong><em>ύπονοήσαντες</em></strong></span> <span class='ocrx_word' id='word_1_365' title='bbox 502 3922 683 3992; x_wconf 87' lang='grc' dir='ltr'><strong><em>Διονύσιον</em></strong></span> <span class='ocrx_word' id='word_1_366' title='bbox 704 3920 747 3990; x_wconf 86' lang='grc' dir='ltr'><strong><em>τὰ</em></strong></span> <span class='ocrx_word' id='word_1_367' title='bbox 765 3915 896 4008; x_wconf 79' lang='grc' dir='ltr'><strong><em>Ἀρείου</em></strong></span> <span class='ocrx_word' id='word_1_368' title='bbox 913 3930 1048 4009; x_wconf 79' lang='grc' dir='ltr'><strong><em>φρονεῖν</em></strong></span> <span class='ocrx_word' id='word_1_369' title='bbox 1063 3923 1438 3992; x_wconf 65' lang='grc' dir='ltr'><strong><em>ι’κατατιθέσθωσαν</em></strong></span> <span class='ocrx_word' id='word_1_370' title='bbox 1403 3949 1467 4014; x_wconf 88' lang='grc' dir='ltr'><strong><em>την</em></strong></span> 
     </span>
     <span class='ocr_line' id='line_1_36' title="bbox 235 4018 1465 4114; baseline 0.002 -24"><span class='ocrx_word' id='word_1_371' title='bbox 235 4025 314 4110; x_wconf 82' lang='grc' dir='ltr'><strong><em>περὶ</em></strong></span> <span class='ocrx_word' id='word_1_372' title='bbox 337 4018 438 4090; x_wconf 84' lang='grc' dir='ltr'><strong><em>αύτού</em></strong></span> <span class='ocrx_word' id='word_1_373' title='bbox 460 4025 615 4113; x_wconf 85' lang='grc' dir='ltr'><strong><em>τοιαύτην</em></strong></span> <span class='ocrx_word' id='word_1_374' title='bbox 638 4027 832 4114; x_wconf 84' lang='grc' dir='ltr'><strong><em>δυςφημίαν.</em></strong></span> <span class='ocrx_word' id='word_1_375' title='bbox 863 4029 948 4090; x_wconf 89' lang='grc' dir='ltr'><strong><em>ποία</em></strong></span> <span class='ocrx_word' id='word_1_376' title='bbox 968 4022 1030 4111; x_wconf 83' lang='grc' dir='ltr'><strong><em>γὰρ</em></strong></span> <span class='ocrx_word' id='word_1_377' title='bbox 1052 4030 1209 4092; x_wconf 89' lang='grc' dir='ltr'><strong><em>κοινωνία</em></strong></span> <span class='ocrx_word' id='word_1_378' title='bbox 1229 4025 1360 4106; x_wconf 87' lang='grc' dir='ltr'><strong><em>τούτοις</em></strong></span> <span class='ocrx_word' id='word_1_379' title='bbox 1380 4026 1465 4107; x_wconf 72' lang='grc' dir='ltr'><strong><em>ἔστί,</em></strong></span> 
     </span>
     <span class='ocr_line' id='line_1_37' title="bbox 235 4113 1466 4214; baseline 0.004 -24"><span class='ocrx_word' id='word_1_380' title='bbox 235 4125 295 4190; x_wconf 83' lang='grc' dir='ltr'><strong><em>τοῦ</em></strong></span> <span class='ocrx_word' id='word_1_381' title='bbox 322 4125 383 4208; x_wconf 80' lang='grc' dir='ltr'><strong><em>μὲν</em></strong></span> <span class='ocrx_word' id='word_1_382' title='bbox 399 4120 530 4211; x_wconf 80' lang='grc' dir='ltr'><strong><em>Ἀρείου</em></strong></span> <span class='ocrx_word' id='word_1_383' title='bbox 559 4125 725 4211; x_wconf 78' lang='grc' dir='ltr'><strong><em>λέγοντος·</em></strong></span> <span class='ocrx_word' id='word_1_384' title='bbox 756 4119 814 4194; x_wconf 89' lang='grc' dir='ltr'><strong><em>ούκ</em></strong></span> <span class='ocrx_word' id='word_1_385' title='bbox 841 4113 881 4214; x_wconf 79' lang='grc' dir='ltr'><strong><em>ἧν</em></strong></span> <span class='ocrx_word' id='word_1_386' title='bbox 904 4120 922 4192; x_wconf 91' lang='lat'><strong><em>5</em></strong></span> <span class='ocrx_word' id='word_1_387' title='bbox 944 4125 1016 4204; x_wconf 82' lang='grc' dir='ltr'><strong><em>υίὸς</em></strong></span> <span class='ocrx_word' id='word_1_388' title='bbox 1037 4123 1119 4212; x_wconf 82' lang='grc' dir='ltr'><strong><em>πρὶν</em></strong></span> <span class='ocrx_word' id='word_1_389' title='bbox 1140 4129 1298 4212; x_wconf 80' lang='grc' dir='ltr'><strong><em>γεννηθῇ,</em></strong></span> <span class='ocrx_word' id='word_1_390' title='bbox 1330 4116 1443 4194; x_wconf 71' lang='grc' dir='ltr'><strong><em>ἀλλ”</em></strong></span> <span class='ocrx_word' id='word_1_391' title='bbox 1423 4153 1466 4212; x_wconf 82' lang='grc' dir='ltr'><strong><em>ην</em></strong></span> 
     </span>
    </p>
   </div>
   <div class='ocr_carea' id='block_1_3' title="bbox 307 4343 1072 4408">
    <p class='ocr_par' dir='ltr' id='par_1_4' title="bbox 307 4343 1072 4408">
     <span class='ocr_line' id='line_1_38' title="bbox 307 4343 1072 4408; baseline -0.003 -12"><span class='ocrx_word' id='word_1_392' title='bbox 307 4343 799 4408; x_wconf 76' lang='grc' dir='ltr'><strong><em>1)Ρτοτ.8,30.2)1υτυ.4,24.</em></strong></span> <span class='ocrx_word' id='word_1_393' title='bbox 870 4343 1072 4408; x_wconf 57' lang='grc' dir='ltr'><strong><em>τιττμανν.</em></strong></span> 
     </span>
    </p>
   </div>
   <div class='ocr_carea' id='block_1_4' title="bbox 239 4505 1464 4716">
    <p class='ocr_par' dir='ltr' id='par_1_5' title="bbox 239 4505 1464 4716">
     <span class='ocr_line' id='line_1_39' title="bbox 273 4505 1464 4627; baseline -0.002 -63"><span class='ocrx_word' id='word_1_394' title='bbox 273 4530 297 4564; x_wconf 83' lang='grc' dir='ltr'><strong><em>ι.</em></strong></span> <span class='ocrx_word' id='word_1_395' title='bbox 314 4514 355 4565; x_wconf 82' lang='lat' dir='ltr'><strong><em>Sic</em></strong></span> <span class='ocrx_word' id='word_1_396' title='bbox 372 4515 429 4576; x_wconf 62' lang='lat' dir='ltr'><strong><em>Rea.</em></strong></span> <span class='ocrx_word' id='word_1_397' title='bbox 448 4513 546 4564; x_wconf 82' lang='grc' dir='ltr'><strong><em>Τιατία</em></strong></span> <span class='ocrx_word' id='word_1_398' title='bbox 557 4509 625 4564; x_wconf 73' lang='grc' dir='ltr'><strong><em>ΕοΙο.</em></strong></span> <span class='ocrx_word' id='word_1_399' title='bbox 637 4513 682 4563; x_wconf 73' lang='lat' dir='ltr'><strong><em>les.</em></strong></span> <span class='ocrx_word' id='word_1_400' title='bbox 719 4512 746 4562; x_wconf 89' lang='lat' dir='ltr'><strong><em>ln</em></strong></span> <span class='ocrx_word' id='word_1_401' title='bbox 765 4513 821 4562; x_wconf 71' lang='lat' dir='ltr'>edit.</span> <span class='ocrx_word' id='word_1_402' title='bbox 874 4505 976 4559; x_wconf 78' lang='grc' dir='ltr'><strong><em>πολλοῦ</em></strong></span> <span class='ocrx_word' id='word_1_403' title='bbox 959 4523 1029 4627; x_wconf 64' lang='grc' dir='ltr'><strong><em>φτ</em></strong></span> <span class='ocrx_word' id='word_1_404' title='bbox 1042 4505 1238 4576; x_wconf 72' lang='grc' dir='ltr'><strong><em>σεϊπαρεῖναι.</em></strong></span> <span class='ocrx_word' id='word_1_405' title='bbox 1275 4509 1343 4562; x_wconf 70' lang='lat' dir='ltr'><em>w</em></span> <span class='ocrx_word' id='word_1_406' title='bbox 1358 4505 1464 4562; x_wconf 75' lang='grc' dir='ltr'><strong><em>πολλοῦ</em></strong></span> 
     </span>
     <span class='ocr_line' id='line_1_40' title="bbox 239 4571 1180 4660; baseline -0.007 -26"><span class='ocrx_word' id='word_1_407' title='bbox 239 4571 359 4660; x_wconf 73' lang='grc' dir='ltr'><strong><em>ίῆλιοτ.</em></strong></span> <span class='ocrx_word' id='word_1_408' title='bbox 392 4582 445 4632; x_wconf 66' lang='grc' dir='ltr'><strong><em>θοι</em></strong></span> <span class='ocrx_word' id='word_1_409' title='bbox 462 4579 519 4632; x_wconf 74' lang='lat' dir='ltr'><strong>editi</strong></span> <span class='ocrx_word' id='word_1_410' title='bbox 538 4588 562 4631; x_wconf 79' lang='grc' dir='ltr'><strong><em>τι</em></strong></span> <span class='ocrx_word' id='word_1_411' title='bbox 580 4581 635 4643; x_wconf 67' lang='grc' dir='ltr'><strong><em>[τις.</em></strong></span> <span class='ocrx_word' id='word_1_412' title='bbox 651 4571 721 4628; x_wconf 80' lang='grc' dir='ltr'><strong><em>πολύ</em></strong></span> <span class='ocrx_word' id='word_1_413' title='bbox 734 4591 767 4644; x_wconf 85' lang='grc' dir='ltr'><strong><em>γε</em></strong></span> <span class='ocrx_word' id='word_1_414' title='bbox 781 4573 824 4628; x_wconf 76' lang='grc' dir='ltr'><strong><em>δεῖ</em></strong></span> <span class='ocrx_word' id='word_1_415' title='bbox 872 4572 968 4644; x_wconf 75' lang='grc' dir='ltr'><strong><em>γεκαὶ</em></strong></span> <span class='ocrx_word' id='word_1_416' title='bbox 1002 4593 1027 4630; x_wconf 88' lang='grc' dir='ltr'><strong><em>ει</em></strong></span> <span class='ocrx_word' id='word_1_417' title='bbox 1017 4576 1180 4646; x_wconf 73' lang='grc' dir='ltr'><strong><em>παρεῖναι.</em></strong></span> 
     </span>
     <span class='ocr_line' id='line_1_41' title="bbox 239 4639 1312 4716; baseline -0.006 -14"><span class='ocrx_word' id='word_1_418' title='bbox 239 4651 307 4716; x_wconf 63' lang='grc' dir='ltr'><strong><em>(αις.</em></strong></span> <span class='ocrx_word' id='word_1_419' title='bbox 325 4641 369 4710; x_wconf 76' lang='lat'><strong><em>55)</em></strong></span> <span class='ocrx_word' id='word_1_420' title='bbox 386 4639 433 4698; x_wconf 77' lang='grc' dir='ltr'><strong><em>καί</em></strong></span> <span class='ocrx_word' id='word_1_421' title='bbox 448 4645 585 4714; x_wconf 74' lang='grc' dir='ltr'><strong><em>παρεῖναι.</em></strong></span> <span class='ocrx_word' id='word_1_422' title='bbox 613 4648 685 4699; x_wconf 82' lang='grc' dir='ltr'><strong><em>Τιττ.</em></strong></span> <span class='ocrx_word' id='word_1_423' title='bbox 694 4647 763 4698; x_wconf 71' lang='lat' dir='ltr'><strong>colb.</strong></span> <span class='ocrx_word' id='word_1_424' title='bbox 774 4645 820 4699; x_wconf 72' lang='lat' dir='ltr'><strong><em>les·</em></strong></span> <span class='ocrx_word' id='word_1_425' title='bbox 907 4647 932 4698; x_wconf 84' lang='lat' dir='ltr'><strong><em>b.</em></strong></span> <span class='ocrx_word' id='word_1_426' title='bbox 951 4647 1048 4701; x_wconf 73' lang='lat' dir='ltr'>Taurin.</span> <span class='ocrx_word' id='word_1_427' title='bbox 1068 4647 1136 4700; x_wconf 71' lang='lat' dir='ltr'><strong>colb.</strong></span> <span class='ocrx_word' id='word_1_428' title='bbox 1155 4647 1201 4698; x_wconf 81' lang='grc' dir='ltr'><strong><em>Ιω.</em></strong></span> <span class='ocrx_word' id='word_1_429' title='bbox 1220 4640 1312 4707; x_wconf 74' lang='grc' dir='ltr'><strong><em>λῆξαν.</em></strong></span> 
     </span>
    </p>
   </div>
   <div class='ocr_carea' id='block_1_5' title="bbox 0 0 1618 5280">
    <p class='ocr_par' dir='ltr' id='par_1_6' title="bbox 0 0 1618 5280">
     <span class='ocr_line' id='line_1_42' title="bbox 0 0 1618 5280; baseline 0 0"><span class='ocrx_word' id='word_1_430' title='bbox 0 0 1618 5280; x_wconf 95' lang='lat' dir='ltr'><strong><em> </em></strong></span> 
     </span>
    </p>
   </div>
  </div>
 </body>
</html>
