3236 5286
236 375 296 436 174
636 395 663 438 ε.
679 395 833 440 amma
844 387 1066 435 ιιεειιειεεοει

144 553 224 598 m.
233 537 341 621 λέγετε
361 551 488 602 ἀντον.
535 561 673 624 ανοητοι
693 541 749 605 καί
769 531 970 624 φιλόνεικοιί
1014 532 1042 600 εί
1069 533 1130 617 μὲν
1157 532 1219 618 γὰρ
1241 527 1360 613 εἰίόίως
1380 559 1460 602 σνν-

233 645 318 702 είναι
338 633 443 719 μόνον
466 634 567 707 αύτὸν
589 639 756 725 ἐλέγομεν,
780 633 900 720 καὶμὴ
923 632 1009 715 υλόν,
1038 632 1192 720 ιπιθανή
1213 659 1265 714 τις
1285 624 1325 724 ἦν
1347 632 1458 703 αύτιῦν

230 729 504 828 ἦπροςποίητος
526 737 684 826 εὐλάβεια,
708 737 738 803 εί
759 737 795 802 δέ
817 732 926 804 ἀίδιον
949 738 1097 821 λέγοντες
1118 732 1340 822 ὁμολογοῦμεν
1356 733 1457 806 αύτὸν

230 833 303 904 υίὸν
327 836 364 908 ἓν
385 844 529 930 πατρός,
552 845 625 918 πιῦς
646 835 664 905 6
684 835 855 924 γεννηθείς
877 831 1023 925 ἀδελφὸς
1043 841 1102 904 τοῦ
1124 837 1338 925 γεννήσαντος
1359 838 1458 906 δύνα-

231 965 291 1008 ται
310 944 528 1028 νομίζεσθαι,·
559 943 612 1008 καί
635 939 664 1005 εἰ
685 938 733 1016 είς
753 944 888 1026 πατέρα
908 941 962 1006 καί
986 938 1057 1007 αλὸν
1077 935 1171 1028 ἡμῶν
1193 940 1283 1008 ἐστιν
1297 937 1317 1029 ἡ
1332 948 1457 1022 πίστις,

233 1049 319 1111 ποία
348 1039 530 1132 ἀδελφότης
557 1040 590 1106 έν
611 1036 741 1118 τούτοις
764 1039 872 1123 ἐστίν,·
904 1033 926 1128 ἢ
947 1043 1022 1119 πῶς
1043 1039 1181 1108 όύναται
1204 1038 1223 1107 6
1244 1042 1341 1129 λόγος
1363 1038 1460 1110 ἇόελ-

235 1144 301 1233 φὸς
329 1147 503 1232 ·λίγεσθαι
529 1139 660 1220 τούτου,
691 1130 730 1207 οὗ
758 1139 814 1208 καὶ
835 1141 908 1208 ἔστι
929 1141 1043 1232 λόγος,·
1077 1137 1135 1208 οῦν
1157 1143 1248 1210 ἔστιν
1269 1139 1460 1232 ἀντίρρησις

188 1233 194 1244 ’
235 1245 318 1336 αῦτη
341 1243 386 1324 ιύς
406 1243 498 1330 παρὰ
520 1236 723 1328 ἀγνοούντων
744 1239 913 1331 γινομένη·
936 1247 1102 1330 συνορῶσι
1123 1243 1262 1330 γὰρκαὶ
1284 1240 1380 1312 αὐτοὶ
1400 1243 1460 1332 τὴν

236 1342 414 1436 ἀλήθειαν·
437 1339 521 1410 οἰλλὰ
541 1342 715 1432 πρόφασίς
736 1343 826 1411 ἐστιν
838 1340 997 1433 ’ίουόαίκὴ
1012 1349 1066 1412 καί
1081 1344 1259 1426 θελόντων,
1283 1342 1350 1424 ’ὥς
1365 1341 1459 1414 ελπεν

92 1470 95 1476 ’
140 1495 142 1500 .
235 1444 431 1529 όΣολομιόν
439 1447 468 1525 ¹),
494 1438 564 1511 &ab
585 1447 643 1533 τῆς
665 1440 827 1532 ἀληθείας
845 1447 1058 1532 χωρίζεσθαι.
1089 1442 1128 1513 ού
1148 1446 1210 1532 γὰρ
1233 1447 1267 1514 όιι
1287 1469 1378 1524 τινος
1400 1441 1460 1532 ἆρ-

229 1550 289 1631 χῆς
311 1546 589 1634 προϋπαρχούσης
611 1541 630 1611 6
652 1545 762 1633 πατὴρ
783 1545 840 1614 καὶ
854 1543 872 1613 ό
887 1547 960 1626 υίὸς
975 1547 1203 1635 ἐγεννήθησαν,
1220 1547 1276 1614 ἵνα
1289 1545 1346 1614 καὶ
1360 1542 1459 1615 66⁶6-

233 1649 292 1734 φολ
315 1649 542 1731 νομισθῶσιν·
566 1641 634 1715 ἀλλ’
660 1643 677 1713 6
701 1646 811 1736 πατὴρ
834 1643 914 1734 ἀρχὴ
936 1652 995 1714 τοῦ
1017 1649 1090 1715 οίοῦ
1111 1651 1165 1715 καί
1180 1648 1358 1734 ’γεννήτωρ
1374 1647 1455 1728 ἐστί,

146 1750 285 1815 τιμηταὶ
308 1744 328 1815 6
349 1747 459 1834 πατὴρ
482 1749 592 1836 πατήρ
615 1749 696 1830 ἐστι,
719 1751 773 1816 καί
797 1743 855 1833 ούχ
877 1748 948 1830 υίός
969 1773 1060 1829 τινος
1080 1755 1198 1837 γέγονε,
1221 1752 1276 1816 καὶ
1300 1745 1406 1829 όαίὸς
1421 1750 1458 1818 δὲ

231 1848 304 1931 υἱός
325 1849 397 1918 έοτι
417 1851 472 1916 καί
495 1845 553 1919 οῦκ
575 1845 729 1938 ἀδελφός.
770 1849 800 1917 εἰ
821 1852 858 1918 δὲ
880 1846 991 1919 ἀίδιον
1012 1857 1153 1939 γέννημα
1174 1855 1232 1918 τοῦ
1255 1851 1383 1938 πατρὸς
1405 1854 1459 1920 λί-

232 1977 333 2040 γειαι,
356 1953 464 2032 καλῶς
486 1954 623 2040 λέγεται.
669 1947 706 2019 ού
729 1951 791 2038 γὰρ
814 1947 930 2039 ἀτελὴς
951 1948 1050 2020 οῦσία
1070 1957 1131 2020 τοῦ
1153 1952 1281 2040 πατρὸς
1300 1945 1341 2041 ἦν
1363 1977 1457 2035 ποτε,

232 2055 289 2122 ἰ’να
308 2055 361 2120 καί
383 2051 423 2118 τὸ
445 2054 548 2122 ’λόεον
571 2049 671 2142 αὐτῆς
693 2053 915 2141 έπεσυμβαίνῃ
937 2055 1049 2140 ταύτῃ,
1074 2050 1150 2121 οῦδὲ
1166 2051 1211 2132 ὣς
1226 2053 1411 2140 ἄνθρωπος
1426 2055 1461 2136 ἐξ

232 2149 416 2241 ἇνθρώπου
438 2163 625 2244 γεγέννηται
646 2152 665 2222 6
688 2155 768 2235 υἱός,
792 2156 848 2221 ἵνα
868 2155 925 2222 καί
938 2152 1088 2242 ὑστερίζῃ
1104 2159 1163 2243 τῆς
1175 2155 1335 2242 πατρῴας
1350 2153 1459 2242 ύπόρ-

232 2257 328 2336 ξειις·
352 2251 437 2324 ἀλλὰ
457 2261 541 2325 θεοῦ
562 2255 704 2343 γέννημό
726 2257 806 2336 ἐστι,
829 2258 882 2322 καί
905 2253 971 2335 Ιτός
991 2260 1076 2323 θεοῦ
1098 2260 1156 2323 τοῦ
1180 2251 1231 2324 ἇελ
1255 2255 1351 2335 ὄντος
1371 2257 1459 2335 ἴδιος

234 2352 279 2424 νῦν
300 2355 373 2437 υἱὸς
395 2353 512 2437 ἇίόίως
533 2355 682 2445 όπόρχει.
722 2353 915 2443 ἀνθρώπων
937 2359 997 2442 μὲν
1013 2356 1079 2444 γὰρ
1102 2357 1190 2424 ἰ’ύιον
1212 2357 1275 2424 1’τό
1298 2357 1332 2424 ἐν
1351 2357 1457 2444 χρόνῳ

230 2462 345 2546 γεννᾶν
368 2457 486 2527 διὰτὸ
509 2454 621 2538 ἀτελὲς
642 2463 700 2544 τῆς
722 2456 864 2546 φύσεως,
887 2462 971 2526 θεοῦ
994 2458 1030 2525 δέ
1052 2453 1163 2525 ἂίόιον
1184 2456 1223 2524 τὸ
1244 2464 1387 2545 γέννημα
1402 2457 1459 2524 διὰ

230 2558 270 2626 τὸ
298 2555 350 2628 ἀεὶ
377 2561 503 2628 τέλειον
531 2563 589 2648 τῆς
618 2559 758 2647 φύσεως.
804 2559 834 2626 εί
854 2561 915 2644 μὲν
937 2549 995 2626 οῦν
1017 2555 1075 2636 τόν
1097 2561 1187 2628 ἔστιν
1209 2560 1295 2641 υἱός,
1330 2554 1399 2626 ἀλλ’
1423 2557 1460 2638 ἐξ

231 2656 290 2728 οῦκ
312 2660 416 2730 ὄντων
438 2668 569 2748 ποίημα
589 2667 709 2748 γέγονε,
733 2661 954 2728 όεικνύτωσαν
968 2661 1140 2746 πρότερον,
1156 2663 1211 2728 καί
1227 2657 1272 2739 ὥς
1286 2663 1363 2746 περί
1378 2681 1459 2726 ποι-

114 2789 117 2796 ·
230 2761 358 2849 ήματος
386 2763 629 2852 φανταζόμενοι
656 2763 877 2850 κραζέτωσαν,
900 2759 971 2829 ι’ότι
997 2753 1037 2848 ἦν
1059 2786 1143 2830 ποτε
1165 2759 1221 2829 ότε
1243 2757 1301 2829 ούκ
1321 2751 1378 2850 ἦν·
1401 2755 1459 2828 οῦκ

234 2861 314 2931 όντα
334 2865 396 2954 γὰρ
418 2871 529 2953 γέγονε
550 2865 592 2932 τὰ
613 2864 739 2952 γενητό.
784 2865 814 2932 εί
836 2865 873 2930 δὲ
894 2863 965 2943 υἱός
987 2863 1060 2930 ἐστι
1081 2867 1190 2957 (τοῦτο
1211 2863 1341 2949 γὰρκαὶ
1358 2857 1376 2929 ό
1392 2887 1460 2930 πα-

234 2964 294 3052 τὴρ
317 2967 480 3054 λέγεικαὶ
501 2968 683 3054 αλγραφαὶ
705 2969 840 3052 βοῶσι),
863 2965 903 3031 τὸ
925 2967 962 3033 δὲ
983 2964 1055 3045 υίὸς
1076 2963 1172 3032 οῦδὲν
1195 2963 1305 3051 ἕτερόν
1327 2957 1461 3052 έστινῆ

235 3065 274 3132 τό
297 3067 331 3134 ίνι
350 3075 409 3136 τοῦ
431 3069 560 3156 πατρὸς
582 3068 797 3155 γεννώμενον,
827 3066 867 3133 τὸ
896 3067 1153 3153 όὲγεννώμενον
1175 3066 1210 3133 ἐκ
1229 3069 1310 3132 1“τοῦ
1332 3065 1460 3153 πατρὸς

235 3167 331 3254 λόγος
354 3169 443 3238 ἐστίν
466 3166 566 3238 αὐτοῦ
587 3173 642 3238 καί
664 3176 771 3258 σοφία
791 3171 845 3235 καί
869 3163 1087 3254 ἀπαύγασμα·
1110 3177 1144 3234 τί
1166 3170 1217 3236 δεῖ
1239 3170 1343 3254 λέγειν
1364 3163 1385 3255 ἢ
1407 3165 1461 3235 ότι

235 3271 398 3356 λέγοντες·
420 3261 460 3356 ἦν
482 3295 566 3338 ποτε
589 3268 645 3337 ῦτε
666 3267 724 3338 οὖν
745 3262 784 3356 ἦν
807 3267 921 3349 ῦυίός,
945 3265 991 3348 ὡς
1004 3271 1123 3358 λῃσταί
1137 3295 1225 3349 τινες
1244 3264 1459 3336 ιἆποσαλιῦσι

235 3369 292 3437 τὸν
315 3369 412 3455 λόγον
435 3368 504 3438 ἀπὸ
526 3375 584 3436 τοῦ
606 3374 699 3451 θεοῦ,
722 3375 777 3437 καὶ
800 3369 951 3456 ἄντικρυς
972 3367 1040 3436 κατ’
1059 3366 1160 3437 αὐτοῦ
1176 3377 1387 3458 φθέγγονται,
1405 3365 1459 3435 ὅτι

234 3462 274 3558 ἦν
296 3494 380 3539 ποτε
401 3474 460 3538 τοῦ
485 3471 570 3538 ίόίου
593 3473 692 3557 λόγου
713 3473 767 3538 καί
788 3457 940 3558 ΙΙσοφίας
960 3477 1068 3558 χωρίς,
1091 3475 1146 3538 καὶ
1167 3473 1206 3538 τό
1229 3475 1302 3561 φῶς
1320 3461 1360 3556 ἦν
1375 3493 1459 3538 ποτε

236 3575 336 3658 χωρίς
358 3568 466 3658 αὐγῆς,
490 3570 545 3637 καὶ
568 3569 686 3655 ἄγονος
706 3561 745 3658 ἦν
767 3568 786 3659 ἦ
809 3570 897 3658 πηγὴ
919 3571 976 3640 καὶ
997 3572 1096 3660 ξηρός
1129 3569 1189 3660 κᾷν
1210 3574 1271 3660 γὰρ
1293 3572 1332 3640 τὸ
1354 3569 1460 3657 ὄνομα

235 3675 294 3738 τοῦ
320 3672 439 3758 χρόνον
468 3670 753 3757 προςποιούμενοι
775 3678 961 3761 φοβεῖσθαι
983 3672 1040 3741 διὰ
1060 3674 1138 3752 τοὺς
1160 3672 1381 3756 ὀνειδίζοντας
1401 3667 1461 3739 αό-

236 3772 312 3851 τοῦς
335 3774 455 3860 λέγωσι
476 3772 543 3860 πρὸ
564 3771 691 3859 χρόνων
714 3768 814 3840 αὐτὸν
836 3767 937 3853 εἶναι,
970 3769 1038 3841 ἄλλ’
1064 3771 1155 3859 ὅμως
1178 3773 1231 3842 ότι
1244 3775 1461 3866 ,όιαστήματά

233 3899 308 3940 τινα
336 3873 489 3942 διδόασιν
496 3927 505 3958 ,
538 3873 572 3942 ἐν
599 3869 650 3953 οἷς
669 3873 715 3962 μὴ
739 3869 823 3944 εἶναι
845 3868 945 3942 αῦτὸν
969 3875 1205 3962 φαντάζονται,
1240 3871 1336 3944 οῦδὲν
1363 3865 1462 3964 ἧττον

303 4129 327 4188 ¹}
346 4130 413 4180 νων.
434 4094 473 4192 ιε,
494 4131 516 4180 ι.

270 4277 291 4312 ι.
310 4263 450 4323 θιασεύειν.
469 4260 577 4309 τοῦτον.
907 4263 1149 4321 λῦοίνίπῑῦείελαε,
1161 4255 1226 4316 λῦε
1238 4255 1460 4328 φησίΣολομιύν.

269 4329 293 4378 b.
311 4329 384 4379 ΒιείΙ.
409 4323 568 4388 πιθανότης.
604 4331 744 4390 8εςοετίεα.
763 4331 821 4380 inid.
907 4347 929 4381 ε,
947 4332 988 4380 Sic
1006 4332 1145 4393 Saguntina.
1164 4331 1262 4380 δοῦλον.
1281 4339 1306 4380 ει
1320 4331 1424 4384 ῦελελοι,
1437 4329 1459 4377 ί.

236 4388 461 4463 ἢπροτποίιμοε.
498 4389 822 4462 Εσίιὶοΰοωωε1.ἢπρότ
873 4401 901 4447 λι
919 4400 1040 4461 anglicam
1058 4391 1172 4463 γενητόν·
1188 4390 1253 4448 ἐστι.
1284 4397 1328 4446 Alii
1344 4403 1367 4444 ει
1385 4396 1460 4446 editio

236 4461 319 4512 τοῦτο
342 4455 519 4529 πραςποιητῆ.
557 4465 602 4514 Alii
625 4457 640 4522 ἧ
664 4457 735 4529 πρὸς
759 4463 821 4512 τοῦ·
874 4465 990 4516 Commel.
1008 4460 1143 4530 γεννητιὶς
1159 4457 1226 4512 ἐστι.

237 4541 270 4578 το
286 4527 475 4598 προτποίητοτ.
907 4533 923 4582 ί.
948 4533 989 4582 Sic
1012 4537 1111 4594 seguer.
1139 4532 1237 4582 Gohler.
1263 4539 1287 4582 εί
1310 4529 1416 4580 Ρείιλοι.
1435 4527 1459 4577 1.

271 4611 291 4648 τ.
310 4607 410 4663 senet.
429 4609 452 4651 εί
470 4597 574 4650 ΈεΙιΙιιο.
586 4599 608 4650 5.
627 4594 766 4663 γενέσθαι.
872 4599 935 4649 Είίιί
953 4613 1008 4650 vero
1027 4607 1051 4650 τί
1069 4599 1110 4650 ulii
1127 4590 1225 4651 ἀΐδιον.
