3176 5304
206 411 224 454 “.
245 383 288 464 22
774 407 948 452 enarrarre.
1016 427 1020 438 ·

247 582 398 628 sacrarum
421 562 585 624 litterarum
614 558 700 622 dictis
730 558 894 621 sententias
917 555 1109 637 probaverint
1131 563 1164 618 et
1182 563 1285 617 contra
1308 553 1502 618 baeretico-

247 687 314 730 rum
348 664 467 727 fraudes
494 661 690 723 defenderint
742 659 840 740 Cyrilli
863 658 1059 732 catecheses,
1087 656 1125 719 de
1155 657 1263 738 quibus
1293 664 1379 718 entea
1408 657 1502 730 dixi,

248 769 323 831 alius
352 773 424 829 sunt
453 762 570 844 generis
600 763 663 824 sire
691 764 815 824 formae.
879 760 1062 840 Neque-buc
1087 759 1193 821 reierri
1214 765 1316 838 potest
1343 758 1499 838 Gregorii

248 868 375 950 Nysseni
397 865 499 929 Oratio
523 864 716 938 catechetioa,
739 865 769 925 in
792 882 849 942 qua
872 861 1045 941 ingeniosus
1068 860 1116 922 ille
1144 859 1301 938 theologus
1324 859 1353 920 id
1376 859 1497 938 potius

249 968 436 1053 propositum
469 965 587 1038 habuit,
622 965 730 1038 otiis,
768 981 894 1044 quorum
923 980 1031 1024 munus
1060 969 1143 1023 esset
1163 960 1303 1034 ludaeos,
1336 961 1498 1034 Graecos,

248 1069 415 1132 haereticos
437 1066 475 1128 ad
507 1065 664 1129 eeclesiam
696 1066 871 1128 accedentes
904 1065 1073 1136 instituere,
1107 1063 1185 1124 riam
1218 1069 1498 1133 commonstraret,

249 1189 307 1250 qua
330 1170 366 1231 ad
389 1168 477 1229 tidem
499 1167 613 1229 veritati
642 1167 758 1229 divinae
785 1166 946 1229 taciendam
975 1163 1090 1244 ingredi
1113 1161 1265 1225 deberent.
1308 1161 1428 1223 Etenim
1454 1173 1497 1224 ut

140 1319 144 1328 .
248 1270 280 1333 in
303 1270 426 1333 exordio
449 1269 506 1342 ait,
530 1259 568 1332 οὗ
589 1265 654 1352 μὴν
677 1263 694 1331 ό
718 1260 816 1344 αὐτὸς
844 1267 902 1352 τῆς
931 1263 1146 1341 διδασκαλίας
1166 1260 1292 1348 τρόπος
1313 1259 1370 1328 tart
1393 1260 1494 1328 πάν-

250 1394 316 1435 των
339 1361 479 1454 ἁρμόσει
493 1369 559 1433 τῶν
585 1365 794 1453 προσιόντων
816 1369 864 1452 τῷ
887 1363 983 1450 λόγῳ,
1008 1359 1092 1430 ἀλλὰ
1113 1362 1197 1430 κατὰ
1218 1363 1279 1441 τὰς
1303 1366 1370 1429 τῶν
1392 1367 1492 1448 θρη-

250 1471 368 1536 oneror
391 1465 556 1555 διαφορὰς
581 1467 806 1554 μεθαρμόζειν
834 1465 1069 1554 προσήκεικαὶ
1092 1463 1150 1552 τὴν
1172 1464 1363 1552 κατήχησιν,
1393 1461 1493 1549 πρὸς

249 1568 308 1636 τὸν
330 1563 429 1636 αὐτὸν
456 1569 516 1652 μὲν
545 1564 691 1655 ὁρῶντας
719 1573 777 1635 τοῦ
808 1567 906 1654 λόγου
937 1565 1078 1647 σκοπὸν,
1108 1561 1166 1649 οὐχ
1188 1559 1423 1650 ὁμοιοτρόπως
1447 1566 1493 1632 δὲ
1547 1599 1556 1614 ·

250 1680 325 1749 ταῖς
353 1679 569 1749 κατασκευαῖς
597 1664 647 1756 ἐφ’
680 1670 816 1736 ἑκάστου
843 1674 1038 1754 χρωμένους.
1091 1671 1192 1749 ltaque
1222 1669 1258 1731 de
1292 1669 1489 1748 dogmatibus

251 1773 393 1835 disseruit
421 1783 491 1835 tunc
512 1774 542 1834 in
572 1772 696 1834 eeclesia
724 1773 840 1859 publice
869 1771 1013 1852 receptis,
1046 1771 1204 1851 praecipue
1231 1771 1268 1832 de
1297 1770 1429 1832 trinitate
1453 1781 1490 1832 et

251 1873 456 1936 incarnatione
485 1874 547 1947 dei,
576 1875 613 1936 de
641 1874 846 1954 redemptione
868 1875 986 1953 generis
1014 1872 1133 1934 humani
1156 1873 1251 1952 deque
1275 1873 1487 1944 sacramentis,

250 1989 311 2036 uon
334 1985 394 2036 tarn
417 1982 449 2035 ut
471 1991 504 2036 ea
527 1975 593 2054 ipsa
616 1983 787 2054 exponeret,
811 1993 897 2054 quam
921 1983 954 2036 ut
976 1974 1157 2047 ostenderet,
1180 1990 1236 2052 qrra
1259 1973 1374 2035 ratione
1396 1984 1485 2035 cate-

252 2075 406 2138 thumenis
434 2093 489 2153 pro
523 2075 696 2138 diversitate
731 2075 907 2154 religionum
937 2083 967 2136 et
994 2074 1169 2155 opinionum
1197 2073 1346 2134 mentibus
1375 2093 1484 2136 eorum

251 2175 443 2238 insidentium
473 2195 508 2236 ex
537 2176 626 2237 variis
655 2175 808 2255 principiis
832 2176 862 2237 in
892 2183 1045 2255 utramque
1075 2185 1188 2255 partem
1218 2176 1369 2237 concessis
1392 2185 1422 2237 et
1445 2197 1484 2238 ex

252 2275 426 2338 notionibus
449 2277 656 2338 communibus
679 2275 881 2338 ratiocinando
904 2277 941 2338 de
962 2276 1083 2337 veritate
1111 2275 1209 2336 divina
1237 2277 1485 2339 commodissime

253 2385 357 2456 posset
377 2377 560 2456 persuaderi.
606 2377 789 2456 Quamquam
813 2377 886 2440 haec
908 2377 1044 2457 Gregorii
1069 2375 1229 2456 disputatio
1259 2376 1381 2439 multum
1404 2397 1483 2439 con·

253 2477 320 2538 tulit
341 2477 378 2538 ad
400 2477 577 2539 tundendam
601 2485 631 2538 et
652 2477 861 2540 exstruendam
889 2478 1074 2558 disciplinam
1097 2477 1308 2557 dogmaticam,
1332 2478 1481 2557 siquidem

253 2575 279 2637 is
303 2577 382 2656 qood
405 2587 469 2638 erat
484 2577 549 2639 eius
565 2576 723 2638 consilium
740 2577 877 2640 veritates
893 2597 966 2659 quas
983 2579 1108 2640 dicimus
1123 2577 1266 2640 revelatas
1283 2579 1320 2639 ad
1335 2580 1481 2642 rationem

252 2695 393 2739 revocare
416 2697 449 2740 ac
471 2676 689 2758 quodammodo
711 2678 799 2740 tidem
823 2689 851 2741 et
873 2681 1019 2742 rationem
1035 2679 1192 2742 conciliare
1213 2679 1335 2740 studuit.
1378 2682 1480 2743 Anco-

252 2787 350 2840 ratum
378 2797 448 2840 rero
480 2779 635 2860 Epiphanii
666 2797 741 2853 non,
782 2789 814 2840 ut
845 2781 954 2843 oriris
983 2781 1078 2842 doctis
1110 2779 1168 2842 dici
1202 2779 1295 2851 solet,
1325 2781 1361 2842 ad
1389 2801 1480 2844 uuum

253 2878 360 2959 dogma
382 2880 419 2942 de
442 2880 571 2942 trinitate
593 2880 742 2961 pertinere
757 2899 853 2960 neque
876 2890 977 2944 contra
1002 2882 1083 2943 soles
1099 2881 1224 2943 Arianos
1248 2893 1277 2942 et
1291 2881 1479 2945 Macedonia-

254 2999 310 3042 nos
339 3001 407 3043 esse
435 2983 596 3063 scripturo,
625 2982 683 3044 iam
711 2981 851 3063 synopsis
880 2983 962 3056 iibri,
992 2983 1119 3062 quaein
1143 2981 1189 3043 ed.
1213 2983 1309 3043 Peter.
1333 2983 1417 3046 Tem.
1441 2985 1478 3046 lt.

253 3101 282 3160 p.
309 3085 337 3144 1.
359 3082 475 3162 legitur,
498 3083 633 3163 quemvis
656 3085 765 3144 docere
789 3091 903 3164 potest:
922 3075 1127 3166 Ἀγκυρωτὸς
1150 3079 1185 3145 δὲ
1207 3080 1360 3168 κέκληται
1381 3077 1399 3147 ό
1420 3081 1479 3147 λό-

252 3199 309 3262 γος
332 3173 448 3259 αὐτοῦ,
480 3177 533 3248 ὅτι
560 3176 701 3267 ἇνιόρας
729 3183 821 3268 δίκην
849 3180 907 3248 τὸν
936 3183 1012 3266 περί
1040 3181 1098 3265 τῆς
1128 3179 1211 3264 ζωῆς
1232 3179 1288 3246 καὶ
1316 3189 1480 3269 σωτηρίας

254 3274 436 3365 ἐρευνῶντα
463 3283 538 3345 νοῦν
566 3279 653 3363 ἄγει,
683 3281 799 3347 διὰτὸ
828 3278 1128 3367 περισυλληπτικὸν
1154 3283 1212 3367 τῆς
1234 3279 1269 3346 ἒν
1292 3276 1381 3368 αὐτῷ
1403 3305 1479 3350 συν·

252 3374 376 3455 τάξεως
397 3379 463 3442 τῶν
484 3377 620 3443 πολλῶν
641 3383 699 3463 τῆς
726 3385 872 3459 πίστεως
900 3384 1024 3466 μερῶν·
1053 3382 1137 3468 φημί
1168 3379 1207 3466 δὴ
1236 3384 1295 3448 τοῦ
1322 3385 1478 3469 περὶτῆς

253 3474 382 3560 πατρὸς
403 3478 457 3542 καὶ
489 3477 562 3544 υἱοῦ
584 3479 638 3544 καί
661 3474 756 3564 ἁγίου
787 3479 975 3564 πνεύματος
1007 3476 1281 3568 δμοουσιότητος,
1314 3485 1374 3549 τοῦ
1399 3482 1477 3568 περὶ

252 3577 380 3655 τελείας
406 3579 465 3666 τῆς
492 3581 642 3663 Χριστοῦ
665 3577 822 3665 ίνσόρκου
849 3588 1051 3667 παρουσίας,
1081 3585 1140 3648 τοῦ
1167 3587 1244 3668 περὶ
1268 3579 1477 3662 ἀναστάσεως

252 3681 373 3763 νεκρῶν
395 3681 448 3746 καὶ
472 3677 557 3766 ζωῆς
578 3675 714 3746 αἰωνίου
742 3683 796 3746 καί
824 3687 962 3767 κρίσεως
990 3679 1110 3768 σαρκός
1136 3707 1173 3749 τε
1199 3686 1252 3751 καὶ
1276 3687 1382 3771 ψυχῆς
1403 3685 1477 3752 dert-

255 3779 389 3857 τοαυτὸ,
411 3779 548 3847 καὶτοῦ
569 3779 653 3847 κατὰ
674 3780 820 3848 εἰδώλων
841 3805 877 3849 τε
899 3782 954 3848 καί
976 3781 1133 3869 αἱρέσεων
1156 3783 1190 3850 ἐν
1210 3791 1304 3872 μέρει
1326 3789 1381 3854 καί
1399 3781 1476 3853 lev-

253 3876 357 3946 δαίων
379 3883 434 3948 καί
455 3885 521 3948 τῶν
550 3881 667 3950 ἄλλων.
714 3885 898 3959 Quibuscum
926 3885 1087 3948 cenenum
1115 3895 1145 3949 et
1172 3891 1302 3952 auctoris
1330 3890 1475 3970 professio

253 3983 290 4047 ab
313 3983 397 4047 initio
420 3985 486 4047 libri
508 4004 538 4066 p.
554 3990 584 4052 6.
608 3987 685 4048 med.
709 3997 739 4049 et
760 3987 855 4068 ipsius
877 3985 944 4048 libri
966 3995 1064 4064 tenor,
1087 3989 1172 4052 euius
1195 3991 1231 4052 ad
1254 3991 1341 4052 finem
1363 4009 1393 4069 p.
1407 3993 1473 4053 122.

253 4103 299 4164 sq.
322 4085 397 4148 duae
418 4087 572 4161 lormulae,
595 4106 651 4148 una
673 4088 802 4161 brevior,
825 4088 916 4150 altera
930 4088 1059 4169 longior,
1081 4091 1249 4153 universam
1272 4089 1359 4151 fidem
1382 4089 1472 4153 eccle-

254 4185 316 4248 siae
338 4187 526 4250 continentes
550 4187 756 4250 subiiciuntur.
801 4189 860 4251 Sed
883 4189 932 4269 qui
949 4189 1145 4269 Epiphaniam
1166 4189 1300 4264 noverit,
1331 4207 1391 4252 non
1417 4211 1472 4272 pu·

253 4285 328 4348 tabit
349 4307 427 4363 eum,
450 4289 583 4368 quamvis
604 4283 647 4351 τὰ
668 4283 748 4372 περὶ
774 4291 921 4366 πίστεως
943 4297 1067 4351 tractatu
1088 4306 1143 4350 suo
1166 4287 1321 4369 complecti
1344 4291 1472 4364 voluerit,

252 4386 424 4467 dogmatum
445 4407 550 4451 causas
571 4389 761 4471 rationesque
789 4388 926 4453 subtilius
955 4388 1113 4469 indagasse
1135 4398 1165 4452 et
1184 4390 1335 4471 promotio
1364 4391 1472 4470 singula

254 4495 322 4568 opta
344 4489 477 4552 intereo
499 4499 604 4552 essent
624 4510 658 4552 ac
679 4510 751 4554 nera
775 4493 894 4554 curiose
915 4490 1163 4571 circumspexisse
1184 4491 1230 4553 rel
1253 4493 1285 4553 in
1307 4493 1469 4555 universum

251 4588 379 4652 rationis
403 4609 460 4672 ope
481 4591 554 4653 lucis
577 4590 685 4672 aliquid
708 4601 738 4656 et
759 4590 907 4654 lirmitatis
936 4591 1044 4654 divinis
1073 4593 1230 4656 sententiis
1252 4591 1396 4657 attulisse.
1435 4593 1466 4655 Si
