3094 5318
462 385 609 432 urrerem
622 387 655 431 ιι.
670 387 707 430 ιιι
724 387 921 432 sumnonem.
964 423 970 432 .
1242 381 1302 444 toa

12 539 78 600 cie
108 556 238 620 raeque
260 537 356 600 hiliae
378 546 497 617 putant,
519 537 658 600 camille
680 555 714 600 se
736 537 873 618 ignorare
895 549 1068 614 asseverat,
1089 539 1153 604 r'em
1176 553 1386 608 creatameaee.

12 659 58 702 se
91 657 196 701 esse
220 637 396 718 significare.
440 638 547 700 Verum
570 639 691 700 nonita
714 647 771 712 est,
794 639 881 702 absit
924 639 1041 702 Etenim
1056 642 1303 721 quemadmodum

12 759 108 804 cum
140 739 251 800 dixit:
275 743 390 804 creooa't
410 758 465 812 me,
488 740 647 800 humanam
668 749 803 802 naturam
826 741 1009 819 designabat,
1032 743 1071 803 ita
1087 763 1152 805 cum
1170 744 1225 805 ait:
1248 763 1303 806 ne-

12 863 92 925 que
125 841 263 914 Filena,
294 840 417 902 eandem
447 841 605 906 humanam
633 848 768 902 naturam
792 841 960 903 denotabat.
1004 829 1041 904 Et
1063 844 1181 923 quidem
1204 863 1302 917 eausa,

17 961 91 1006 cerr
120 943 181 1004 ita
209 942 330 1004 locutus
352 941 407 1013 eit,
438 941 522 1004 valde
550 947 748 1008 contentanea
778 949 834 1002 eet.
884 942 960 1015 Quia
988 943 1067 1004 cuim
1094 945 1185 1006 bomo
1207 946 1387 1011 factusnaeo.

18 1053 96 1119 εει,
130 1043 190 1106 uti
218 1042 364 1122 scriptum
386 1051 443 1116 aet,
466 1049 497 1104 ct
517 1041 670 1104 bominum
685 1042 841 1122 proprium
856 1044 898 1104 ait
919 1043 1065 1123 ignorare,
1088 1053 1121 1107 ut
1136 1055 1167 1108 et
1188 1047 1303 1108 esurire
1326 1101 1331 1108 .

24 1155 233 1226 ceteraque
255 1144 285 1207 id
308 1161 401 1224 genua
432 1145 571 1224 (namque
586 1142 665 1205 'nihii
693 1143 831 1206 hominee
860 1154 1046 1224 cognoscunt
1073 1146 1132 1210 nisi
1159 1147 1304 1210 audierint

24 1258 65 1311 et
94 1246 306 1324 didicerint),
329 1245 440 1308 idcirco
462 1245 616 1307 hominum
638 1245 835 1325 ignorantiam
857 1253 1002 1326 qnatenus
1017 1248 1109 1309 bomo
1124 1249 1218 1310 saeuae
1233 1267 1304 1328 prae

30 1369 76 1412 se
105 1350 209 1410 ferre
231 1346 338 1420 roiuit,
360 1348 489 1438 primum
511 1347 636 1427 quidem
652 1357 684 1409 ut
705 1347 892 1420 ostenderet,
917 1365 951 1410 ee
973 1367 1043 1411 vere
1065 1367 1173 1430 corpus
1195 1349 1302 1412 huma-

29 1471 126 1514 num
154 1449 289 1524 hahere,
312 1449 418 1513 deiude
440 1458 473 1512 ut
492 1450 647 1512 hominum
668 1449 864 1528 ignorantiam
886 1449 918 1511 in
940 1468 1067 1530 corpore
1082 1469 1190 1530 gerone
1212 1459 1301 1514 natu·

34 1571 116 1615 ram
145 1549 379 1614 humanamab
402 1549 540 1612 omnibus
562 1548 701 1612 liberaret
722 1557 752 1612 et
772 1560 922 1631 purgaret,
944 1553 1162 1632 perfectamque
1182 1570 1216 1613 ao
1230 1570 1301 1613 ean-

35 1663 134 1718 ctam
169 1651 260 1712 Patri
293 1647 474 1712 exhiheret‘
511 1651 589 1723 Quid
620 1651 709 1729 igitur
739 1652 856 1714 Ananis
888 1661 1043 1732 superest,
1076 1651 1156 1733 quod
1186 1652 1303 1732 possint

40 1748 255 1834 opponere?
299 1750 377 1823 Quid
399 1750 468 1812 nori
490 1750 526 1812 ad
548 1750 785 1830 obganniendum
808 1752 1040 1832 excogitabant?
1084 1745 1238 1833 Siquidem
1252 1755 1300 1816 di-

39 1853 163 1916 lucide
191 1850 391 1924 ostendimus,
414 1869 467 1913 cos
489 1851 544 1913 hae
566 1871 656 1914 rocoa
677 1871 740 1914 non
762 1853 942 1933 intelligere:
965 1854 1113 1917 Dnmtaua
1129 1859 1303 1918 oreooa'tote

46 1963 86 2019 ire
114 1971 227 2036 opero
254 1972 328 2025 eun,
358 1960 388 2014 et
407 1952 454 2013 na
483 1953 528 2015 dte
556 1954 939 2028 coronamentorum
968 1974 1062 2037 nepae
1084 1955 1303 2036 inpediarque

46 2057 178 2122 nauus.
234 2053 351 2116 Etenim
378 2062 412 2114 ut
439 2054 497 2115 boe
526 2052 617 2116 verbo
652 2055 767 2118 breueet
798 2056 956 2117 humanam
983 2063 1119 2118 naturam
1146 2055 1301 2135 significat,

50 2158 133 2238 quia
158 2173 236 2217 vere
258 2155 349 2216 bomo
371 2157 464 2217 tactus
487 2163 519 2216 at
540 2161 657 2218 oreatus
681 2164 737 2229 eet,
761 2163 793 2218 ut
819 2156 891 2218 item
913 2175 980 2218 cum
1002 2157 1056 2220 ait:
1081 2157 1142 2238 Epo
1164 2168 1194 2220 ιι
1208 2156 1303 2220 Peter

48 2277 165 2321 unum
191 2274 313 2329 eumue,
337 2266 367 2319 et
392 2255 455 2330 Qut
474 2257 556 2321 or’det
575 2275 637 2327 me,
660 2261 741 2321 otdet
762 2245 792 2319 ἐι
813 2257 946 2334 Putrem,
968 2267 999 2320 et
1019 2259 1082 2338 Epo
1105 2264 1137 2321 tn
1158 2258 1252 2321 Petra
1274 2268 1303 2322 et

54 2360 162 2422 Peter
186 2361 223 2419 in
243 2377 298 2430 me,
322 2375 408 2418 auam
430 2356 634 2420 aeternitatem
657 2368 687 2419 et
707 2356 1040 2425 consubstantialitatem
1063 2359 1232 2422 compatre
1247 2358 1301 2420 de-

55 2470 169 2534 notat,
194 2459 236 2520 ita
258 2453 332 2520 hado
352 2457 457 2520 rerba:
480 2457 574 2520 Nemo
595 2461 653 2520 aeit
667 2475 761 2540 nepae
776 2459 880 2531 ratres,
903 2468 1041 2540 unquam
1063 2459 1154 2520 homo
1172 2465 1303 2538 uaurpat,

60 2562 138 2639 quia
162 2577 275 2639 nempe
295 2558 447 2639 proprium
471 2557 624 2620 hominum
649 2559 690 2621 sit
709 2560 858 2640 ignorare.
901 2561 1061 2622 Enimvero
1083 2557 1148 2632 ille,
1180 2559 1230 2639 qui
1253 2559 1301 2621 di-

60 2661 123 2720 cit:
156 2657 254 2720 Nemo
281 2665 368 2722 nouit
390 2658 513 2723 Putrem
534 2663 597 2721 niet
617 2659 713 2722 Filiae
735 2679 829 2742 ιιιιιιι
851 2661 962 2726 ntum
988 2665 1052 2722 atet
1071 2659 1178 2730 Peter,
1207 2659 1301 2722 mutto

62 2757 168 2838 magia
192 2776 243 2819 ree
264 2765 375 2820 urceus
397 2759 477 2820 idem
498 2760 625 2822 noverit.
668 2759 744 2824 Hinc
758 2760 899 2840 Discipuli
921 2759 999 2839 apud
1017 2760 1158 2822 ioannem
1173 2758 1301 2820 Domino

62 2860 212 2924 aiebant:
241 2857 329 2920 Nunc
350 2863 459 2922 ιιιιιιιιι
482 2865 552 2939 petto
574 2865 633 2924 aeta
656 2865 767 2926 omnio.
809 2862 911 2940 ltaque
932 2860 1123 2922 manifestum
1144 2867 1207 2934 eet,
1229 2859 1303 2922 nihii

65 2962 161 3044 plaue
185 2977 271 3034 esee,
299 2958 379 3038 quod
401 2960 539 3032 Christus
568 2961 715 3044 ignoret,¹
732 2981 800 3026 oum
821 2961 886 3040 ipae
909 2961 949 3024 eit
969 2959 1114 3036 Verbum,
1144 2979 1199 3041 per
1220 2960 1302 3041 quod

66 3061 173 3128 omnia
197 3061 273 3124 iacta
295 3067 375 3121 ιιιιιι.
420 3061 567 3132 Quocirca
588 3063 657 3141 quia
678 3061 743 3124 dies
764 3061 814 3122 iiia
828 3061 937 3141 abquid
954 3071 1002 3124 eet
1016 3081 1052 3124 ex
1067 3061 1217 3136 omnihus,
1238 3077 1300 3123 non

69 3164 198 3228 dubium
222 3170 270 3224 eat
291 3161 363 3242 quin
385 3179 440 3240 per
460 3161 558 3240 ipeum
580 3161 645 3241 ipsa
667 3179 784 3241 quoque
801 3145 900 3224 idtura
915 3164 965 3236 eit,
988 3164 1103 3226 etiamei
1117 3162 1216 3224 anani
1230 3179 1301 3241 pree

68 3285 124 3328 aua
148 3262 319 3345 ignorantia
342 3260 514 3322 sexcenties¹
531 3259 746 3343 dirumpantur.
856 3345 861 3352 Ι

105 3503 127 3538 c.
147 3487 207 3547 iieg.
231 3490 254 3533 et
271 3483 372 3545 Segoer.
398 3484 512 3535 omittunt
536 3471 573 3532 tir
595 3473 663 3546 ἔργα
712 3481 785 3532 iterii.
811 3481 899 3533 hebent
916 3497 1013 3548 quoque
1030 3478 1119 3534 haret
1134 3497 1178 3550 με.
1215 3483 1260 3536 atti
1278 3491 1303 3534 et

73 3545 169 3610 edred,
188 3567 234 3602 uec
251 3565 279 3600 ea
297 3551 492 3602 tertitiiaeuiua.
524 3548 579 3600 idox
590 3549 662 3600 iidem
714 3549 771 3602 editi
788 3544 876 3614 λέγων
892 3543 924 3600 τὸ
942 3544 1040 3610 ἔκτισε,
1060 3545 1091 3600 τό
1110 3559 1156 3604 ιιι.

72 3622 128 3684 Rea.
148 3629 171 3671 et
189 3619 289 3681 Sessoer.
306 3611 369 3686 περὶ
387 3613 417 3666 δὲ
434 3617 490 3678 τῆς.
528 3615 554 3666 in
573 3616 663 3666 eiiieet
748 3616 770 3666 d.
789 3617 861 3668 Baeii.
877 3612 1004 3681 γιννητά.
1042 3620 1132 3670 ibidem
1157 3619 1246 3681 tegite.
1273 3610 1303 3666 dr

73 3691 143 3738 editis
160 3682 191 3736 δέ
208 3689 287 3738 deest.
322 3686 414 3738 ibidem
433 3685 504 3736 baeti.
529 3693 553 3733 at
569 3685 663 3746 beatio.
713 3681 752 3750 ιφ·
768 3677 838 3732 κατὰ
848 3675 978 3745 Ἰωάννην
995 3678 1152 3752 ιόαγγιλιφ,
1172 3700 1234 3750 quae
1247 3698 1301 3734 om·

75 3754 121 3816 τιῖι
138 3747 241 3821 »ipim
258 3743 358 3811 ἐκείνης
374 3747 420 3800 καὶ
439 3751 485 3814 τῆς
502 3743 525 3800 oi
544 3765 582 3804 «r.
612 3753 661 3802 Ge·
713 3751 752 3802 nia
770 3753 858 3806 derunt
875 3754 899 3804 ia
918 3754 1015 3806 Gohter.
1035 3763 1058 3804 et
1076 3755 1181 3803 tetetm.
1203 3752 1224 3802 ι.

75 3825 134 3872 bier.
154 3819 178 3872 ei
196 3819 340 3870 t'eickrn.l.
365 3818 454 3868 ibidem
479 3809 532 3866 edd
566 3809 663 3869 tetta
747 3833 769 3866 e.
787 3821 829 3869 Str
847 3821 1003 3883 menuecripti
1022 3835 1115 3870 omnes.
1139 3819 1300 3870 Editiocom·

77 3879 139 3939 eide.
176 3889 237 3936 item
261 3885 349 3934 ibidem
374 3886 430 3946 hap.
454 3886 554 3946 Sapoer.
571 3884 662 3946 hughe.
715 3884 770 3933 mei.
790 3886 852 3934 mete
870 3877 979 3944 ἄδηλον.
1017 3883 1107 3936 ibidem
1127 3869 1176 3933 adr
1192 3887 1300 3936 deontia
1384 3913 1396 3940 0

77 3957 147 4009 Bastt.
165 3953 263 4007 Gohier.
283 3951 387 4000 Feieitm.
410 3951 431 4000 l.
457 3960 481 4002 et
508 3949 588 4002 Ottoh.
615 3939 662 4002 eic-
701 3950 771 4012 'Rep
789 3959 813 4000 et
830 3952 930 4010 Seaoer.
966 3951 1018 4002 dior
1036 3953 1116 4004 Ottoh.
1141 3946 1222 4018 λόγος
1245 3945 1300 4018 γάρ
1334 4006 1338 4014 Κ

77 4036 134 4086 περ.
172 4018 288 4070 ceteriet
306 4018 363 4067 editi
381 4009 425 4070 uic·
462 4019 555 4067 itureae
574 4016 662 4066 ibidem
713 4007 773 4064 lore
791 4003 886 4066 etad
901 4027 945 4068 etc.

80 4091 175 4151 sepner.
193 4081 273 4149 Myer
288 4079 355 4150 ptr,
375 4085 432 4144 iter.
449 4079 580 4150 λέγομεν,
601 4083 663 4134 mele
749 4085 765 4133 t.
791 4085 848 4148 iter.
875 4087 974 4146 sepner.
999 4085 1096 4138 Gohier.
1120 4095 1144 4138 et
1161 4087 1301 4154 ratetum.

81 4149 226 4220 prodiretur
241 4147 308 4218 μέν,
334 4160 360 4202 ιιι
377 4151 465 4202 habent
483 4151 622 4202 Gobteriau.
641 4157 664 4202 et
714 4143 744 4200 dr
762 4149 803 4220 epi.
841 4153 920 4204 Ceteri
938 4160 962 4201 et
976 4153 1032 4204 editi
1049 4145 1079 4202 ἒν
1096 4156 1216 4208 omittunt.
1250 4155 1301 4206 ihi·

82 4223 182 4276 Feleim.
202 4221 238 4282 l.,
263 4221 304 4286 qui
326 4219 398 4270 iidem
418 4227 443 4270 ut
461 4227 484 4270 et
499 4218 622 4282 inplicari.
641 4225 672 4270 et,
715 4219 769 4270 dem
788 4221 844 4284 hep.
864 4229 888 4272 et
905 4219 1004 4283 Seruer.
1023 4213 1123 4275 cicada.
