3176 5304
440 311 584 354 ttrtsront
599 312 637 354 nt:
654 311 795 352 nucusrts
811 311 954 354 uictum
970 311 1089 354 SYNOM.
1342 297 1382 358 25

138 484 201 526 cun
235 483 354 526 omnes
382 462 463 522 inter
486 479 519 522 sc
541 461 744 532 consentiunt,
765 477 825 522 nou
848 467 946 522 antem
967 462 1013 520 vat
1036 479 1136 522 secum
1159 460 1205 548 rei
1228 479 1295 522 cum
1318 461 1466 524 auiae-21¹.

139 565 279 645 patribus
303 563 432 641 litigant.
478 561 551 623 Nam
573 561 621 640 qni
644 579 704 622 non
726 562 765 622 ita
787 571 858 622 sunt
879 561 987 632 adecti,
1011 561 1138 639 improbi
1161 579 1221 623 non
1244 561 1305 622 veri
1322 563 1380 623 do·

140 679 241 727 uoces
277 671 355 724 sunt
383 661 558 742 appellandi.
603 661 677 724 Hinc
698 662 848 730 Gentiles,
878 660 928 740 qni
952 662 1029 722 inter
1053 679 1087 722 se
1108 679 1169 720 non
1190 663 1380 724 consentiunt

139 767 191 827 sed
224 765 402 837 dissident,
430 783 498 824 vcra
520 764 672 843 privantur
693 763 838 824 doctrina.
882 761 982 822 Sancti
1005 769 1104 822 autem
1128 771 1157 820 et
1178 762 1228 840 qui
1249 763 1378 824 veritatis

141 886 248 928 resera
275 871 352 926 sunt
372 881 543 942 praecones,
566 864 642 924 inter
665 881 698 923 se
721 862 913 935 concordam,
936 880 996 921 non
1018 860 1201 935 discordant.
1230 861 1302 921 Nam
1318 863 1384 924 iicet

141 967 277 1028 disemis
314 965 358 1026 itti
386 965 540 1026 floruerint
569 963 771 1052 temporibus,
804 963 880 1024 idem
904 969 1000 1022 tamen
1024 962 1164 1023 omnibns
1187 981 1298 1040 scoprrs
1320 963 1382 1034 suit,

143 1070 260 1147 qnippe
285 1065 341 1145 qui
363 1067 458 1126 unius.
471 1065 524 1128 Dei
546 1073 649 1127 essent
671 1065 833 1142 prophetae
856 1071 885 1124 rt
905 1062 983 1125 idem
1003 1081 1120 1124 summo
1137 1081 1290 1124 consensu
1305 1081 1383 1124 nun-

143 1169 264 1230 ciarent
286 1163 427 1228 Verbum.

240 1577 273 1634 5.
319 1570 393 1632 Hinc
415 1588 486 1647 crgo
510 1589 584 1650 quac
600 1571 719 1649 Moyses
735 1569 845 1642 docuit,
868 1567 940 1628 baec.
954 1567 1111 1630 custodivit
1125 1569 1285 1631 Abrabam:
1308 1587 1383 1648 quae

151 1692 224 1734 sero
250 1670 410 1733 custodivit
431 1671 587 1744 Abrabam,
612 1671 684 1731 baec
704 1669 769 1729 Noe
790 1677 817 1730 et
833 1669 933 1730 Enoch
956 1679 1112 1750 perspecta
1133 1670 1311 1741 babuerunt,
1334 1673 1383 1750 qni

151 1775 267 1836 munda
290 1786 321 1833 ct
342 1773 492 1834 immunda
515 1780 659 1834 noverant
680 1771 849 1832 discernere
871 1789 905 1831 ac
926 1771 986 1831 Deo
1009 1771 1084 1849 grati
1107 1771 1174 1831 sacti
1199 1779 1280 1832 sunt.
1325 1772 1382 1834 dt-

153 1876 223 1935 dem
254 1893 372 1953 quoque
400 1876 564 1936 instructus
587 1872 722 1932 doctrina
743 1871 814 1933 Abel
837 1873 1006 1950 martyrium
1029 1880 1074 1932 est
1095 1891 1220 1951 passus,
1244 1869 1296 1950 qui
1318 1871 1468 1950 qui-rna

154 1977 224 2036 dem
252 1976 317 2054 ipse
345 1992 378 2036 ea
407 1973 445 2034 ab
466 1973 578 2034 Adanto
602 1973 760 2046 didiceram
789 1973 880 2033 Adana
902 1981 1000 2033 autern
1022 1972 1058 2032 ab
1081 1973 1146 2051 ipso
1168 1973 1312 2046 Domino,
1336 1974 1386 2050 qui

155 2097 223 2138 curn
247 2077 277 2137 in
300 2077 356 2138 fine
380 2075 568 2136 saeculorum
590 2074 627 2136 ad
649 2073 864 2136 destruendum
885 2081 1035 2154 peccatum
1060 2074 1205 2146 venisset,
1226 2075 1284 2134 ait:
1315 2073 1384 2136 Noa

156 2179 332 2239 mandatum
354 2197 465 2240 aarum
488 2179 524 2238 do
548 2178 640 2248 vobis,
663 2181 714 2238 sed
737 2177 915 2237 manitatem
937 2187 1037 2246 octus,
1060 2174 1141 2256 quod
1161 2177 1197 2237 ab
1219 2179 1304 2238 mitio
1326 2193 1382 2236 aa·

157 2282 259 2341 distis.
303 2277 413 2340 Idcirco
443 2279 545 2339 eadem
574 2279 609 2339 ab
640 2299 676 2338 co
707 2278 831 2338 edoctus
855 2277 959 2338 beatus
982 2276 1137 2355 apostolus
1159 2275 1283 2350 Paulos,
1317 2296 1382 2336 erran

161 2380 262 2440 munia
290 2379 494 2441 Ecclesiastico
525 2380 758 2459 praescriberet,
792 2379 888 2439 noluit
915 2378 1068 2440 Diaconos
1103 2377 1254 2456 multoque
1286 2378 1382 2439 minus

160 2481 327 2558 Episcopus
355 2481 502 2560 dilianator
531 2499 607 2540 esse.
651 2480 723 2540 Cum
752 2488 851 2540 autern
878 2480 957 2540 idem
980 2479 1098 2540 Galatas
1121 2477 1306 2558 obiurgaret,
1330 2497 1383 2556 ge·

161 2581 290 2642 neratitn
311 2598 373 2639 rem
395 2582 454 2639 boc
474 2580 564 2639 inodo
583 2579 725 2641 definivit:
749 2579 785 2640 Si
804 2585 868 2660 quis
890 2583 975 2642 vobis
992 2580 1248 2660 eoaayelizaverr‘t
1260 2589 1388 2658 praeter

167 2680 203 2736 id
226 2679 303 2752 quod
324 2679 490 2756 accepistis,
513 2677 666 2738 anathema
690 2685 738 2750 sit,
762 2685 838 2742 sicatt
858 2684 1002 2760 praeduci
1022 2690 1051 2742 et
1074 2685 1185 2742 iterum
1209 2681 1285 2738 dico.
1330 2677 1390 2736 Sed

173 2773 245 2834 licet
279 2791 332 2836 uos
364 2786 418 2834 aut
453 2775 578 2853 Artorius
608 2779 641 2837 de
670 2778 751 2838 coelo
779 2782 961 2858 mercantiam
989 2784 1072 2843 nobis
1101 2789 1227 2860 practer
1255 2778 1285 2838 id
1314 2777 1392 2856 quad

166 2878 348 2954 accepistis,
377 2875 537 2935 anathema
559 2879 606 2936 ait.
652 2877 735 2946 Quae
757 2895 822 2937 curn
843 2879 881 2938 ita
902 2879 1060 2940 denunciet
1083 2875 1261 2956 Apostolus,
1284 2875 1328 2936 vei
1350 2875 1391 2936 iiii

162 2975 259 3055 igitur
279 2975 478 3048 Eusebianos,
502 2975 550 3053 qni
573 2983 684 3036 mutata
707 2978 850 3038 sententia
871 2979 926 3040 alia
949 2998 1028 3040 nunc
1049 2980 1160 3038 docent
1181 2995 1265 3054 qnam
1287 2969 1402 3056 quibus

161 3077 384 3156 subscripsere,
409 3077 594 3138 anathemate
617 3079 799 3156 liencutiant:
827 3093 875 3139 ant
896 3080 923 3138 si
947 3086 1110 3154 agnoscant
1133 3085 1211 3136 recte
1230 3077 1293 3138 iilos
1315 3078 1386 3140 sub-

158 3179 342 3258 scripsisse,
387 3179 531 3240 advorsus
566 3188 677 3239 tantam
716 3177 868 3256 Synodum
901 3179 1041 3240 desinant
1076 3177 1189 3238 undem
1219 3180 1383 3258 obgannire.

160 3279 251 3354 Quod
280 3278 306 3340 si
336 3289 472 3342 nentrum
503 3280 592 3340 veiint
621 3299 727 3358 agere,
759 3289 869 3342 certum
903 3281 962 3342 erit
990 3288 1189 3356 argumentum
1217 3281 1282 3344 ilios
1304 3284 1383 3344 binni

161 3391 251 3443 rento
275 3389 305 3442 ct
326 3383 417 3443 fluctu
439 3381 632 3450 circumferri,
655 3399 753 3461 nequae
775 3382 906 3461 propriis
930 3381 983 3442 sed
1005 3381 1106 3442 alienis
1128 3381 1192 3443 duci
1215 3385 1383 3446 sententiis:

161 3483 211 3562 qui
234 3483 262 3544 si
285 3483 358 3543 tales
381 3483 506 3553 suerint,
536 3501 632 3562 neqnc
655 3483 743 3543 etiam
768 3501 854 3554 nunc,
877 3502 944 3544 cum
968 3482 1137 3545 buiusrnodi
1160 3493 1313 3562 opponunt
1334 3503 1384 3546 ra-

161 3585 272 3657 tiones,
295 3583 352 3644 nlla
374 3583 431 3644 tide
454 3581 533 3662 digni
557 3591 627 3644 sunt
648 3583 785 3644 habendi.
820 3585 897 3657 Quin
921 3603 991 3664 ergo
1014 3587 1114 3668 potius
1136 3604 1180 3654 ea.
1202 3605 1277 3665 quae
1300 3585 1386 3664 igno-

161 3694 238 3756 rant,
262 3693 380 3746 cessent
402 3683 562 3758 criminari,
585 3686 663 3746 sorte
684 3686 762 3746 enim
779 3687 847 3765 quid
862 3706 963 3748 verum
979 3687 1029 3756 sit,
1053 3685 1193 3747 nesciunt
1207 3687 1386 3760 discerncre,

163 3786 216 3846 sed
247 3785 362 3846 mnium
389 3785 521 3864 imperite
550 3805 585 3849 ac
613 3796 723 3848 temere
750 3788 906 3868 appellarat
936 3789 1046 3850 bouum
1076 3797 1105 3848 et
1126 3788 1236 3848 bonum
1257 3788 1387 3849 rnatum:

164 3903 304 3948 amarum
332 3885 418 3946 dulce
445 3905 508 3947 csse
537 3889 732 3949 arbitrantur
761 3899 788 3950 ct
817 3888 901 3949 dulce
924 3906 1072 3948 marram.
1117 3885 1192 3947 Hinc
1213 3898 1291 3948 carte
1315 3907 1389 3967 (ruas

165 3997 197 4046 ut
224 3987 301 4047 mala
331 3985 458 4050 indicata
488 3994 559 4046 sunt
580 3995 608 4048 ct
629 3987 803 4064 reprobata,
835 4005 870 4048 ca
890 3987 931 4047 iili
953 3987 1010 4046 sim
1032 3985 1141 4048 habere
1164 3989 1279 4050 volunt:
1314 4007 1388 4065 quae

165 4097 262 4146 autem
291 4095 371 4148 recte
400 4095 470 4148 sunt
498 4085 631 4154 decreta
662 4085 879 4165 reprehendero
905 4087 1046 4150 nituntur.
1092 4089 1169 4150 Sanc
1198 4107 1253 4149 nec
1281 4087 1390 4166 aiiqoirl

165 4241 261 4287 Christo
281 4239 454 4290 accommodat
490 4239 564 4288 Verba
575 4240 752 4288 [annuissent.
803 4256 854 4290 atat
871 4243 946 4290 scrita
957 4245 1030 4300 cabis,
1050 4243 1091 4290 aed
1102 4243 1235 4290 marrdatsm
1245 4247 1317 4298 actua
1330 4239 1392 4303 quod

166 4299 212 4353 oria
230 4299 344 4365 arsabir
359 4300 457 4366 καινὴν
447 4300 600 4386 γράφω
596 4299 676 4385 υμῖν,
697 4295 751 4352 ἄλλ
796 4305 917 4358 batcistia
942 4311 971 4358 ab
995 4311 1081 4358 initio:
1111 4310 1245 4362 mactatam
1269 4316 1331 4356 octor
1357 4313 1390 4354 ost

165 4365 277 4452 ἐντολὴν
292 4365 460 4428 πα).ιετιάν,’ι
444 4388 478 4433 ην
493 4387 585 4454 ιχετε
585 4365 629 4422 ain'
650 4365 752 4452 ἀρχῆς·
803 4379 902 4436 ratam,
923 4378 986 4439 qnod
1004 4377 1113 4424 audiatis.

165 4431 179 4518 ἦ
201 4433 296 4520 ἕῃσλῆ
323 4435 461 4520 ἦπαλαιὰ
478 4433 585 4490 ἐστιν’
572 4457 587 4488 ο
604 4431 736 4506 λόγος·,“1
721 4455 753 4488 ον
838 4459 859 4492 a
878 4443 919 4492 Sic
938 4443 994 4504 bag
1013 4441 1074 4490 Editi
1094 4453 1148 4487 vero
1168 4449 1191 4490 et
1209 4440 1248 4488 alii
1266 4432 1391 4502 μήτοιγε

165 4503 294 4566 motam
312 4501 359 4558 ἀπ’
380 4500 515 4574 ἀρχῆς
508 4510 752 4560 Nonmaadatamao-
