3094 5318
873 199 882 234 Ι
1003 225 1006 234 .

228 345 289 410 713
626 356 652 400 ε.
667 355 1060 402 ιτειιιιειιιεαοιενιιεοει

142 526 218 572 m
227 503 386 584 ταλλύξαι
405 502 449 570 τὰ
470 501 581 570 πάντα
604 497 699 570 ἐν
660 506 759 590 αυτῷ,
784 502 1040 590 εἰρηνοποιήσας
1066 502 1109 570 τὰ
1138 501 1173 572 ἐν
1199 513 1272 582 τοῖς
1299 498 1474 590 οὐρανοῖς

226 609 278 674 καί
301 603 344 672 τὰ
365 603 483 672 bai·
443 629 502 690 της
523 606 619 690 γης)

311 712 361 774 32.
405 703 637 793 Συμφιόνως”
606 729 680 828 αρα
694 699 764 772 ἀπὸ
778 707 844 772 τῶν
858 711 964 774 θείων
977 707 1117 793 γραφῶν
1131 705 1296 776 δείκνυται
1308 729 1357 792 μη
1341 700 1471 774 εἶναι

224 814 346 891 κτίσμα
367 806 407 873 τό
428 809 560 892 πνεῦμα
580 805 620 872 τὸ
642 801 745 891 ἅγιον,
770 799 854 872 ἀλλά
875 805 964 872 ιδιον
978 829 1036 872 εσυ
1021 804 1151 892 λόγου
1167 804 1223 874 καὶ
1235 808 1296 894 τής
1309 809 1372 872 τοῦ
1387 832 1467 874 πα-

225 909 302 995 τρὸς
329 908 507 1000 θεότητος·
536 904 623 976 ούτω
649 907 710 993 γὰρ
739 910 804 974 τῶν
831 907 892 990 μέν
920 901 1068 992 ύγίων
1049 933 1069 995 η
1098 907 1297 976 διδασκαλία
1323 907 1438 986 εἷς
1397 934 1466 997 την

227 1007 322 1098 ἁγίαν
343 1011 399 1078 καί
422 1005 609 1096 ἀδιαίρετον
630 1007 750 1094 τριάδα
772 1008 962 1094 συνάγεται,
992 1006 1049 1074 καὶ
1069 1013 1131 1094 μία
1153 1015 1268 1100 πίστις
1288 1003 1375 1094 αὕτη
1396 1013 1463 1096 τῆς

225 1115 407 1201 καθολικῆς
429 1112 599 1200 ἐκκλησίας
620 1109 726 1178 ·ἐστί·
752 1111 821 1190 τῶν
842 1110 880 1178 δὲ
904 1111 1082 1195 Τροπικῶν
1103 1105 1123 1195 ἡ
1146 1105 1319 1196 ἀλόγιστος
1339 1115 1458 1194 μυθο-

191 1239 194 1247 ’
226 1219 376 1284 πλαστία
389 1214 553 1301 διαφωνεῖ
566 1213 626 1296 μὲν
641 1210 727 1296 πρὸς
741 1209 801 1290 τὰς
815 1209 954 1298 γραφάς,
972 1220 1144 1298 συμφωνεῖ
1158 1211 1195 1278 δέ
1209 1214 1248 1298 τῇ
1263 1214 1330 1284 τῶν
1341 1207 1462 1297 'Aou—

226 1319 392 1401 σμανιτῶν
414 1309 546 1401 ἀλογίᾳ,
575 1316 629 1380 καί
652 1311 759 1391 ῑεῖκός
781 1306 900 1391 αύτούς
922 1307 1027 1390 σύτως
1048 1307 1297 1398 ἀποκρίνασθαι
1319 1307 1460 1401 ἀπάτης

136 1397 184 1424 '⁰
227 1419 331 1487 ἕνεκεν
352 1419 418 1484 τῶν
441 1409 610 1501 ἀκεραίων.
657 1409 741 1484 ἀλλά
760 1413 856 1501 χύρις
875 1416 923 1500 τῷ
943 1419 1045 1502 κυρίῳ
1070 1409 1132 1494 ότι,
1155 1410 1201 1492 ῶς
1219 1413 1370 1502 γράφεις,
1396 1412 1459 1482 σύν

227 1521 351 1588 ύλαθυν
366 1523 544 1597 σκέποντες
560 1515 697 1596 ἑαυτούς
710 1518 749 1604 τῇ
764 1514 851 1601 πρός
865 1514 944 1594 τοὺς
954 1510 1146 1600 Ἀρειανσύς
1159 1516 1381 1603 προςποιήτῳ
1397 1511 1457 1584 ἀν-

124 1689 128 1696 ,
175 1619 180 1630 ’
224 1623 370 1708 τιλογίη·
386 1619 516 1706 καὶγὰρ
531 1613 674 1703 καίπαρ’
690 1617 820 1686 ἐκείνων
835 1616 1054 1706 ἐμισήθησαν,
1071 1612 1142 1684 ’ότι
1151 1615 1254 1700 μόνον
1268 1615 1307 1684 τό
1319 1622 1457 1704 πνεῦμα
1481 1647 1491 1668 ·

225 1726 279 1790 καί
302 1717 373 1806 σόγί
395 1725 449 1788 καί
471 1720 528 1787 τόν
551 1719 647 1804 λόγον
668 1725 791 1804 κτίσμα
812 1720 953 1805 λέγουσι,
976 1722 1030 1786 καί
1045 1718 1140 1805 παρὰ
1154 1717 1289 1786 πάντων
1305 1719 1343 1786 δὲ
1356 1745 1457 1788 κατε-

223 1824 423 1912 γνῶσθησαν
447 1817 492 1901 ῶς
513 1824 559 1907 τῷ
583 1818 655 1890 ἀντι
676 1823 1026 1904 πνευματσμαχοῦντες
1046 1819 1103 1887 καί
1116 1815 1197 1906 μετ’ι
1210 1815 1321 1906 ὀλίγον
1344 1819 1455 1906 ’γινό-

223 1949 319 2012 μενοι
340 1929 455 2011 νεκροί,
480 1923 596 2009 ἐρημοι
616 1924 671 1989 καί
692 1921 781 1990 κενοὶ
801 1924 861 1988 τοῦ
883 1921 1071 2005 πνεύματος
1086 1919 1187 2001 ὄντες.
1218 1921 1302 1990 κατὰ
1315 1921 1381 2008 γὰρ
1397 1922 1454 1989 τόν

222 2027 384 2113 μακάριον
406 2021 596 2093 ἀπόστολον
618 2022 754 2108 ψυχικοί
777 2021 958 2109 ἀνθρωπσι
980 2020 1072 2102 ὄντες
1092 2018 1151 2089 οὐκ
1168 2017 1386 2110 ἠδυνήθησαν
1402 2025 1455 2090 δέ·

223 2128 351 2204 ξασθαι
371 2124 414 2190 τά
434 2127 493 2190 τοῦ
516 2123 704 2209 πνεύματος
724 2128 783 2192 τοῦ
798 2128 892 2205 θεοῦ,
917 2120 971 2192 ὅτι
985 2127 1215 2209 πνευματικῶς
1230 2121 1450 2210 ἀνακρίνοντα,

222 2225 256 2292 οί
278 2224 314 2291 δέ
335 2223 377 2290 τὰ
391 2227 450 2310 τῆς
464 2219 627 2312 ἀληθείας
643 2229 843 2316 φρονοῦντες
857 2221 1069 2312 ἀνακρίνουσι
1083 2228 1143 2309 μέν
1157 2226 1201 2294 τὰ
1214 2225 1334 2307 πάντα,
1351 2221 1450 2293 αύτοὶ

224 2326 260 2392 δέ
281 2319 335 2392 ἀπ’
361 2320 494 2405 οὐδενὸς
516 2321 785 2414 &vazqtvovvat²)‚
810 2328 937 2412 ἔχοντες
959 2327 993 2395 ἐν
1016 2327 1147 2407 ἑαυτοῖς
1161 2327 1220 2394 τὸν
1233 2325 1344 2414 κύριον
1358 2322 1451 2394 ἀπο·
1536 2377 1537 2382 1

187 2512 193 2523 Ι
221 2427 430 2494 καλύπτοντα
458 2421 573 2507 αύτσῖς
594 2427 629 2496 ἐν
650 2432 697 2516 τῷ
720 2428 884 2514 πνεύματι
912 2428 1028 2496 ἑαυτόν
1049 2455 1086 2500 τε
1107 2435 1161 2497 καί
1184 2424 1225 2497 δι’
1250 2430 1362 2497 ἑαυτοῦ
1381 2428 1448 2496 τὸν

222 2533 359 2613 πατέρα.

137 2653 214 2696 nm
308 2636 357 2699 33.
400 2625 479 2717 Ἐγὼ
505 2633 565 2716 μέν
593 2619 650 2698 σύν
676 2627 796 2717 καίπερ
826 2631 868 2699 έν
876 2631 999 2754 1,ἐρήμην
1022 2581 1161 2718 διάγων,
1191 2629 1295 2700 διύ’
1268 2659 1290 2719 γ
1309 2623 1367 2700 σύν
1388 2634 1449 2719 τὴν

222 2727 391 2800 ἀναίδειαν
418 2735 485 2800 τῶν
502 2727 780 2818 ἐκτραπέντων
761 2731 831 2800 απὸ
852 2735 910 2819 τῆς
920 2729 1094 2821 ἀληθείας
1116 2727 1154 2800 ού
1177 2741 1360 2822 φροντίσας
1380 2740 1449 2802 τῶν
1535 2809 1536 2814 1

220 2833 318 2922 γιλᾷν
340 2832 526 2900 ἐθελόντων
548 2833 658 2901 διὰ
626 2859 665 2901 το
687 2827 828 2913 ἀσθενές
849 2834 903 2900 καὶ
925 2833 1085 2902 ταπεινὸν
1105 2838 1164 2923 τῆς
1185 2834 1243 2902 διὰ
1258 2839 1325 2904 τῶν
1340 2836 1447 2922 λόγων

221 2929 425 3015 ἀποδείξεως
447 2931 488 3003 δι’
514 2931 633 3022 ὀλίγων
654 2933 787 3024 γράψας
809 2930 1064 3024 ἀπέστειλα·τῇ
1086 2939 1128 3025 σῇ
1148 2933 1310 3026 εὐλαβείᾳ,
1334 2939 1447 3005 πολλὰ

220 3038 432 3125 παρακαλῶν,
455 3037 512 3104 ἵνα
534 3037 733 3123 ἐντυγχάνων
754 3037 885 3118 τούτοις
905 3036 948 3105 τδι
966 3039 1026 3122 μὲν
1042 3027 1225 3126 διορθῶσῃ,
1248 3037 1309 3106 ἐπὶ
1321 3040 1361 3108 δέ
1373 3051 1447 3119 τοῖς

220 3133 374 3219 ἀσθενῶς
389 3140 572 3227 είρημένοις
586 3139 814 3228 σνγγινῶσκης.
848 3137 931 3208 κατὰ
944 3137 1006 3225 γὰρ
1020 3137 1079 3227 τήν
1094 3141 1352 3226 παραδοθεῖσαν
1366 3137 1444 3229 ἡμῖν

218 3239 312 3322 παρὰ
333 3243 400 3306 τῶν
422 3246 576 3327 πατέρων
599 3237 823 3329 ἀποστολικήν
848 3248 964 3314 πίστιν
986 3241 1172 3327 παρέδωκα,
1193 3241 1295 3329 μηδὲν
1318 3243 1443 3324 ἔξωθεν

217 3330 429 3424 ’ἐπινοήσας
460 3335 529 3406 ἀλλ’
561 3337 646 3425 ὅπερ
675 3343 804 3425 ἔμαθον
833 3341 1010 3428 ἐνεχύραξα
1031 3342 1218 3431 συμφώνως
1237 3353 1312 3423 ταῖς
1332 3340 1444 3431 ἁγίαις

217 3449 370 3528 γραφαῖς.
408 3438 587 3526 σύμφωνον
608 3439 669 3526 γὰρ
691 3441 747 3507 καὶ
767 3445 866 3508 τοῦτο
887 3453 960 3522 τοῖς
975 3451 1343 3533 προαποπεφασμένοις
1358 3444 1443 3532 πρὸς

189 3606 195 3614 ,
216 3545 396 3624 βεβαίωσιν
419 3538 454 3604 ἐκ
474 3541 541 3604 τῶν
557 3534 659 3624 ἀγίων
675 3544 821 3627 γραφῶν,
844 3545 899 3608 καί
914 3539 972 3609 ούκ
988 3543 1114 3623 ε’ξωθεν
1129 3545 1347 3634 ἐπινενόηται,
1371 3539 1440 3614 ἀλλ

217 3635 318 3718 αὐτὸς
340 3635 415 3704 ό
380 3663 501 3763 ιφριος
508 3635 631 3761 Ἰησοῦς
644 3641 793 3727 Χριστὸς
811 3639 851 3710 δι’
869 3642 988 3712 ἑαυτοῦ
1004 3644 1202 3715 ἐδίδασκε
1168 3673 1267 3736 την
1241 3653 1442 3733 Σαμαρεῖτιν

215 3740 271 3808 καὶ
294 3733 335 3808 δι’
361 3735 461 3829 αὐτῆς
481 3736 569 3830 ἡμᾶς
590 3740 649 3832 τήν
669 3745 728 3862 τής
749 3737 845 3830 ἆγίας
871 3745 1008 3832 τριάδος
1035 3747 1225 3836 τελειότητα
1252 3743 1439 3833 ἀδιαίρετον

214 3945 255 4032 ,τῇ
277 3948 509 4032 Σαμαρείτιδι
531 3953 668 4016 πίστευέ
680 3971 749 4033 μοι,
771 3898 875 4035 γύναι,
900 3947 954 4017 ότι
967 3947 1141 4036 έρχεται”
1113 3975 1184 4038 ωρα
1197 3954 1325 4019 κα1”νυν
1340 3949 1439 4028 ἐστιν,

172 4097 175 4103 .
216 4039 271 4112 ὅτε
290 4046 322 4112 οἱ
345 4042 500 4136 ἀληθινοί
524 4053 741 4136 προςκυνηταί
764 4045 1026 4141 προςιυνήσουσι
1046 4055 1093 4140 τῷ
1107 4051 1213 4140 πατρὶ
1228 4052 1261 4120 ἐν
1277 4051 1440 4137 πνεύματι

286 4233 309 4289 11
328 4231 381 4282 (Ξαί.
403 4233 426 4295 1,
442 4233 483 4284 20.
553 4235 578 4295 2)
598 4238 620 4287 1.
640 4237 696 4288 Cor.
715 4237 740 4298 2,
761 4239 800 4290 u.

248 4365 378 4429 ι.11ες..1
398 4375 421 4416 ει
439 4367 538 4430 Senot.
556 4360 616 4420 ἐστι
633 4369 737 4430 addunt,
762 4373 802 4422 ι111
855 4364 1023 4426 ἀλλόπιστος.

215 4447 268 4483 cum
287 4435 358 4484 1111111
375 4435 496 4486 omittunt
542 4436 593 4485 Μοι
611 4435 682 4484 iidem
702 4437 759 4500 Βερ.
779 4439 802 4488 1.
889 4442 911 4489 b.
930 4441 1044 4500 81εε11ες.
1067 4442 1088 4491 1.
1108 4450 1130 4491 ε1
1149 4442 1248 4503 δεςοεε·
1284 4441 1330 4492 1111
1347 4455 1402 4491 vero
1419 4449 1443 4490 ει

215 4503 354 4580 ειὸεςοει
373 4515 417 4550 εει
435 4515 482 4552 non
502 4503 599 4554 ί1σ11ει
617 4503 714 4553 trel
716 4503 799 4554 11111
854 4499 1046 4560 ε1111είκόιως.

213 4569 302 4619 habent
325 4559 476 4633 ἀλόγιστοι.
516 4571 575 4620 (ζειν
561 4569 630 4618 οιίι
619 4585 675 4620 vem
702 4579 726 4622 ιι
743 4573 800 4621 editi
886 4574 1143 4626 ε.11ιιαεΙοουιαίιε
1164 4575 1313 4626 restituimus
1338 4589 1365 4624 ει
1383 4588 1441 4624 ατε.
