3162 5308
546 489 692 532 sersaoni
708 489 727 530 1.
744 489 781 531 sn
796 487 991 532 senariorum.
1299 473 1368 536 713
1481 484 1487 493 ’

214 659 245 706 ·.
301 622 327 729 -.
348 651 378 716 t,
407 659 482 722 quae
508 621 678 702 hominibus
707 657 762 700 nec
783 639 885 702 andire
906 657 963 700 nec
982 638 1064 720 loqui
1085 637 1177 701 licet?
1221 640 1270 700 Sic
1292 641 1455 702 comesos.

189 786 202 796 -
312 725 399 818 ''oie
422 763 496 824 qnae
518 743 584 822 ipse
605 741 722 816 audivit,
745 749 871 804 testatus
894 749 951 818 est,
973 741 1018 802 de·
1033 741 1093 802 lleo
1117 735 1214 804 aulem
1237 741 1309 804 haec
1323 743 1370 804 di·

234 919 246 932 ·
297 926 306 934 ,
352 845 574 926 inoeetogodt'leo
597 849 663 906 oioe
685 839 769 906 eice!
816 843 891 917 Quis
914 848 993 905 enim
1015 850 1152 923 cognovit
1173 863 1294 907 sermm
1308 843 1373 906 no-

244 1009 264 1026 „
318 939 353 1014 'tt
374 953 440 1030 quie
464 947 657 1010 consiliarius
680 949 743 1008 duo
766 943 852 1026 suit?
895 943 970 1006 ilinc
990 945 1134 1007 Abraham
1163 945 1234 1006 nihil
1257 947 1373 1009 curiose

214 1034 261 1117 .“
324 1069 382 1114 nec
403 1033 551 1130 loquentis
573 1047 662 1108 verba
686 1046 840 1119 discussit,
871 1045 924 1106 sed
947 1047 1074 1108 credidit
1094 1047 1156 1109 Deo
1163 1093 1173 1123 ,
1197 1057 1226 1109 et
1247 1045 1373 1127 reputo-

111 1197 120 1206 ·
196 1208 232 1233 „¹
289 1145 347 1216 *ei
367 1153 406 1214 nd
427 1153 584 1214 notitione.
628 1147 678 1211 Sic
697 1147 815 1228 Moyses
847 1147 942 1209 fidelis
971 1148 1097 1209 lemnius
1126 1147 1288 1228 appellatus
1317 1158 1372 1210 est.

276 1245 287 1255 ’
307 1253 427 1328 Ariani,
455 1253 523 1333 quia
550 1253 581 1314 in
608 1249 778 1313 malevolam
799 1250 934 1329 ipsorum
957 1249 1084 1312 animam
1111 1267 1171 1310 non
1193 1249 1374 1328 ingredietur

247 1337 262 1352 ⁸
296 1405 305 1434 ,
331 1355 511 1419 individuam
532 1362 562 1416 et
583 1361 713 1416 sanctam
729 1351 902 1414 Trinitatem
917 1369 973 1412 nee
994 1351 1156 1431 intelligere
1176 1369 1233 1412 nee
1253 1352 1375 1414 credere

137 1442 196 1537 ‚⁸
220 1437 228 1447 ⁸
269 1488 280 1498 ·
302 1453 348 1520 'ne
369 1458 479 1520 idcirco
501 1457 653 1518 veritatem
676 1455 856 1529 adulterent,
876 1471 943 1536 ,nec
964 1473 1038 1533 quae
1060 1453 1118 1534 ipsi
1140 1454 1292 1534 percipere
1314 1471 1374 1539 non

162 1547 171 1558 ⁸
282 1609 291 1636 ,
324 1561 398 1622 haec
425 1577 484 1620 non
506 1577 597 1638 posse
618 1577 686 1633 esse
708 1557 895 1620 contendant.
939 1555 1123 1617 Perabsurda
1147 1557 1224 1617 enirn
1246 1575 1296 1617 res
1319 1565 1375 1628 est,

218 1678 225 1687 ·
247 1671 266 1704 ·'
276 1681 323 1726 rm
347 1660 587 1741 condpere'non
608 1659 732 1734 valeant,
755 1663 805 1738 qut
821 1658 884 1720 lieri
899 1657 997 1738 possit
1011 1665 1044 1719 ut
1058 1657 1204 1720 individue
1224 1659 1262 1720 sit
1276 1667 1461 1723 sanctaenon.

213 1763 303 1836 '··s,
337 1761 437 1822 Ariani
459 1760 568 1822 ideireo
591 1759 695 1822 Filium
718 1768 749 1821 et
770 1760 888 1839 Tropici
911 1760 1052 1839 Spiritum
1075 1769 1207 1822 sanctum
1230 1760 1307 1822 inter
1327 1779 1376 1826 res

164 1851 187 1865 '⁵
210 1883 240 1914 ·-
293 1871 459 1925 numerent.
502 1863 615 1942 Nempe
635 1879 760 1942 aequum
777 1871 849 1937 erat,
871 1861 918 1924 rel
932 1862 987 1923 ista
1002 1881 1062 1923 non
1078 1862 1272 1942 intelligentes
1287 1881 1376 1943 pror-

165 1985 181 1996 ·
211 1976 219 1987 “
256 1967 333 2038 lere,
356 1982 412 2027 nec
433 1963 500 2025 illos
522 1963 627 2026 Filium
648 1983 703 2026 nec
724 1964 800 2026 istos
816 1963 959 2044 Spiritum
975 1973 1106 2026 sanctum
1128 1964 1206 2026 inter
1227 1983 1277 2026 ree
1293 1981 1376 2026 cree-

101 2069 118 2080 “
148 2082 159 2096 ·
194 2067 388 2140 '·.slloeare,
416 2066 461 2128 vel
482 2074 562 2128 certe
584 2067 664 2146 quod
687 2067 831 2148 scriptum
853 2075 899 2127 est
920 2083 1096 2145 agnoscere,
1125 2066 1289 2146 liliumque
1312 2085 1379 2128 cum

162 2173 202 2188 ⁵·
262 2169 463 2248 coniungere,
492 2187 548 2230 nee
569 2168 709 2249 Spiritum
731 2187 747 2230 a
769 2167 844 2230 Filio
868 2168 1011 2243 dividere,
1045 2177 1078 2230 ut
1099 2167 1210 2230 scilicet
1232 2166 1396 2229 individua
1494 2183 1497 2190 ’

131 2269 162 2312 ’-
185 2289 209 2305 ··
235 2272 346 2334 nedem
368 2289 438 2333 vere
458 2261 606 2350 particeps
635 2279 756 2332 naturae
784 2279 971 2350 permaneret
998 2278 1098 2334 sancta
1119 2271 1258 2332 Trinitas.
1304 2269 1387 2355 Qut-l

27 2447 29 2450 ¹
148 2385 210 2439 “·.;
226 2373 336 2456 utique
358 2363 483 2453 cognitis
505 2391 566 2434 non
589 2391 625 2434 eo
648 2373 784 2434 audaciae
799 2391 993 2452 prorumpere
1010 2371 1165 2446 debebant,
1189 2380 1220 2433 ut
1241 2371 1379 2434 dubitan-

28 2475 29 2478 ’
62 2547 69 2554 .
142 2463 419 2556 :redquirerent
443 2495 569 2556 quonam
591 2484 677 2554 pacto
699 2476 772 2538 haec
794 2495 827 2536 se
848 2475 994 2547 habeant,
1017 2493 1055 2538 ne
1079 2475 1105 2535 si
1127 2476 1325 2552 interrogatus
1349 2473 1380 2534 in

65 2598 73 2606 ·
177 2609 183 2616 ·
202 2577 369 2640 ¹tondendo
394 2564 539 2648 laederet,
564 2577 621 2656 ipsi
643 2593 750 2657 pravos
773 2577 830 2638 sibi
853 2578 928 2657 ipsis
952 2595 1061 2639 sensus
1077 2575 1380 2638 eemnriniscerentur.

171 2697 234 2751 :ec
257 2679 339 2740 enim
368 2688 415 2740 est
441 2697 540 2741 rerum
570 2681 702 2742 omnium
729 2681 867 2742 laetarum
898 2680 1093 2760 inprimisque
1122 2678 1274 2738 honrinurn
1305 2693 1381 2739 eon·

89 2791 96 2798 ·
168 2781 240 2854 ,ssio,
266 2787 301 2839 nt
321 2778 358 2839 de
379 2779 484 2853 rebus,
508 2799 583 2860 quse
606 2779 702 2843 verbis
725 2781 847 2860 exprimi
869 2799 931 2843 non
954 2789 1081 2860 queunt,
1110 2779 1197 2856 digne
1217 2778 1299 2856 loqui
1321 2795 1382 2838 non

186 2877 325 2941 seimus.
369 2877 463 2940 llaior
483 2889 579 2942 antem
604 2901 675 2943 sane
696 2883 847 2944 temeritas
871 2881 974 2956 luerit,
1003 2881 1028 2942 si
1051 2880 1087 2941 ad
1109 2879 1182 2939 haec
1204 2879 1304 2939 eadem
1328 2896 1381 2939 ex-

77 2987 87 2996 “
124 2979 294 3041 --.icanda
323 2997 400 3040 nove
427 2980 565 3043 vocabule
593 2983 707 3063 aliaque
732 3003 749 3046 a
777 2983 939 3063 Scripturis
972 2980 1205 3059 excogitemus·
1227 2980 1288 3040 lmo
1310 2997 1381 3040 rero

77 3133 88 3146 .
110 3119 124 3127 -
144 3099 286 3164 :osanne
308 3080 467 3142 admodum
488 3083 537 3144 ille
560 3085 726 3147 censendus
748 3086 803 3158 sit,
838 3085 887 3163 qui
915 3083 998 3144 hisee
1021 3082 1056 3143 de
1078 3080 1168 3144 rebus
1190 3080 1383 3160 interroganti

90 3195 119 3260 ᾗ
164 3183 203 3245 ὀὶ
227 3191 343 3244 tantum
366 3183 475 3260 cogitet
495 3185 695 3264 respondere,
722 3185 958 3264 quandoquidem
987 3203 1041 3245 nee
1068 3185 1095 3245 is
1123 3185 1229 3244 mentis
1258 3201 1382 3263 compos

49 3295 79 3321 ··
135 3303 226 3348 ‚esse
251 3283 464 3356 aestimabitur,
490 3285 540 3363 qui
562 3287 636 3348 haec
657 3287 758 3348 eedem
780 3287 816 3348 de
838 3266 929 3348 relius
951 3286 1035 3348 lactis
1057 3286 1145 3347 luerit
1166 3293 1393 3380 percunctatus.

63 3556 70 3564 ⁸
252 3487 301 3551 18.
345 3485 419 3547 Nam
440 3485 485 3547 rel
508 3488 625 3549 tandem
647 3487 705 3560 illi,
735 3489 784 3568 qui
807 3489 844 3550 de
866 3506 898 3548 re
920 3487 998 3549 nulla
1021 3487 1169 3560 dubitant,
1201 3487 1383 3566 respondere

46 3655 55 3666 ,
152 3589 298 3662 audeant,
321 3587 471 3665 quomodo
495 3596 580 3649 etex
604 3607 660 3668 que
682 3590 802 3651 materie
824 3589 895 3651 caeli
913 3591 1066 3650 constituti
1081 3589 1150 3660 sint,
1173 3589 1218 3650 vel
1241 3607 1384 3668 quaenam

67 3739 72 3746 .
151 3693 279 3754 illorum
302 3690 342 3751 sit
362 3680 519 3762 admixtio,
548 3709 642 3770 quove
664 3692 753 3752 modo
776 3691 822 3754 sol
845 3699 873 3753 et
894 3691 1009 3771 singula
1032 3701 1110 3753 astra
1132 3691 1296 3771 composita
1317 3691 1384 3752 lue-

152 3795 225 3856 rint.
274 3792 383 3852 llerum
405 3791 475 3870 quid
497 3793 622 3867 mirum,
652 3794 679 3854 si
708 3813 743 3856 ex
773 3793 978 3873 superioribus
1008 3793 1069 3854 sire
1098 3792 1273 3854 caelestibus
1295 3789 1385 3853 rebus

28 3971 29 3974 Ἴ
58 3947 63 3952 .
155 3895 282 3958 illorum
306 3893 461 3954 amentiam
484 3894 707 3970 convincamus,
736 3915 802 3956 oum
830 3915 926 3975 neque
955 3895 1030 3973 ipsis
1058 3902 1156 3973 pateat
1183 3911 1325 3974 quaenam
1348 3893 1387 3954 sit

45 4048 57 4084 ·.
87 4075 93 4084 ¹
158 4013 267 4073 rerpm
289 3993 583 4067 interimemur
606 4015 694 4056 cansa
716 3997 879 4075 lignorum,
904 4003 1023 4067 natura,
1053 3995 1202 4074 quomodo
1225 3994 1387 4056 consistent

158 4113 271 4178 aquae,
292 4111 434 4172 quaenam
457 4093 497 4155 sit
517 4095 686 4158 animalium
707 4097 901 4158 conformatio
923 4115 957 4157 ae
972 4094 1172 4173 compositio?
1215 4095 1294 4158 llaec
1308 4095 1386 4158 enim

198 4335 219 4368 c.
241 4315 281 4365 Sic
300 4313 355 4374 neg.
372 4314 392 4362 l.
411 4313 511 4375 Segner.
523 4314 621 4364 Gobler.
634 4322 657 4364 et
668 4315 752 4364 l'elel·
803 4307 847 4365 itti
866 4323 889 4366 ot
913 4315 969 4365 editi
994 4317 1080 4366 labent
1104 4303 1232 4384 ἆῤῥήτών
1249 4325 1272 4369 et
1290 4312 1387 4384 τολμη-

163 4385 247 4436 manni
269 4383 300 4443 1.Ι
326 4381 387 4430 Editi
414 4373 567 4432 etaliii'va.
606 4383 679 4432 Penio
698 4391 754 4448 post
804 4377 861 4451 ρόν.

164 4453 306 4504 Gobleriao.
332 4459 355 4500 et
373 4449 476 4499 Felolm.
494 4450 514 4500 l.
532 4444 602 4518 μετὰ
625 4450 682 4504 τοῖς
698 4447 753 4500 xci-
839 4469 858 4502 e.
877 4453 934 4515 lieg.
953 4450 976 4502 2.
1002 4459 1024 4501 et
1043 4451 1147 4506 leiclm.
1167 4456 1188 4503 l.
1207 4453 1255 4503 rori
1272 4466 1301 4503 τε
1320 4445 1388 4508 ὅλως
1444 4486 1447 4500 .

168 4533 185 4568 o
208 4533 264 4570 unt.
806 4521 850 4572 e'te.

185 4537 206 4589 μ
840 4589 857 4638 t.
875 4589 931 4650 fleg.
944 4590 965 4638 1.
985 4597 1007 4638 et
1025 4589 1122 4652 Segner.
1142 4579 1166 4648 ἥ.

840 4673 862 4719 g.
880 4647 933 4704 ἀλλ’
954 4647 1000 4704 ode
1018 4648 1053 4702 ἄν
1063 4659 1129 4706 deest
1140 4661 1162 4705 in
1174 4657 1228 4719 lteg.
1237 4656 1260 4708 2.
1271 4664 1294 4707 et
1302 4657 1388 4707 l'elel-

807 4725 886 4775 menni
905 4723 928 4774 l.
948 4732 971 4775 et
988 4725 1025 4774 ed.
1044 4725 1160 4776 Commel.

201 4625 224 4672 d.
243 4621 283 4671 Sic
301 4621 361 4684 lleg:
378 4622 398 4671 l.
417 4621 514 4684 Seguer.
534 4621 632 4673 anler.
647 4623 755 4676 Felckm.

171 4687 192 4738 i.
211 4689 340 4752 milesii,
364 4691 406 4741 sed
424 4689 495 4741 lissil.
523 4691 594 4742 hahet
618 4682 753 4758 ἇῤῥήτων.
