3054 5236
407 353 412 358 '
516 371 663 416 srrsrota
676 373 714 415 an
732 371 912 416 rrrcrsrmr.
1270 361 1332 426 825

8 520 195 584 nonnulli
224 521 425 602 disceptare
447 541 482 585 ac
503 521 696 602 quaestiones
718 539 839 584 movere
861 521 984 584 ausint?
1028 523 1087 596 Qui
1110 524 1137 585 si
1159 544 1194 586 ex
1215 527 1419 590 Arianisracr.

11 623 176 701 quidem
209 623 320 696 sint,
347 623 421 686 nihil
442 622 568 697 mbum,
591 639 646 684 eos
668 641 744 702 quae
765 631 868 686 eontra
891 641 924 685 se
947 622 1058 703 scripta
1081 627 1333 705 sincerissimi,

19 724 353 803 quemadmodum
376 732 406 788 et
427 723 554 798 Etbniei,
578 717 648 786 dum
670 723 741 786 illud
764 724 905 785 audiunt:
923 723 1105 788 Simuluero
1126 733 1259 807 pentina
1280 747 1335 792 cr-

23 805 199 912 pentum'
217 837 258 889 et
287 845 419 899 numm,
442 844 536 906 opero
551 835 697 888 manuum
713 826 874 898 bominum,
898 825 1063 888 doctrinam
1079 827 1116 889 de
1131 828 1230 891 divina
1242 829 1336 893 Cruce

29 927 235 990 stultitiam
266 928 471 990 arbitrantur.
516 926 569 988 Sin
591 937 690 988 autern
713 925 750 1000 ii,
782 924 834 1005 qui
855 925 1003 988 eiusmodi
1025 929 1249 1007 quaestionibus
1270 950 1421 997 remane

30 1031 79 1092 do
108 1031 268 1109 integro
300 1037 430 1092 tractare
451 1035 621 1108 peroptant,
644 1045 679 1090 er
702 1045 807 1088 eornm
830 1045 954 1090 numero
977 1039 1063 1104 sunt,
1086 1029 1136 1109 qui
1157 1041 1238 1093 recte
1261 1051 1333 1095 sen·

35 1133 111 1194 tire
141 1141 181 1194 et
205 1131 281 1205 iis,
317 1149 393 1210 quae
422 1128 598 1193 aPatribus
625 1127 810 1208 promulgata
839 1135 926 1204 sunt,
955 1129 1054 1192 lavere
1081 1129 1234 1208 videntur,
1262 1133 1337 1197 nibil

37 1233 143 1294 aliud
172 1241 373 1312 praestant,
401 1248 489 1312 quam
518 1231 615 1311 quod,
646 1237 679 1292 ut
706 1229 849 1310 scriptum
878 1237 940 1304 est,
971 1231 1108 1310 proximo
1137 1233 1256 1314 quidem
1279 1255 1335 1298 suo

45 1333 290 1420 eversionem
313 1333 442 1396 lutosam
464 1333 635 1412 propinant,
657 1330 758 1392 verbis
774 1341 870 1394 autem
893 1331 1046 1396 decertent
1067 1352 1128 1395 non
1150 1336 1187 1396 ad
1209 1335 1337 1417 aliquam

46 1435 266 1510 utilitatem,
296 1435 349 1496 sed
373 1435 408 1496 ad
432 1433 646 1514 simpliciorum
668 1431 842 1514 perniciem.
1268 1437 1272 1442 '

158 1541 201 1602 2.
255 1535 345 1598 Haec
365 1537 406 1597 ita
428 1535 543 1609 scribo,
572 1543 731 1614 postquam
759 1533 817 1613 legi
846 1534 1078 1598 commentarios
1106 1555 1123 1597 a
1152 1545 1201 1600 tua
1228 1538 1337 1618 pietate

54 1640 148 1703 milri
177 1638 329 1711 oblatos,
352 1635 404 1716 qni
426 1637 537 1698 utinam
560 1635 663 1716 scripti
686 1653 835 1715 nunquam
857 1635 996 1710 luissent,
1018 1645 1052 1698 ut
1072 1655 1111 1698 ne
1132 1638 1253 1702 minima
1267 1641 1337 1719 qui·

22 1781 24 1786 ,
60 1742 147 1803 dem
178 1725 311 1800 borum
337 1737 482 1799 memoria
512 1735 762 1798 transmitteretur
789 1736 826 1798 ad
854 1745 1006 1818 posteros.
1032 1737 1132 1810 ·Quis
1162 1739 1240 1802 enim
1271 1741 1338 1803 talia

61 1859 226 1922 unquam
254 1837 392 1900 audivit?
421 1838 488 1920 quis
511 1837 614 1900 docuit
634 1836 797 1900 didieitve?
840 1837 886 1900 De
915 1835 991 1900 Sion
1018 1833 1138 1916 quidem
1168 1842 1261 1904 exibit
1288 1841 1339 1904 len
1374 1909 1386 1926 ,

16 1965 21 2022 j
68 1943 138 2005 Dei
165 1952 199 2004 et
230 1939 365 2003 Verbum
385 1939 510 2008 Domini
535 1940 571 2002 de
593 1938 776 2014 leuraam,
804 1937 878 2002 baec
907 1946 1006 2000 antem
1035 1939 1114 2001 unde
1140 1940 1339 2020 prodierunt?

22 2093 25 2098 -
70 2044 248 2118 Quisnam
274 2041 408 2104 infernus
430 2041 502 2102 illud
525 2041 678 2114 eructavit,
704 2057 815 2121 corpus
838 2057 875 2102 ex
896 2039 987 2108 llaria
1005 2041 1140 2122 genitum
1163 2061 1230 2106 esse
1251 2042 1340 2106 Verbi

32 2219 35 2226 Ι
75 2143 249 2208 divinitati
274 2141 552 2204 consubstantiale?
582 2153 633 2204 aut
655 2141 784 2204 Verbum
807 2141 838 2202 in
860 2160 995 2216 carnem,
1021 2161 1090 2206 ossa
1114 2153 1144 2206 et
1165 2145 1287 2226 capides
1303 2153 1341 2228 et

24 2299 36 2334 ἑ
76 2247 256 2308 intutum
278 2262 389 2324 corpus
411 2251 557 2306 mutatum
578 2243 691 2316 luisse,
722 2250 752 2304 et
779 2261 796 2304 a
824 2249 928 2308 natura
951 2243 1115 2306 descivisse
1137 2244 1218 2308 sua?
1263 2245 1339 2318 Quis

19 2399 38 2414 ,.
82 2357 199 2412 autem
225 2346 261 2407 in
283 2345 414 2408 Ecclesia
437 2354 488 2408 aut
509 2343 718 2407 aCbristianis
741 2362 871 2424 unquam
894 2345 1015 2419 audivit,
1037 2345 1197 2407 Dominum
1220 2345 1340 2408 fictione

17 2429 39 2540 'ff'
81 2468 152 2512 non
179 2449 295 2509 natura
317 2455 453 2526 gestasse
475 2444 610 2527 corpus?
652 2447 710 2506 Aut
731 2446 799 2524 quis
823 2465 859 2508 eo
881 2446 1033 2526 processit
1047 2445 1219 2525 impictatis,
1244 2456 1277 2509 ut
1290 2446 1340 2510 di·

36 2546 39 2556 '
87 2557 179 2610 cerat
203 2548 409 2628 sentiretque,
438 2549 533 2628 ipsam
554 2547 699 2610 licitatum
721 2547 801 2609 Patri
830 2547 1115 2612 consubstantialem
1137 2549 1341 2612 circumcisam

88 2657 123 2710 et
147 2648 361 2728 imperfectam
383 2669 419 2712 ex
440 2650 571 2730 perfecta
592 2651 698 2712 iactam
720 2650 831 2724 luisse',
862 2659 892 2712 et
913 2649 994 2730 quod
1016 2647 1103 2711 Cruci
1126 2650 1245 2712 affixum
1267 2658 1341 2725 erat,

93 2767 162 2810 non
186 2747 285 2811 luisse
307 2768 429 2830 corpus,
453 2752 508 2814 sed
528 2751 624 2832 ipsam
648 2750 811 2832 sapientiae
835 2749 1034 2813 substantiam
1056 2768 1157 2812 rerum
1179 2747 1341 2830 opificem?
1443 2749 1448 2760 '

21 2847 29 2932 ζ
93 2850 178 2924 Quis
204 2849 281 2912 baec
301 2851 442 2914 audiens:
471 2853 537 2914 Non
561 2871 596 2914 ex
618 2853 724 2926 llaria,
747 2853 801 2916 sod
824 2871 859 2914 er
882 2850 1054 2930 suiipsius
1077 2850 1243 2914 substantia
1266 2852 1342 2913 Ver-

22 2943 39 3029 ⁵,
96 2951 175 3013 bum
200 2950 260 3012 sibi
283 2951 423 3031 passibile
445 2973 554 3032 corpus
577 2954 752 3026 efformavit,
775 2953 849 3013 haec
869 2951 1041 3030 loquentem
1064 2953 1266 3014 Christianum
1293 2951 1342 3013 di-

98 3048 207 3114 xerit?
254 3051 328 3124 Quis
351 3054 492 3117 nefariam
514 3055 593 3117 illam
616 3061 803 3116 commentus
826 3061 873 3134 est
899 3052 1098 3132 impietatem,
1133 3063 1184 3116 aut
1211 3055 1258 3116 cui
1286 3053 1344 3116 boc

22 3153 29 3236 J
103 3153 135 3214 in
159 3161 293 3215 mentem
316 3155 430 3216 venerit
452 3155 635 3234 dixeritque:
659 3153 717 3228 Qui
739 3153 780 3215 ait
801 3171 837 3214 ex
858 3153 950 3215 blaria
972 3173 1042 3217 esse
1061 3155 1259 3217 Dominicum'
1272 3173 1342 3218 cor·

20 3230 32 3265 ⁵
105 3273 188 3336 pus,
209 3253 237 3316 is
259 3273 320 3317 non
343 3256 469 3337 amplius
492 3255 682 3329 Trinitatem,
712 3255 766 3317 sed
788 3255 1016 3335 quaternitatem
1038 3257 1069 3318 in
1091 3257 1205 3318 Deitata
1228 3252 1344 3319 sentit?

24 3352 33 3439 ᾗ
106 3355 203 3430 Quasi
226 3373 296 3418 vero
325 3357 375 3438 qui
399 3358 439 3420 ita
462 3365 586 3420 censent
607 3357 721 3430 dicant,
751 3374 888 3430 carnem,
916 3375 1003 3437 quarn
1033 3376 1068 3420 ex
1090 3358 1181 3420 Maria
1208 3357 1344 3422 Salvator

29 3538 35 3549 ἱ
105 3458 223 3534 induit,
256 3476 292 3519 ex
319 3457 487 3522 substantia
515 3477 584 3522 esse
615 3457 781 3520 Trinitatis.
825 3457 887 3520 lam
915 3476 985 3520 vero
1015 3459 1164 3521 undenam
1190 3459 1342 3540 aequalem

27 3560 37 3645 ζ,
107 3577 198 3639 supra
220 3558 309 3621 dictis
331 3558 513 3641 impietatem
536 3559 670 3622 nonnulli
694 3575 863 3634 evomuere,
885 3577 947 3620 non
962 3559 1089 3622 minoris
1108 3560 1224 3622 aientes
1240 3559 1344 3624 aetatis

24 3666 38 3747 1¹
108 3679 178 3724 esse
199 3677 320 3740 corpus,
343 3679 431 3742 qnam
453 3661 541 3724 Verbi
562 3661 716 3736 Divinitas,
740 3660 793 3724 sed
817 3660 939 3742 omnipo
963 3669 1154 3724 coaeternum
1178 3661 1217 3724 illi
1240 3661 1344 3736 ivisse,

19 3847 32 3876 ³⁴·
110 3837 194 3910 νόμος
212 3837 308 3907 κυρίου
325 3838 370 3892 καὶ
387 3837 469 3909 iiyor
479 3843 555 3894 θεοῦ.
585 3837 703 3895 Editivc'·
755 3844 807 3893 blot
832 3837 931 3904 θεότης
954 3835 1030 3904 αὖτὴ.
1075 3846 1162 3912 Epipb.
1186 3836 1279 3894 adron
1318 3847 1346 3898 ln

21 3919 34 3980 ,¹5
110 3925 162 3978 poc
177 3904 225 3958 arni
242 3901 324 3973 λόγος
339 3907 414 3958 θεοῦ.
452 3912 661 3973 senescentes.
680 3919 704 3961 et
756 3910 826 3959 editis
845 3921 869 3960 et
886 3914 910 3961 in
929 3912 1073 3988 quibusdan
1092 3929 1150 3963 mss.
1175 3906 1344 3981 nepurpq'aq

113 3980 217 4028 lalclrn.
231 3977 252 4024 1.
272 3985 298 4026 nt
315 3979 339 4027 in
358 3985 429 4027 textu.
755 3977 890 4042 τραπεῖσα
905 3991 952 4025 και
970 3970 1072 4037 ἀτελής.
1109 3979 1157 4030 Sed
1181 3995 1262 4030 rorem
1281 3994 1346 4047 τρα-

19 4078 22 4106 ,
146 4047 168 4096 d.
187 4045 228 4094 Sic
246 4057 332 4094 omnes
349 4059 411 4109 pena
430 4057 489 4095 mss.
534 4043 561 4094 ln
578 4044 649 4094 editis
666 4035 704 4098 ric
754 4043 837 4092 nstra
855 4045 940 4109 Epiph.
959 4045 1080 4096 theodor.
1105 4055 1128 4097 et
1145 4048 1246 4110 Segner.
1269 4049 1347 4100 secuti

21 4113 25 4124 '
114 4114 189 4164 laen.
225 4111 277 4159 lior
304 4121 360 4176 post
385 4105 481 4177 τρίχας
510 4111 610 4174 Seqner.
634 4111 704 4162 solus
755 4113 921 4176 expunximus.
965 4113 1030 4164 lnira
1049 4115 1140 4166 Theod.
1165 4117 1304 4166 Goblerian.
1322 4123 1347 4168 et

117 4179 178 4230 rddit
195 4171 241 4224 eet
258 4177 350 4246 νεῦρα.
390 4179 465 4229 Paulo
488 4187 545 4242 post
570 4170 600 4227 lv
616 4171 704 4238 texta-
756 4178 893 4228 folcbrat.
911 4173 1021 4239 auduini
1044 4194 1114 4231 trev.

19 4268 26 4292 s
116 4242 162 4310 trip
179 4245 246 4295 deest
265 4247 288 4294 in
307 4245 394 4311 Epipb.
421 4246 512 4296 ibidem
526 4246 616 4296 l'haod.
626 4239 704 4311 nepai
790 4247 807 4296 i.
826 4248 912 4312 Epipb.
929 4249 998 4298 solus
1034 4245 1183 4316 qpttoupydc
1200 4242 1282 4301 orinia
1298 4249 1348 4312 τῆς

117 4313 301 4383 Χριστιανοῑς.
330 4314 468 4364 Goblerirn.
488 4321 510 4363 et
529 4305 702 4373 Falclm.l.ii
756 4307 872 4396 pirrus·
911 4318 1129 4382 Quacseqnnntur
1154 4327 1234 4370 autern
1257 4313 1300 4374 ric
1316 4314 1348 4368 dt

25 4401 26 4404 =
118 4396 190 4500 pepp
206 4379 392 4499 Xpecpengp'p.
412 4381 528 4496 2⁵⁵⁵d⁵m
544 4383 653 4500 Eprppr.
680 4389 704 4498 ep
755 4375 863 4502 “⁵⁰3in
880 4398 894 4433 ι
912 4384 1066 4436 Theodoram
1089 4387 1193 4438 ciuntur
1211 4387 1302 4451 Dialoq.
1323 4387 1346 4437 l.

136 4465 260 4502 een..
375 4463 499 4502 aar.
582 4464 662 4500 ran.
772 4486 837 4501 ..

20 4523 31 4572 t)
120 4510 179 4570 viis.
427 4463 462 4514 ογ
563 4465 604 4516 ⁵⁵
754 4465 811 4580 ⁵3.
834 4518 926 4571 Tbend.
945 4527 968 4571 et
986 4520 1125 4586 Sequerian.
1142 4512 1255 4570 εἰπόντα
1272 4511 1289 4580 ἢ
1306 4514 1346 4568 λέ-

25 4587 26 4592 ’
152 4599 171 4634 a.
187 4584 252 4636 llaec
277 4585 340 4651 apud
358 4585 450 4637 lbecd.
471 4585 531 4636 bial.
550 4583 574 4637 3.
598 4601 624 4652 p.
645 4585 700 4638 ¹59.
753 4597 850 4650 γοντα.
