3250 5292
557 377 665 424 omrro
681 379 725 424 ru.
742 381 858 426 course
873 383 1008 428 suanos.
1319 367 1378 432 481
1429 435 1432 440 ,

154 635 244 705 Aiunt
263 635 363 714 itaque
384 631 491 694 lilium
514 641 545 694 et
565 632 683 694 Patrem
706 651 767 694 uon
790 633 830 694 ita
852 653 942 696 unum
965 637 1086 715 etquid
1110 637 1206 701 simile
1234 659 1320 716 esse,
1350 649 1385 704 ut

154 735 286 798 Ecclesia
309 733 477 815 praedicat,
507 733 561 814 sed
583 741 617 795 ut
637 731 697 813 ipsi
718 733 836 798 docent.
882 734 981 808 „Quia
1003 736 1097 811 enirn,
1127 739 1279 818 inquiunt,
1308 761 1384 822 quae

153 838 246 912 „solt
266 837 370 910 Pater,
399 833 502 907 eadem
526 834 613 896 etiam
635 833 698 896 vult
718 833 828 908 uirtus,
857 834 982 916 eiusque
1003 837 1232 918 cogitationibus
1254 852 1285 904 et
1304 843 1383 906 iudi-

155 939 238 1014 „ciis
260 957 322 1001 nou
344 936 528 1009 adversatur,
553 936 606 998 sed
629 935 660 997 in
684 935 823 998 omuibus
844 937 931 1017 plane
953 956 1019 999 curu
1036 938 1086 1000 illo
1109 942 1268 1014 consentit,
1292 961 1384 1024 eaque

155 1039 379 1116 „sermonibus
401 1039 464 1102 suis
487 1038 589 1110 docet,
621 1055 698 1118 quac
717 1037 813 1101 Patris
842 1037 988 1118 dogmatis
1012 1046 1042 1102 et
1062 1039 1214 1104 doetrinae
1237 1051 1308 1104 suut
1328 1044 1382 1105 ad·

157 1141 306 1217 „modum
329 1139 561 1214 couseutieubu;
592 1139 701 1202 idcirco
724 1139 790 1220 ipse
813 1149 844 1202 et
864 1140 951 1202 Pater
973 1159 1064 1204 unum
1087 1149 1191 1206 suut.“
1234 1144 1315 1207 llaec
1334 1145 1384 1210 illa

1617 119 1618 172 l

1617 189 1618 242 l

241 531 291 598 to.
344 530 453 594 Verum
485 529 541 592 ista
574 529 617 592 illi
648 531 781 610 propriis
814 533 992 596 commentis
1029 544 1174 600 conantur
1206 538 1380 603 dissolvere.
1390 556 1468 600 usse.

1617 713 1618 744 l

1617 787 1618 832 ι

157 1250 241 1318 suut,
263 1257 338 1322 quae
359 1241 491 1304 nonnulli
513 1259 618 1303 eorum
641 1260 700 1302 uou
723 1249 838 1304 tanturn
860 1241 970 1318 dicere,
993 1243 1046 1306 sed
1069 1243 1157 1306 etiem
1173 1245 1305 1308 scribere
1320 1247 1384 1310 ausi

157 1354 245 1417 sont,
271 1342 379 1424 quibus
405 1343 475 1424 quid
498 1361 611 1424 quaeso
634 1343 792 1406 absurdius
815 1353 845 1406 et
867 1343 997 1425 ineptius
1019 1345 1077 1408 dici
1098 1345 1209 1425 queat?
1251 1347 1384 1428 Namque

155 1447 182 1509 si
203 1453 361 1528 propterea
382 1446 471 1508 Pater
493 1453 523 1507 et
543 1444 635 1508 lilios
663 1463 755 1508 unum
784 1453 871 1526 suut,
902 1446 1018 1526 lrocqoe
1045 1447 1135 1508 modo
1164 1447 1260 1511 Patris
1287 1449 1385 1512 simile

155 1557 203 1610 est
222 1547 363 1622 Verbum,
386 1547 523 1627 sequitur
543 1548 678 1626 prolecto
701 1555 734 1609 ut
756 1547 844 1609 ctiam
859 1547 962 1628 Angeli
984 1547 1091 1627 aliique
1105 1546 1193 1609 nobis
1209 1549 1382 1629 superiores

153 1649 291 1730 spiritus,
312 1648 510 1728 Principatus,
531 1647 709 1722 Potestates‚
731 1647 856 1721 Tbroui,
874 1648 1114 1724 dominationes,
1135 1667 1184 1711 res
1198 1650 1270 1712 item
1293 1670 1383 1733 aspe-

156 1751 290 1824 ctabiles,
314 1749 370 1824 sol,
393 1749 520 1831 lunaque
542 1759 572 1812 et
593 1749 696 1812 stellae
719 1749 779 1812 siut
800 1750 852 1812 lilii
874 1751 916 1813 uti
939 1750 1042 1826 Filius,
1065 1769 1099 1812 ac
1121 1738 1158 1812 de
1172 1750 1279 1812 iisdem
1301 1752 1383 1816 dice-

155 1860 206 1916 tur
227 1851 295 1914 illos
318 1858 348 1913 et
368 1851 486 1914 Patrem
515 1869 606 1914 unum
635 1870 710 1928 essev
731 1851 924 1932 singulosque
945 1853 998 1915 Dei
1027 1871 1097 1914 esse
1118 1851 1256 1914 Verbum.
1302 1853 1385 1926 Quae

158 1952 237 2016 euim
259 1951 323 2014 vult
344 1953 433 2026 Deus,
456 1951 558 2016 eadem
581 1959 611 2014 et
632 1951 674 2014 illi
698 1951 810 2029 volout,
833 1972 888 2016 nec
909 1953 946 2015 ab
968 1954 1033 2016 eius
1055 1952 1202 2014 sententia
1224 1963 1255 2015 et
1274 1954 1384 2018 iudicio

155 2053 356 2130 dissentiunt,
387 2054 441 2116 sed
468 2053 499 2115 iu
527 2054 667 2118 omuibus
690 2055 818 2117 creatori
840 2055 992 2117 ebediunt.
1038 2052 1190 2134 Siquidem
1212 2053 1243 2116 in
1265 2055 1386 2136 propria

155 2157 250 2238 gloria
272 2175 334 2218 non
355 2156 604 2237 permansissent,
627 2155 685 2218 uisi
706 2175 781 2237 quae
796 2157 884 2219 Pater
899 2155 1000 2230 voluit,
1022 2154 1064 2217 illi
1080 2173 1198 2236 quoque
1211 2155 1386 2220 voluissent.

155 2260 234 2322 llius
254 2257 313 2334 ille,
335 2259 385 2340 qui
408 2277 468 2320 ιιοιι
489 2257 671 2340 pennensit,
694 2258 748 2321 sed
770 2265 868 2321 mente
890 2257 1067 2338 depravatos
1090 2264 1145 2329 est,
1167 2255 1241 2319 baec
1262 2257 1386 2319 audivit:

160 2361 318 2435 Quomodo
341 2359 446 2424 cendit
467 2379 482 2422 e
506 2359 588 2423 caelo
605 2359 738 2439 lucifer,
761 2358 815 2422 ills
836 2363 890 2442 gui
902 2377 990 2422 meae
1006 2343 1187 2422 ora'abdturl’
1208 2357 1282 2420 Cum
1297 2357 1387 2437 igitur

156 2463 229 2526 tales
252 2463 292 2526 illi
315 2463 386 2537 sint,
409 2481 501 2542 quare
523 2461 609 2524 sulus
631 2461 689 2523 iste
711 2460 804 2524 Filius
820 2459 1009 2540 unigenitus,
1032 2458 1161 2520 Verbum
1184 2467 1214 2519 et
1236 2457 1387 2538 Sapientia

158 2563 228 2626 esti
248 2565 301 2626 Vel
322 2583 376 2626 cur
398 2564 425 2626 si
447 2573 492 2624 tot
514 2569 585 2624 suut
599 2562 696 2626 Patris
718 2562 842 2639 similes,
866 2562 949 2626 solus
971 2561 1029 2622 iste
1048 2561 1145 2639 imago
1162 2558 1233 2622 esti
1254 2560 1387 2639 Namque

159 2663 238 2724 inter
258 2665 343 2742 ipsos
366 2663 456 2725 etiam
477 2663 615 2725 hemines
638 2664 722 2726 multi
744 2665 947 2746 reperientur,
977 2663 1028 2744 qui
1049 2661 1147 2724 Patris
1175 2662 1235 2724 sint
1262 2662 1387 2738 similes,

159 2763 281 2844 plurimi
301 2763 413 2826 scilicet
427 2763 579 2844 Martyres,
602 2772 632 2826 et
652 2771 720 2828 aule
734 2767 876 2847 Martyres
891 2764 1027 2846 Apostoli
1049 2771 1080 2825 et
1100 2762 1277 2841 Prophetae,
1299 2771 1388 2843 atquc

160 2871 229 2926 aute
253 2863 329 2926 istos
351 2863 550 2927 Patriarebae.
583 2865 662 2938 Quin
686 2867 773 2930 ctiam
796 2866 966 2947 complures
988 2883 1106 2946 quoque
1120 2863 1210 2925 bodie
1226 2864 1388 2926 salvatoris

159 2964 331 3028 mandatum
353 2973 475 3028 serrant
496 2965 628 3047 fiuntque
650 2967 860 3038 misericordes
876 2967 1011 3030 utPatcr·
1025 2966 1173 3040 caelestis,
1196 2973 1284 3046 atque
1306 2965 1389 3027 bisce

160 3066 284 3130 monitis
308 3067 529 3147 obsequuntur:
565 3065 669 3134 Estote
694 3073 795 3150 itupue
816 3073 985 3131 imitatores
1009 3069 1066 3130 Dei
1086 3071 1165 3130 sicut
1185 3067 1247 3148 fito·
1267 3066 1370 3128 dilecti
1377 3084 1387 3139 ;

160 3179 191 3232 et
212 3167 364 3232 ambulate
386 3173 419 3231 ιἰι
441 3169 614 3242 dilectione,
643 3173 724 3232 sicut
745 3180 774 3233 et
797 3169 936 3232 Cle-istos
961 3168 1067 3232 ditescit
1087 3188 1161 3244 nom
1194 3166 1278 3229 multi
1300 3167 1472 3231 eliamrsee.

160 3269 244 3333 Pauli
277 3270 443 3334 imitatores
478 3271 573 3333 ed'ecti
607 3279 679 3333 sunt
705 3278 739 3333 ut
765 3279 796 3332 ct
825 3269 874 3332 ille
901 3268 1021 3332 Christi.
1065 3269 1151 3352 Atqui
1180 3287 1268 3332 nemo
1290 3275 1389 3331 tamen

159 3370 278 3434 illorum
306 3370 351 3434 vel
375 3370 504 3434 Verbum
526 3379 578 3434 aut
599 3371 749 3453 Sapientia
772 3369 817 3434 rel
839 3371 1008 3452 unigenitus
1032 3369 1124 3433 Filius
1146 3370 1191 3432 vel
1212 3370 1310 3450 imago
1333 3377 1389 3445 est,

159 3587 520 3712 tllt'lml‘llllul.
534 3585 748 3728 limittit:
798 3581 1394 3738 titillo?illi:tlntVllttfti

160 3727 235 3778 Paulo
261 3735 317 3791 post
341 3735 441 3792 uterque
463 3729 519 3791 lieg.
538 3729 638 3790 Seguer.
656 3730 748 3793 anglic.
799 3725 946 3793 προφῆται
962 3718 1008 3772 καὶ
1026 3720 1184 3773 messalae.
1214 3717 1392 3791 Edirielnpo-

160 3803 185 3844 et
202 3793 306 3844 Felclrru.
324 3793 349 3845 5.
371 3787 490 3860 ἔμειναν.
529 3795 606 3846 Editio
631 3797 749 3848 Commel.
801 3793 891 3862 φῆται
907 3787 954 3840 sel
971 3785 1000 3840 ei
1016 3783 1175 3840 ἀπόστολοι.

160 3853 277 3927 ἔμεινεν,
297 3862 368 3912 mele.
836 3863 853 3912 Ι.
871 3862 912 3912 Sic
935 3867 1036 3924 uterque
1061 3860 1117 3922 lleg.
1143 3857 1216 3908 basil.
1240 3857 1340 3909 Gobler.
1369 3865 1393 3910 et

195 3930 219 3980 b.
237 3930 278 3979 Sic
290 3931 347 3992 lleg.
367 3929 389 3978 l.
402 3936 426 3976 st
443 3927 515 4005 Segu.
539 3929 567 3977 lt
589 3928 631 3977 alii
650 3937 674 3979 et
692 3929 749 3980 editi
800 3929 907 3979 l'elclrru.
920 3929 941 3976 l.
977 3929 1005 3976 dt
1023 3927 1063 3977 alii
1074 3923 1181 3976 eledirio
1193 3923 1311 3976 Commel.
1328 3921 1393 3973 πολ-

84 4021 85 4026 =
160 3988 322 4061 ἐβούλοντοἔ
340 3987 439 4044 οὐκοῦν
454 4009 492 4060 μη
510 3989 614 4059 μείνας.
802 3990 847 4043 let
861 4006 891 4043 τε
908 3988 954 4042 καὶ
972 3983 1048 4042 ἄλλοι
1065 3986 1211 4060 ἐφύλαξαν.

195 4065 211 4113 i.
230 4064 271 4114 Sit
288 4065 344 4144 lleg.
357 4063 378 4113 l.
389 4069 413 4112 et
422 4063 525 4123 Segusr.
552 4062 580 4111 tr
598 4061 638 4110 alii
658 4069 682 4111 et
694 4061 752 4111 editi
838 4075 871 4112 m.
889 4061 930 4112 Sic
947 4062 1004 4125 Reg.
1020 4062 1041 4112 l.
1061 4069 1084 4112 et
1097 4059 1120 4111 2.
1140 4064 1212 4124 Segu.
1231 4059 1304 4109 besil.
1320 4059 1392 4110 (lobi.

160 4115 359 4184 οὗτοςὸυἱος.
394 4129 454 4180 lbid.
473 4129 530 4191 lleg.
549 4137 659 4192 uterque,
678 4129 751 4178 basil.
804 4129 950 4178 etl'elelnr.
971 4130 991 4179 l.
1012 4137 1038 4180 ur
1056 4137 1080 4180 st
1098 4129 1230 4192 Scriptura.
1266 4127 1311 4176 blii
1335 4141 1393 4178 raro
1502 4160 1509 4174 ι

160 4199 260 4250 Gobler.
284 4199 390 4250 Felclur.
409 4197 431 4246 1.
450 4203 474 4246 et
491 4196 514 4246 5.
531 4189 684 4262 μονογενὴς
705 4189 752 4244 aul
804 4203 828 4246 et
840 4197 897 4246 edit.
909 4195 1026 4246 Commel.
1040 4191 1162 4264 properet
1174 4209 1230 4263 μου
1248 4185 1285 4247 uic
1301 4189 1390 4244 τέκνα.

160 4259 192 4314 λ’
211 4280 248 4320 es.
284 4267 329 4317 blii
356 4273 380 4316 et
406 4265 478 4314 editio
497 4264 640 4316 Commelln.
662 4255 753 4332 μόνον
802 4263 856 4314 Bor
873 4271 974 4328 uterque
993 4265 1049 4326 llag.
1065 4267 1166 4328 Seguer.
1184 4263 1396 4326 ussitrngueer

160 4281 241 4398 rzvp
300 4328 347 4383 acl
362 4323 450 4396 λόγος.
803 4333 928 4395 Scriptura
947 4321 1087 4413 ›iprinpcsr
1105 4325 1185 4400 ἡμᾶς.
1219 4330 1264 4380 llil
1289 4337 1313 4380 et
1336 4328 1394 4379 editi

196 4403 220 4454 l.
237 4401 278 4452 Sic
302 4404 359 4464 lleg.
378 4401 400 4450 l.
425 4409 448 4450 et
465 4400 565 4463 Ssgusr.
599 4401 628 4456 lt
645 4400 751 4452 Felclm.
803 4390 944 4466 ἢγᾶπιισεν
960 4397 1038 4467 υμᾶς.

162 4469 185 4520 2
204 4477 229 4521 et
246 4471 319 4520 editio
338 4468 455 4520 Commsl.
482 4457 575 4536 ripaeos
598 4464 638 4532 ep
654 4461 750 4534 πατρὶ,
837 4482 861 4518 ιι,
879 4468 920 4517 Sie
937 4481 998 4517 mss.
1031 4469 1060 4517 Αι
1078 4467 1151 4517 aditio
1170 4461 1288 4517 ccmmsl.
1308 4461 1396 4512 omittit

162 4529 275 4606 ἄριστοι
290 4533 344 4604 μὲν
359 4529 503 4603 μάρτυρες.
538 4536 583 4585 llil
601 4527 695 4601 ὅμοιοι
711 4533 752 4600 τῷ
783 4525 866 4599 ¹crisa
883 4529 970 4598 λόγος.
999 4529 1395 4600 Paulopoercbler.etFelclur.

160 4599 264 4672 πατρὶ,
293 4601 416 4654 πλεῖστοι
440 4597 493 4680 μέγ
513 4595 658 4672 μάρτυρες.
699 4603 753 4654 tlon
806 4602 828 4652 l.
847 4595 1038 4668 ἐπετόλμησεν.

199 4693 327 4737 Διιιιιιιιι
340 4703 391 4737 um.
406 4701 477 4735 noos.
491 4701 541 4734 arr..
1127 4663 1131 4678 ’
1158 4681 1188 4732 ³1
