<?xml version="1.0" encoding="UTF-8"?>
<!DOCTYPE html PUBLIC "-//W3C//DTD XHTML 1.0 Transitional//EN"
    "http://www.w3.org/TR/xhtml1/DTD/xhtml1-transitional.dtd">
<html xmlns="http://www.w3.org/1999/xhtml" xml:lang="en" lang="en">
 <head>
  <title>
</title>
<meta http-equiv="Content-Type" content="text/html;charset=utf-8" />
  <meta name='ocr-system' content='tesseract 3.04.00' />
  <meta name='ocr-capabilities' content='ocr_page ocr_carea ocr_par ocr_line ocrx_word'/>
</head>
<body>
  <div class='ocr_page' id='page_1' title='image "./sanctiathanasii00athagoog_0785.png"; bbox 0 0 3094 5318; ppageno 0'>
   <div class='ocr_carea' id='block_1_1' title="bbox 188 369 1051 446">
    <p class='ocr_par' dir='ltr' id='par_1_1' title="bbox 188 369 1051 446">
     <span class='ocr_line' id='line_1_1' title="bbox 188 369 1051 446; baseline -0.015 -13"><span class='ocrx_word' id='word_1_1' title='bbox 188 441 192 446; x_wconf 56' lang='grc'><strong>,</strong></span> <span class='ocrx_word' id='word_1_2' title='bbox 223 369 285 432; x_wconf 76' lang='grc'><strong><em>740</em></strong></span> <span class='ocrx_word' id='word_1_3' title='bbox 619 377 645 420; x_wconf 83' lang='lat' dir='ltr'><strong><em>s.</em></strong></span> <span class='ocrx_word' id='word_1_4' title='bbox 661 375 816 420; x_wconf 76' lang='grc' dir='ltr'><strong><em>ιτειιιιεα</em></strong></span> <span class='ocrx_word' id='word_1_5' title='bbox 829 374 1051 420; x_wconf 68' lang='lat' dir='ltr'><strong>nemnem</strong></span> 
     </span>
    </p>
   </div>
   <div class='ocr_carea' id='block_1_2' title="bbox 76 516 1532 3843">
    <p class='ocr_par' dir='ltr' id='par_1_2' title="bbox 76 516 1532 3843">
     <span class='ocr_line' id='line_1_2' title="bbox 134 516 1459 614; baseline -0.002 -22"><span class='ocrx_word' id='word_1_6' title='bbox 134 531 286 614; x_wconf 66' lang='grc' dir='ltr'><strong><em>κατέχει</em></strong></span> <span class='ocrx_word' id='word_1_7' title='bbox 306 527 340 596; x_wconf 77' lang='grc' dir='ltr'><strong><em>έν</em></strong></span> <span class='ocrx_word' id='word_1_8' title='bbox 361 524 461 613; x_wconf 73' lang='grc' dir='ltr'><strong><em>ἑαυτῇ</em></strong></span> <span class='ocrx_word' id='word_1_9' title='bbox 488 527 556 592; x_wconf 86' lang='grc' dir='ltr'><strong><em>τιῦν</em></strong></span> <span class='ocrx_word' id='word_1_10' title='bbox 577 525 734 612; x_wconf 78' lang='grc' dir='ltr'><strong><em>γενητῶν,</em></strong></span> <span class='ocrx_word' id='word_1_11' title='bbox 763 521 820 590; x_wconf 81' lang='grc' dir='ltr'><strong><em>καὶ</em></strong></span> <span class='ocrx_word' id='word_1_12' title='bbox 847 519 928 609; x_wconf 85' lang='grc' dir='ltr'><strong><em>αῦτη</em></strong></span> <span class='ocrx_word' id='word_1_13' title='bbox 956 525 1015 609; x_wconf 78' lang='grc' dir='ltr'><strong><em>τῆς</em></strong></span> <span class='ocrx_word' id='word_1_14' title='bbox 1044 521 1226 609; x_wconf 90' lang='grc' dir='ltr'><strong><em>τριάδοςῆ</em></strong></span> <span class='ocrx_word' id='word_1_15' title='bbox 1255 516 1459 610; x_wconf 76' lang='grc' dir='ltr'><strong><em>ἀδιαίρετος</em></strong></span> 
     </span>
     <span class='ocr_line' id='line_1_3' title="bbox 219 619 1457 715; baseline -0.004 -18"><span class='ocrx_word' id='word_1_16' title='bbox 219 628 348 715; x_wconf 74' lang='grc' dir='ltr'><strong><em>’ἑνότης</em></strong></span> <span class='ocrx_word' id='word_1_17' title='bbox 368 625 423 694; x_wconf 85' lang='grc' dir='ltr'><strong><em>καί</em></strong></span> <span class='ocrx_word' id='word_1_18' title='bbox 444 631 508 711; x_wconf 90' lang='grc' dir='ltr'><strong><em>μία</em></strong></span> <span class='ocrx_word' id='word_1_19' title='bbox 528 621 548 713; x_wconf 90' lang='lat'><strong><em>5</em></strong></span> <span class='ocrx_word' id='word_1_20' title='bbox 571 625 619 704; x_wconf 82' lang='grc' dir='ltr'><strong><em>είς</em></strong></span> <span class='ocrx_word' id='word_1_21' title='bbox 640 624 761 711; x_wconf 74' lang='grc' dir='ltr'><strong><em>ταύτην</em></strong></span> <span class='ocrx_word' id='word_1_22' title='bbox 783 629 898 703; x_wconf 77' lang='grc' dir='ltr'><strong><em>πίστις</em></strong></span> <span class='ocrx_word' id='word_1_23' title='bbox 920 623 1019 691; x_wconf 75' lang='grc' dir='ltr'><strong><em>ἐστίν.</em></strong></span> <span class='ocrx_word' id='word_1_24' title='bbox 1064 625 1095 692; x_wconf 88' lang='grc' dir='ltr'><strong><em>εί</em></strong></span> <span class='ocrx_word' id='word_1_25' title='bbox 1116 626 1152 691; x_wconf 81' lang='grc' dir='ltr'><strong><em>δὲ</em></strong></span> <span class='ocrx_word' id='word_1_26' title='bbox 1174 623 1258 691; x_wconf 80' lang='grc' dir='ltr'><strong><em>κατὰ</em></strong></span> <span class='ocrx_word' id='word_1_27' title='bbox 1277 623 1336 710; x_wconf 80' lang='grc' dir='ltr'><strong><em>τὴν</em></strong></span> <span class='ocrx_word' id='word_1_28' title='bbox 1350 619 1457 708; x_wconf 74' lang='grc' dir='ltr'><strong><em>ὑμῶν</em></strong></span> 
     </span>
     <span class='ocr_line' id='line_1_4' title="bbox 216 719 1457 815; baseline -0.002 -19"><span class='ocrx_word' id='word_1_29' title='bbox 216 731 282 797; x_wconf 82' lang='grc' dir='ltr'><strong><em>τῶν</em></strong></span> <span class='ocrx_word' id='word_1_30' title='bbox 306 730 486 815; x_wconf 86' lang='grc' dir='ltr'><strong><em>Τροπικιῦν</em></strong></span> <span class='ocrx_word' id='word_1_31' title='bbox 513 724 721 811; x_wconf 78' lang='grc' dir='ltr'><strong><em>ἔπεξεόρεσιν</em></strong></span> <span class='ocrx_word' id='word_1_32' title='bbox 750 719 809 808; x_wconf 89' lang='grc' dir='ltr'><strong><em>οῦχ</em></strong></span> <span class='ocrx_word' id='word_1_33' title='bbox 838 721 943 804; x_wconf 84' lang='grc' dir='ltr'><strong><em>οῦτως</em></strong></span> <span class='ocrx_word' id='word_1_34' title='bbox 971 725 1076 806; x_wconf 78' lang='grc' dir='ltr'><strong><em>ἐστίν,</em></strong></span> <span class='ocrx_word' id='word_1_35' title='bbox 1099 719 1168 792; x_wconf 75' lang='grc' dir='ltr'><strong><em>ἀλλ’</em></strong></span> <span class='ocrx_word' id='word_1_36' title='bbox 1199 723 1457 811; x_wconf 82' lang='grc' dir='ltr'><strong><em>ίνυπνιάσθητε</em></strong></span> 
     </span>
     <span class='ocr_line' id='line_1_5' title="bbox 216 820 1454 914; baseline -0.005 -16"><span class='ocrx_word' id='word_1_37' title='bbox 216 835 359 914; x_wconf 81' lang='grc' dir='ltr'><strong><em>1’κτίσμα</em></strong></span> <span class='ocrx_word' id='word_1_38' title='bbox 380 830 485 914; x_wconf 75' lang='grc' dir='ltr'><strong><em>λέγειν</em></strong></span> <span class='ocrx_word' id='word_1_39' title='bbox 507 825 547 894; x_wconf 84' lang='grc' dir='ltr'><strong><em>τό</em></strong></span> <span class='ocrx_word' id='word_1_40' title='bbox 569 829 701 912; x_wconf 84' lang='grc' dir='ltr'><strong><em>πνεῦμα</em></strong></span> <span class='ocrx_word' id='word_1_41' title='bbox 720 825 760 892; x_wconf 88' lang='grc' dir='ltr'><strong><em>τὸ</em></strong></span> <span class='ocrx_word' id='word_1_42' title='bbox 783 822 886 912; x_wconf 80' lang='grc' dir='ltr'><strong><em>άγισν,</em></strong></span> <span class='ocrx_word' id='word_1_43' title='bbox 909 820 1019 893; x_wconf 75' lang='grc' dir='ltr'><strong><em>οὐκέτι</em></strong></span> <span class='ocrx_word' id='word_1_44' title='bbox 1038 833 1101 911; x_wconf 90' lang='grc' dir='ltr'><strong><em>μία</em></strong></span> <span class='ocrx_word' id='word_1_45' title='bbox 1118 833 1234 905; x_wconf 80' lang='grc' dir='ltr'><strong><em>πίστις</em></strong></span> <span class='ocrx_word' id='word_1_46' title='bbox 1248 825 1337 892; x_wconf 77' lang='grc' dir='ltr'><strong><em>ἐστὶν</em></strong></span> <span class='ocrx_word' id='word_1_47' title='bbox 1351 823 1454 910; x_wconf 77' lang='grc' dir='ltr'><strong><em>ῦμιῦν</em></strong></span> 
     </span>
     <span class='ocr_line' id='line_1_6' title="bbox 217 923 1454 1016; baseline -0.003 -17"><span class='ocrx_word' id='word_1_48' title='bbox 217 927 295 999; x_wconf 75' lang='grc' dir='ltr'><strong><em>οῦδὲ</em></strong></span> <span class='ocrx_word' id='word_1_49' title='bbox 318 933 352 998; x_wconf 74' lang='grc' dir='ltr'><strong><em>ἓν</em></strong></span> <span class='ocrx_word' id='word_1_50' title='bbox 374 927 559 1016; x_wconf 77' lang='grc' dir='ltr'><strong><em>βάπτισμα,</em></strong></span> <span class='ocrx_word' id='word_1_51' title='bbox 584 923 670 996; x_wconf 79' lang='grc' dir='ltr'><strong><em>ἀλλὰ</em></strong></span> <span class='ocrx_word' id='word_1_52' title='bbox 692 925 761 1007; x_wconf 84' lang='grc' dir='ltr'><strong><em>δύο,</em></strong></span> <span class='ocrx_word' id='word_1_53' title='bbox 785 929 819 993; x_wconf 81' lang='grc' dir='ltr'><strong><em>ἓν</em></strong></span> <span class='ocrx_word' id='word_1_54' title='bbox 841 927 901 1012; x_wconf 81' lang='grc' dir='ltr'><strong><em>μέν</em></strong></span> <span class='ocrx_word' id='word_1_55' title='bbox 924 927 971 1006; x_wconf 82' lang='grc' dir='ltr'><strong><em>είς</em></strong></span> <span class='ocrx_word' id='word_1_56' title='bbox 992 933 1121 1014; x_wconf 80' lang='grc' dir='ltr'><strong><em>πατέρα</em></strong></span> <span class='ocrx_word' id='word_1_57' title='bbox 1141 929 1196 994; x_wconf 81' lang='grc' dir='ltr'><strong><em>καί</em></strong></span> <span class='ocrx_word' id='word_1_58' title='bbox 1218 927 1308 1007; x_wconf 80' lang='grc' dir='ltr'><strong><em>υἱόν,</em></strong></span> <span class='ocrx_word' id='word_1_59' title='bbox 1332 927 1454 1012; x_wconf 64' lang='grc' dir='ltr'><strong><em>ἕτερον</em></strong></span> 
     </span>
     <span class='ocr_line' id='line_1_7' title="bbox 219 1023 1453 1117; baseline -0.004 -17"><span class='ocrx_word' id='word_1_60' title='bbox 219 1031 256 1100; x_wconf 73' lang='grc' dir='ltr'><strong><em>δὲ</em></strong></span> <span class='ocrx_word' id='word_1_61' title='bbox 278 1031 325 1111; x_wconf 81' lang='grc' dir='ltr'><strong><em>είς</em></strong></span> <span class='ocrx_word' id='word_1_62' title='bbox 347 1028 483 1117; x_wconf 78' lang='grc' dir='ltr'><strong><em>ἄγγελον</em></strong></span> <span class='ocrx_word' id='word_1_63' title='bbox 503 1036 625 1114; x_wconf 82' lang='grc' dir='ltr'><strong><em>κτίσμα</em></strong></span> <span class='ocrx_word' id='word_1_64' title='bbox 646 1026 736 1108; x_wconf 76' lang='grc' dir='ltr'><strong><em>ὄντα,</em></strong></span> <span class='ocrx_word' id='word_1_65' title='bbox 759 1027 817 1094; x_wconf 83' lang='grc' dir='ltr'><strong><em>καί</em></strong></span> <span class='ocrx_word' id='word_1_66' title='bbox 837 1025 932 1095; x_wconf 78' lang='grc' dir='ltr'><strong><em>οὐδέν</em></strong></span> <span class='ocrx_word' id='word_1_67' title='bbox 954 1027 1074 1094; x_wconf 83' lang='grc' dir='ltr'><strong><em>λοιπὸν</em></strong></span> <span class='ocrx_word' id='word_1_68' title='bbox 1089 1024 1182 1113; x_wconf 86' lang='grc' dir='ltr'><strong><em>ῦμιῦν</em></strong></span> <span class='ocrx_word' id='word_1_69' title='bbox 1197 1023 1345 1116; x_wconf 78' lang='grc' dir='ltr'><strong><em>ἀσφαλές</em></strong></span> <span class='ocrx_word' id='word_1_70' title='bbox 1368 1023 1453 1095; x_wconf 84' lang='grc' dir='ltr'><strong><em>οῦδὲ</em></strong></span> 
     </span>
     <span class='ocr_line' id='line_1_8' title="bbox 218 1123 1452 1220; baseline -0.006 -18"><span class='ocrx_word' id='word_1_71' title='bbox 218 1127 352 1220; x_wconf 85' lang='grc' dir='ltr'><strong><em>ἇληθίς.</em></strong></span> <span class='ocrx_word' id='word_1_72' title='bbox 397 1136 482 1198; x_wconf 90' lang='grc' dir='ltr'><strong><em>ποία</em></strong></span> <span class='ocrx_word' id='word_1_73' title='bbox 502 1129 564 1217; x_wconf 84' lang='grc' dir='ltr'><strong><em>γὰρ</em></strong></span> <span class='ocrx_word' id='word_1_74' title='bbox 585 1135 742 1195; x_wconf 81' lang='grc' dir='ltr'><strong><em>κοινωνία</em></strong></span> <span class='ocrx_word' id='word_1_75' title='bbox 763 1131 887 1216; x_wconf 76' lang='grc' dir='ltr'><strong><em>γεννητῷ</em></strong></span> <span class='ocrx_word' id='word_1_76' title='bbox 908 1131 962 1196; x_wconf 83' lang='grc' dir='ltr'><strong><em>καλ</em></strong></span> <span class='ocrx_word' id='word_1_77' title='bbox 985 1129 1172 1216; x_wconf 81' lang='grc' dir='ltr'><strong><em>δημιουργῷ</em></strong></span> <span class='ocrx_word' id='word_1_78' title='bbox 1179 1158 1190 1212; x_wconf 85' lang='grc'><strong><em>,·</em></strong></span> <span class='ocrx_word' id='word_1_79' title='bbox 1221 1123 1349 1215; x_wconf 84' lang='grc' dir='ltr'><strong><em>ἢποία</em></strong></span> <span class='ocrx_word' id='word_1_80' title='bbox 1373 1127 1452 1196; x_wconf 81' lang='grc' dir='ltr'><strong><em>δνό-</em></strong></span> 
     </span>
     <span class='ocr_line' id='line_1_9' title="bbox 217 1228 1451 1322; baseline -0.003 -22"><span class='ocrx_word' id='word_1_81' title='bbox 217 1257 277 1322; x_wconf 86' lang='grc' dir='ltr'><strong><em>της</em></strong></span> <span class='ocrx_word' id='word_1_82' title='bbox 296 1241 370 1312; x_wconf 78' lang='grc' dir='ltr'><strong><em>τοῖς</em></strong></span> <span class='ocrx_word' id='word_1_83' title='bbox 389 1231 478 1299; x_wconf 88' lang='grc' dir='ltr'><strong><em>κάτω</em></strong></span> <span class='ocrx_word' id='word_1_84' title='bbox 500 1236 658 1315; x_wconf 82' lang='grc' dir='ltr'><strong><em>κτίσμασι</em></strong></span> <span class='ocrx_word' id='word_1_85' title='bbox 676 1231 731 1296; x_wconf 82' lang='grc' dir='ltr'><strong><em>καὶ</em></strong></span> <span class='ocrx_word' id='word_1_86' title='bbox 746 1232 793 1315; x_wconf 82' lang='grc' dir='ltr'><strong><em>τῷ</em></strong></span> <span class='ocrx_word' id='word_1_87' title='bbox 808 1229 913 1296; x_wconf 83' lang='grc' dir='ltr'><strong><em>ταῦτα</em></strong></span> <span class='ocrx_word' id='word_1_88' title='bbox 927 1228 1203 1316; x_wconf 79' lang='grc' dir='ltr'><strong><em>δημωυργὴσαντι</em></strong></span> <span class='ocrx_word' id='word_1_89' title='bbox 1217 1229 1322 1317; x_wconf 69' lang='grc' dir='ltr'><strong><em>λόγως</em></strong></span> <span class='ocrx_word' id='word_1_90' title='bbox 1343 1233 1451 1298; x_wconf 88' lang='grc' dir='ltr'><strong><em>τοῦτο</em></strong></span> 
     </span>
     <span class='ocr_line' id='line_1_10' title="bbox 219 1325 1453 1419; baseline -0.004 -17"><span class='ocrx_word' id='word_1_91' title='bbox 219 1333 317 1414; x_wconf 78' lang='grc' dir='ltr'><strong><em>εἰδὼς</em></strong></span> <span class='ocrx_word' id='word_1_92' title='bbox 338 1328 357 1400; x_wconf 92' lang='grc' dir='ltr'><strong><em>ό</em></strong></span> <span class='ocrx_word' id='word_1_93' title='bbox 377 1332 540 1419; x_wconf 85' lang='grc' dir='ltr'><strong><em>μακάρως</em></strong></span> <span class='ocrx_word' id='word_1_94' title='bbox 553 1331 689 1410; x_wconf 82' lang='grc' dir='ltr'><strong><em>Παῦλος</em></strong></span> <span class='ocrx_word' id='word_1_95' title='bbox 704 1325 743 1398; x_wconf 87' lang='grc' dir='ltr'><strong><em>οῦ</em></strong></span> <span class='ocrx_word' id='word_1_96' title='bbox 759 1331 883 1418; x_wconf 83' lang='grc' dir='ltr'><strong><em>διαιρεῖ</em></strong></span> <span class='ocrx_word' id='word_1_97' title='bbox 901 1330 959 1416; x_wconf 75' lang='grc' dir='ltr'><strong><em>τὴν</em></strong></span> <span class='ocrx_word' id='word_1_98' title='bbox 972 1329 1094 1417; x_wconf 80' lang='grc' dir='ltr'><strong><em>τριάδα</em></strong></span> <span class='ocrx_word' id='word_1_99' title='bbox 1108 1327 1218 1416; x_wconf 77' lang='grc' dir='ltr'><strong><em>ὥςπερ</em></strong></span> <span class='ocrx_word' id='word_1_100' title='bbox 1233 1327 1335 1417; x_wconf 84' lang='grc' dir='ltr'><strong><em>ῦμετς,</em></strong></span> <span class='ocrx_word' id='word_1_101' title='bbox 1360 1325 1453 1398; x_wconf 70' lang='grc' dir='ltr'><strong><em>ἀλλὰ</em></strong></span> 
     </span>
     <span class='ocr_line' id='line_1_11' title="bbox 160 1427 1451 1522; baseline -0.004 -19"><span class='ocrx_word' id='word_1_102' title='bbox 160 1427 164 1442; x_wconf 69' lang='grc'><strong><em>’</em></strong></span> <span class='ocrx_word' id='word_1_103' title='bbox 217 1434 277 1522; x_wconf 81' lang='grc' dir='ltr'><strong><em>τὴν</em></strong></span> <span class='ocrx_word' id='word_1_104' title='bbox 299 1433 437 1522; x_wconf 74' lang='grc' dir='ltr'><strong><em>ἑνότητα</em></strong></span> <span class='ocrx_word' id='word_1_105' title='bbox 457 1433 577 1521; x_wconf 83' lang='grc' dir='ltr'><strong><em>ταύτης</em></strong></span> <span class='ocrx_word' id='word_1_106' title='bbox 598 1431 763 1500; x_wconf 77' lang='grc' dir='ltr'><strong><em>διδάσκων</em></strong></span> <span class='ocrx_word' id='word_1_107' title='bbox 786 1432 911 1519; x_wconf 66' lang='grc' dir='ltr'><strong><em>ἔγραψε</em></strong></span> <span class='ocrx_word' id='word_1_108' title='bbox 931 1427 1131 1518; x_wconf 72' lang='grc' dir='ltr'><strong><em>Κορινθίοις</em></strong></span> <span class='ocrx_word' id='word_1_109' title='bbox 1155 1433 1320 1517; x_wconf 78' lang='grc' dir='ltr'><strong><em>περὶτῶν</em></strong></span> <span class='ocrx_word' id='word_1_110' title='bbox 1342 1455 1451 1498; x_wconf 88' lang='grc' dir='ltr'><strong><em>πνευ-</em></strong></span> 
     </span>
     <span class='ocr_line' id='line_1_12' title="bbox 131 1528 1448 1621; baseline -0.002 -20"><span class='ocrx_word' id='word_1_111' title='bbox 131 1539 380 1621; x_wconf 74' lang='grc' dir='ltr'><strong><em>εοιιματικιῦν,</em></strong></span> <span class='ocrx_word' id='word_1_112' title='bbox 411 1537 466 1602; x_wconf 80' lang='grc' dir='ltr'><strong><em>καί</em></strong></span> <span class='ocrx_word' id='word_1_113' title='bbox 493 1533 537 1603; x_wconf 87' lang='grc' dir='ltr'><strong><em>τὰ</em></strong></span> <span class='ocrx_word' id='word_1_114' title='bbox 556 1533 668 1602; x_wconf 88' lang='grc' dir='ltr'><strong><em>πάντα</em></strong></span> <span class='ocrx_word' id='word_1_115' title='bbox 690 1533 737 1612; x_wconf 86' lang='grc' dir='ltr'><strong><em>είς</em></strong></span> <span class='ocrx_word' id='word_1_116' title='bbox 759 1533 817 1600; x_wconf 69' lang='grc' dir='ltr'><strong><em>ἕνα</em></strong></span> <span class='ocrx_word' id='word_1_117' title='bbox 841 1533 925 1601; x_wconf 85' lang='grc' dir='ltr'><strong><em>θεὸν</em></strong></span> <span class='ocrx_word' id='word_1_118' title='bbox 951 1531 1009 1601; x_wconf 88' lang='grc' dir='ltr'><strong><em>τὸν</em></strong></span> <span class='ocrx_word' id='word_1_119' title='bbox 1036 1537 1165 1618; x_wconf 89' lang='grc' dir='ltr'><strong><em>πατέρα</em></strong></span> <span class='ocrx_word' id='word_1_120' title='bbox 1191 1528 1448 1619; x_wconf 77' lang='grc' dir='ltr'><strong><em>άνωιεφαλαιοῖ,</em></strong></span> 
     </span>
     <span class='ocr_line' id='line_1_13' title="bbox 217 1627 1449 1723; baseline -0.002 -21"><span class='ocrx_word' id='word_1_121' title='bbox 217 1637 336 1722; x_wconf 73' lang='grc' dir='ltr'><strong><em>λέγων·</em></strong></span> <span class='ocrx_word' id='word_1_122' title='bbox 359 1635 540 1723; x_wconf 82' lang='grc' dir='ltr'><strong><em>διαιρέσεις</em></strong></span> <span class='ocrx_word' id='word_1_123' title='bbox 561 1634 598 1702; x_wconf 80' lang='grc' dir='ltr'><strong><em>δέ</em></strong></span> <span class='ocrx_word' id='word_1_124' title='bbox 610 1633 823 1720; x_wconf 88' lang='grc' dir='ltr'><strong><em>χαρισμάτων</em></strong></span> <span class='ocrx_word' id='word_1_125' title='bbox 838 1633 913 1715; x_wconf 84' lang='grc' dir='ltr'><strong><em>είσί,</em></strong></span> <span class='ocrx_word' id='word_1_126' title='bbox 936 1632 975 1700; x_wconf 88' lang='grc' dir='ltr'><strong><em>τὸ</em></strong></span> <span class='ocrx_word' id='word_1_127' title='bbox 997 1633 1034 1700; x_wconf 71' lang='grc' dir='ltr'><strong><em>δὲ</em></strong></span> <span class='ocrx_word' id='word_1_128' title='bbox 1056 1627 1137 1700; x_wconf 83' lang='grc' dir='ltr'><strong><em>αῦτὸ</em></strong></span> <span class='ocrx_word' id='word_1_129' title='bbox 1158 1635 1297 1718; x_wconf 83' lang='grc' dir='ltr'><strong><em>πνεῦμα,</em></strong></span> <span class='ocrx_word' id='word_1_130' title='bbox 1320 1631 1378 1699; x_wconf 75' lang='grc' dir='ltr'><strong><em>καί</em></strong></span> <span class='ocrx_word' id='word_1_131' title='bbox 1394 1634 1449 1700; x_wconf 85' lang='grc' dir='ltr'><strong><em>δι-</em></strong></span> 
     </span>
     <span class='ocr_line' id='line_1_14' title="bbox 217 1729 1449 1824; baseline -0.002 -20"><span class='ocrx_word' id='word_1_132' title='bbox 217 1741 362 1824; x_wconf 88' lang='grc' dir='ltr'><strong><em>αιρέσεις</em></strong></span> <span class='ocrx_word' id='word_1_133' title='bbox 376 1738 553 1804; x_wconf 81' lang='grc' dir='ltr'><strong><em>διακονιῶν</em></strong></span> <span class='ocrx_word' id='word_1_134' title='bbox 568 1735 662 1815; x_wconf 82' lang='grc' dir='ltr'><strong><em>εἰσιν,</em></strong></span> <span class='ocrx_word' id='word_1_135' title='bbox 685 1730 722 1801; x_wconf 84' lang='lat'><strong><em>⁸5</em></strong></span> <span class='ocrx_word' id='word_1_136' title='bbox 744 1735 780 1801; x_wconf 83' lang='grc' dir='ltr'><strong><em>δὲ</em></strong></span> <span class='ocrx_word' id='word_1_137' title='bbox 795 1729 896 1814; x_wconf 78' lang='grc' dir='ltr'><strong><em>αὐτὸς</em></strong></span> <span class='ocrx_word' id='word_1_138' title='bbox 910 1735 1030 1821; x_wconf 81' lang='grc' dir='ltr'><strong><em>κῦρως,</em></strong></span> <span class='ocrx_word' id='word_1_139' title='bbox 1052 1737 1107 1801; x_wconf 77' lang='grc' dir='ltr'><strong><em>καὶ</em></strong></span> <span class='ocrx_word' id='word_1_140' title='bbox 1122 1735 1300 1822; x_wconf 77' lang='grc' dir='ltr'><strong><em>διαιρέσεις</em></strong></span> <span class='ocrx_word' id='word_1_141' title='bbox 1314 1733 1449 1821; x_wconf 80' lang='grc' dir='ltr'><strong><em>ἐνεργη-</em></strong></span> 
     </span>
     <span class='ocr_line' id='line_1_15' title="bbox 216 1830 1450 1924; baseline -0.004 -19"><span class='ocrx_word' id='word_1_142' title='bbox 216 1837 331 1924; x_wconf 91' lang='grc' dir='ltr'><strong><em>μάτων</em></strong></span> <span class='ocrx_word' id='word_1_143' title='bbox 353 1837 446 1918; x_wconf 85' lang='grc' dir='ltr'><strong><em>είσίν,</em></strong></span> <span class='ocrx_word' id='word_1_144' title='bbox 471 1832 489 1902; x_wconf 98' lang='lat'><strong><em>5</em></strong></span> <span class='ocrx_word' id='word_1_145' title='bbox 512 1837 548 1903; x_wconf 79' lang='grc' dir='ltr'><strong><em>δέ</em></strong></span> <span class='ocrx_word' id='word_1_146' title='bbox 569 1830 669 1914; x_wconf 78' lang='grc' dir='ltr'><strong><em>αὐτὸς</em></strong></span> <span class='ocrx_word' id='word_1_147' title='bbox 689 1835 773 1914; x_wconf 86' lang='grc' dir='ltr'><strong><em>θεὸς</em></strong></span> <span class='ocrx_word' id='word_1_148' title='bbox 795 1831 814 1901; x_wconf 89' lang='lat'><strong><em>5</em></strong></span> <span class='ocrx_word' id='word_1_149' title='bbox 837 1834 974 1922; x_wconf 80' lang='grc' dir='ltr'><strong><em>ένιργιῦν</em></strong></span> <span class='ocrx_word' id='word_1_150' title='bbox 995 1834 1039 1902; x_wconf 85' lang='grc' dir='ltr'><strong><em>τὰ</em></strong></span> <span class='ocrx_word' id='word_1_151' title='bbox 1058 1835 1171 1902; x_wconf 89' lang='grc' dir='ltr'><strong><em>πάντα</em></strong></span> <span class='ocrx_word' id='word_1_152' title='bbox 1191 1835 1225 1903; x_wconf 85' lang='grc' dir='ltr'><strong><em>ἒν</em></strong></span> <span class='ocrx_word' id='word_1_153' title='bbox 1242 1838 1389 1914; x_wconf 73' lang='grc' dir='ltr'><strong><em>πᾶσιν).</em></strong></span> <span class='ocrx_word' id='word_1_154' title='bbox 1423 1834 1450 1901; x_wconf 77' lang='grc' dir='ltr'><strong><em>ἃ</em></strong></span> 
     </span>
     <span class='ocr_line' id='line_1_16' title="bbox 214 1933 1448 2026; baseline -0.002 -21"><span class='ocrx_word' id='word_1_155' title='bbox 214 1938 278 2026; x_wconf 81' lang='grc' dir='ltr'><strong><em>γάρ</em></strong></span> <span class='ocrx_word' id='word_1_156' title='bbox 299 1939 339 2005; x_wconf 87' lang='grc' dir='ltr'><strong><em>τό</em></strong></span> <span class='ocrx_word' id='word_1_157' title='bbox 359 1941 492 2023; x_wconf 83' lang='grc' dir='ltr'><strong><em>πνεῦμα</em></strong></span> <span class='ocrx_word' id='word_1_158' title='bbox 519 1935 645 2022; x_wconf 70' lang='grc' dir='ltr'><strong><em>ἑκάστῳ</em></strong></span> <span class='ocrx_word' id='word_1_159' title='bbox 668 1937 807 2022; x_wconf 84' lang='grc' dir='ltr'><strong><em>διαιρεῖ,</em></strong></span> <span class='ocrx_word' id='word_1_160' title='bbox 836 1940 940 2002; x_wconf 87' lang='grc' dir='ltr'><strong><em>ταῦτα</em></strong></span> <span class='ocrx_word' id='word_1_161' title='bbox 961 1935 1056 2020; x_wconf 81' lang='grc' dir='ltr'><strong><em>παρὰ</em></strong></span> <span class='ocrx_word' id='word_1_162' title='bbox 1076 1938 1135 2002; x_wconf 86' lang='grc' dir='ltr'><strong><em>τοῦ</em></strong></span> <span class='ocrx_word' id='word_1_163' title='bbox 1157 1933 1284 2022; x_wconf 85' lang='grc' dir='ltr'><strong><em>πατρὸς</em></strong></span> <span class='ocrx_word' id='word_1_164' title='bbox 1305 1934 1364 2002; x_wconf 81' lang='grc' dir='ltr'><strong><em>διὰ</em></strong></span> <span class='ocrx_word' id='word_1_165' title='bbox 1385 1941 1448 2002; x_wconf 85' lang='grc' dir='ltr'><strong><em>τοῦ</em></strong></span> 
     </span>
     <span class='ocr_line' id='line_1_17' title="bbox 187 2025 1448 2125; baseline -0.003 -19"><span class='ocrx_word' id='word_1_166' title='bbox 187 2083 190 2090; x_wconf 84' lang='lat'>·</span> <span class='ocrx_word' id='word_1_167' title='bbox 215 2037 315 2124; x_wconf 92' lang='grc' dir='ltr'><strong><em>λόγου</em></strong></span> <span class='ocrx_word' id='word_1_168' title='bbox 335 2043 538 2125; x_wconf 86' lang='grc' dir='ltr'><strong><em>χορηγεῖται·</em></strong></span> <span class='ocrx_word' id='word_1_169' title='bbox 571 2034 685 2104; x_wconf 88' lang='grc' dir='ltr'><strong><em>πάντα</em></strong></span> <span class='ocrx_word' id='word_1_170' title='bbox 710 2035 772 2123; x_wconf 84' lang='grc' dir='ltr'><strong><em>γὰρ</em></strong></span> <span class='ocrx_word' id='word_1_171' title='bbox 792 2036 836 2104; x_wconf 84' lang='grc' dir='ltr'><strong><em>τὰ</em></strong></span> <span class='ocrx_word' id='word_1_172' title='bbox 855 2039 916 2103; x_wconf 90' lang='grc' dir='ltr'><strong><em>τοῦ</em></strong></span> <span class='ocrx_word' id='word_1_173' title='bbox 936 2034 1065 2122; x_wconf 84' lang='grc' dir='ltr'><strong><em>πατρὸς</em></strong></span> <span class='ocrx_word' id='word_1_174' title='bbox 1085 2037 1146 2102; x_wconf 91' lang='grc' dir='ltr'><strong><em>τοῦ</em></strong></span> <span class='ocrx_word' id='word_1_175' title='bbox 1166 2037 1240 2103; x_wconf 78' lang='grc' dir='ltr'><strong><em>υἱοῦ</em></strong></span> <span class='ocrx_word' id='word_1_176' title='bbox 1263 2035 1342 2104; x_wconf 70' lang='grc' dir='ltr'><strong><em>ἔστι.</em></strong></span> <span class='ocrx_word' id='word_1_177' title='bbox 1392 2025 1448 2102; x_wconf 82' lang='grc' dir='ltr'><strong><em>διὸ</em></strong></span> 
     </span>
     <span class='ocr_line' id='line_1_18' title="bbox 214 2136 1532 2225; baseline 0 -21"><span class='ocrx_word' id='word_1_178' title='bbox 214 2141 269 2204; x_wconf 80' lang='grc' dir='ltr'><strong><em>καί</em></strong></span> <span class='ocrx_word' id='word_1_179' title='bbox 290 2137 333 2204; x_wconf 86' lang='grc' dir='ltr'><strong><em>τὰ</em></strong></span> <span class='ocrx_word' id='word_1_180' title='bbox 353 2137 449 2225; x_wconf 88' lang='grc' dir='ltr'><strong><em>παρὰ</em></strong></span> <span class='ocrx_word' id='word_1_181' title='bbox 469 2139 529 2204; x_wconf 91' lang='grc' dir='ltr'><strong><em>τοῦ</em></strong></span> <span class='ocrx_word' id='word_1_182' title='bbox 549 2137 624 2203; x_wconf 81' lang='grc' dir='ltr'><strong><em>υἱοῦ</em></strong></span> <span class='ocrx_word' id='word_1_183' title='bbox 647 2138 681 2206; x_wconf 76' lang='grc' dir='ltr'><strong><em>ἐν</em></strong></span> <span class='ocrx_word' id='word_1_184' title='bbox 704 2136 869 2223; x_wconf 81' lang='grc' dir='ltr'><strong><em>πνεύματι</em></strong></span> <span class='ocrx_word' id='word_1_185' title='bbox 890 2137 1049 2223; x_wconf 77' lang='grc' dir='ltr'><strong><em>διδόμενα</em></strong></span> <span class='ocrx_word' id='word_1_186' title='bbox 1068 2140 1128 2203; x_wconf 89' lang='grc' dir='ltr'><strong><em>τοῦ</em></strong></span> <span class='ocrx_word' id='word_1_187' title='bbox 1150 2137 1278 2225; x_wconf 88' lang='grc' dir='ltr'><strong><em>πατρός</em></strong></span> <span class='ocrx_word' id='word_1_188' title='bbox 1297 2136 1370 2205; x_wconf 85' lang='grc' dir='ltr'><strong><em>έστι</em></strong></span> <span class='ocrx_word' id='word_1_189' title='bbox 1381 2162 1447 2220; x_wconf 87' lang='grc' dir='ltr'><strong><em>χα-</em></strong></span> <span class='ocrx_word' id='word_1_190' title='bbox 1531 2193 1532 2222; x_wconf 44' lang='grc' dir='ltr'><strong><em>η</em></strong></span> 
     </span>
     <span class='ocr_line' id='line_1_19' title="bbox 215 2227 1532 2326; baseline 0.001 -22"><span class='ocrx_word' id='word_1_191' title='bbox 215 2243 369 2324; x_wconf 86' lang='grc' dir='ltr'><strong><em>ρίσματα,</em></strong></span> <span class='ocrx_word' id='word_1_192' title='bbox 391 2237 448 2304; x_wconf 85' lang='grc' dir='ltr'><strong><em>καί</em></strong></span> <span class='ocrx_word' id='word_1_193' title='bbox 462 2240 522 2304; x_wconf 89' lang='grc' dir='ltr'><strong><em>τοῦ</em></strong></span> <span class='ocrx_word' id='word_1_194' title='bbox 537 2237 726 2324; x_wconf 87' lang='grc' dir='ltr'><strong><em>πνεύματος</em></strong></span> <span class='ocrx_word' id='word_1_195' title='bbox 740 2240 777 2307; x_wconf 80' lang='grc' dir='ltr'><strong><em>δέ</em></strong></span> <span class='ocrx_word' id='word_1_196' title='bbox 792 2236 887 2318; x_wconf 76' lang='grc' dir='ltr'><strong><em>ὄντος</em></strong></span> <span class='ocrx_word' id='word_1_197' title='bbox 902 2237 936 2305; x_wconf 84' lang='grc' dir='ltr'><strong><em>έν</em></strong></span> <span class='ocrx_word' id='word_1_198' title='bbox 950 2233 1029 2326; x_wconf 77' lang='grc' dir='ltr'><strong><em>ἡμῖν</em></strong></span> <span class='ocrx_word' id='word_1_199' title='bbox 1050 2240 1124 2305; x_wconf 65' lang='grc' dir='ltr'><strong><em>ικαί</em></strong></span> <span class='ocrx_word' id='word_1_200' title='bbox 1146 2234 1164 2303; x_wconf 91' lang='grc' dir='ltr'><strong><em>ό</em></strong></span> <span class='ocrx_word' id='word_1_201' title='bbox 1187 2238 1282 2325; x_wconf 85' lang='grc' dir='ltr'><strong><em>λόγος</em></strong></span> <span class='ocrx_word' id='word_1_202' title='bbox 1303 2234 1321 2304; x_wconf 90' lang='lat'><strong><em>5</em></strong></span> <span class='ocrx_word' id='word_1_203' title='bbox 1343 2241 1444 2305; x_wconf 89' lang='grc' dir='ltr'><strong><em>τοῦτο</em></strong></span> <span class='ocrx_word' id='word_1_204' title='bbox 1531 2227 1532 2240; x_wconf 58' lang='grc'>’</span> 
     </span>
     <span class='ocr_line' id='line_1_20' title="bbox 217 2333 1532 2427; baseline -0.004 -22"><span class='ocrx_word' id='word_1_205' title='bbox 217 2337 330 2420; x_wconf 79' lang='grc' dir='ltr'><strong><em>διδοὺς</em></strong></span> <span class='ocrx_word' id='word_1_206' title='bbox 352 2339 442 2408; x_wconf 69' lang='grc' dir='ltr'><strong><em>ἔστιν</em></strong></span> <span class='ocrx_word' id='word_1_207' title='bbox 465 2337 499 2406; x_wconf 78' lang='grc' dir='ltr'><strong><em>έν</em></strong></span> <span class='ocrx_word' id='word_1_208' title='bbox 520 2333 616 2427; x_wconf 75' lang='grc' dir='ltr'><strong><em>ἡμῖν,</em></strong></span> <span class='ocrx_word' id='word_1_209' title='bbox 639 2343 694 2406; x_wconf 83' lang='grc' dir='ltr'><strong><em>καὶ</em></strong></span> <span class='ocrx_word' id='word_1_210' title='bbox 717 2339 751 2408; x_wconf 82' lang='grc' dir='ltr'><strong><em>έν</em></strong></span> <span class='ocrx_word' id='word_1_211' title='bbox 772 2341 819 2426; x_wconf 79' lang='grc' dir='ltr'><strong><em>τῷ</em></strong></span> <span class='ocrx_word' id='word_1_212' title='bbox 841 2338 928 2426; x_wconf 86' lang='grc' dir='ltr'><strong><em>λόγῳ</em></strong></span> <span class='ocrx_word' id='word_1_213' title='bbox 951 2338 1040 2406; x_wconf 75' lang='grc' dir='ltr'><strong><em>ἐστίν</em></strong></span> <span class='ocrx_word' id='word_1_214' title='bbox 1063 2334 1081 2404; x_wconf 91' lang='lat'><strong><em>5</em></strong></span> <span class='ocrx_word' id='word_1_215' title='bbox 1103 2339 1230 2426; x_wconf 82' lang='grc' dir='ltr'><strong><em>πατήρ·</em></strong></span> <span class='ocrx_word' id='word_1_216' title='bbox 1261 2343 1314 2408; x_wconf 82' lang='grc' dir='ltr'><strong><em>καὶ</em></strong></span> <span class='ocrx_word' id='word_1_217' title='bbox 1335 2336 1445 2418; x_wconf 68' lang='grc' dir='ltr'><strong><em>οὕτως</em></strong></span> <span class='ocrx_word' id='word_1_218' title='bbox 1531 2375 1532 2400; x_wconf 58' lang='grc' dir='ltr'><strong><em>ι</em></strong></span> 
     </span>
     <span class='ocr_line' id='line_1_21' title="bbox 217 2435 1451 2530; baseline -0.004 -22"><span class='ocrx_word' id='word_1_219' title='bbox 217 2439 289 2508; x_wconf 69' lang='grc' dir='ltr'><strong><em>ἐστὶ</em></strong></span> <span class='ocrx_word' id='word_1_220' title='bbox 309 2439 350 2507; x_wconf 86' lang='grc' dir='ltr'><strong><em>τό</em></strong></span> <span class='ocrx_word' id='word_1_221' title='bbox 372 2439 580 2525; x_wconf 73' lang='grc' dir='ltr'><strong><em>ἐλευσόμεθα</em></strong></span> <span class='ocrx_word' id='word_1_222' title='bbox 601 2440 665 2526; x_wconf 81' lang='grc' dir='ltr'><strong><em>ίγὼ</em></strong></span> <span class='ocrx_word' id='word_1_223' title='bbox 686 2442 741 2507; x_wconf 80' lang='grc' dir='ltr'><strong><em>καί</em></strong></span> <span class='ocrx_word' id='word_1_224' title='bbox 764 2438 782 2507; x_wconf 90' lang='lat'><strong><em>5</em></strong></span> <span class='ocrx_word' id='word_1_225' title='bbox 804 2439 913 2527; x_wconf 82' lang='grc' dir='ltr'><strong><em>πατὴρ</em></strong></span> <span class='ocrx_word' id='word_1_226' title='bbox 934 2442 988 2508; x_wconf 83' lang='grc' dir='ltr'><strong><em>καί</em></strong></span> <span class='ocrx_word' id='word_1_227' title='bbox 1010 2438 1112 2528; x_wconf 86' lang='grc' dir='ltr'><strong><em>μονὴν</em></strong></span> <span class='ocrx_word' id='word_1_228' title='bbox 1135 2435 1214 2526; x_wconf 81' lang='grc' dir='ltr'><strong><em>παρ’</em></strong></span> <span class='ocrx_word' id='word_1_229' title='bbox 1231 2435 1318 2526; x_wconf 77' lang='grc' dir='ltr'><strong><em>αὐτῷ</em></strong></span> <span class='ocrx_word' id='word_1_230' title='bbox 1337 2438 1451 2530; x_wconf 27' lang='grc' dir='ltr'><strong><em>ποιά--</em></strong></span> 
     </span>
     <span class='ocr_line' id='line_1_22' title="bbox 160 2536 1443 2630; baseline 0 -24"><span class='ocrx_word' id='word_1_231' title='bbox 160 2587 164 2606; x_wconf 87' lang='grc'><strong>.</strong></span> <span class='ocrx_word' id='word_1_232' title='bbox 216 2544 356 2625; x_wconf 70' lang='grc' dir='ltr'><strong><em>σομεν),</em></strong></span> <span class='ocrx_word' id='word_1_233' title='bbox 379 2539 536 2628; x_wconf 88' lang='grc' dir='ltr'><strong><em>καθάπερ</em></strong></span> <span class='ocrx_word' id='word_1_234' title='bbox 558 2541 694 2628; x_wconf 80' lang='grc' dir='ltr'><strong><em>ε’ίρηται.</em></strong></span> <span class='ocrx_word' id='word_1_235' title='bbox 741 2541 826 2608; x_wconf 72' lang='grc' dir='ltr'><strong><em>ἔνθα</em></strong></span> <span class='ocrx_word' id='word_1_236' title='bbox 846 2541 908 2628; x_wconf 85' lang='grc' dir='ltr'><strong><em>γὰρ</em></strong></span> <span class='ocrx_word' id='word_1_237' title='bbox 922 2540 962 2608; x_wconf 89' lang='grc' dir='ltr'><strong><em>τὸ</em></strong></span> <span class='ocrx_word' id='word_1_238' title='bbox 982 2544 1063 2630; x_wconf 84' lang='grc' dir='ltr'><strong><em>φῶς,</em></strong></span> <span class='ocrx_word' id='word_1_239' title='bbox 1088 2539 1155 2608; x_wconf 75' lang='grc' dir='ltr'><strong><em>ἐκεῖ</em></strong></span> <span class='ocrx_word' id='word_1_240' title='bbox 1175 2541 1251 2608; x_wconf 77' lang='grc' dir='ltr'><strong><em>’καὶ</em></strong></span> <span class='ocrx_word' id='word_1_241' title='bbox 1270 2540 1310 2608; x_wconf 89' lang='grc' dir='ltr'><strong><em>τὸ</em></strong></span> <span class='ocrx_word' id='word_1_242' title='bbox 1331 2536 1443 2606; x_wconf 87' lang='grc' dir='ltr'><strong><em>άπαῦ-</em></strong></span> 
     </span>
     <span class='ocr_line' id='line_1_23' title="bbox 215 2636 1441 2730; baseline 0 -22"><span class='ocrx_word' id='word_1_243' title='bbox 215 2663 341 2728; x_wconf 88' lang='grc' dir='ltr'><strong><em>γασμα,</em></strong></span> <span class='ocrx_word' id='word_1_244' title='bbox 370 2645 425 2709; x_wconf 79' lang='grc' dir='ltr'><strong><em>καί</em></strong></span> <span class='ocrx_word' id='word_1_245' title='bbox 449 2643 534 2711; x_wconf 75' lang='grc' dir='ltr'><strong><em>ἔνθα</em></strong></span> <span class='ocrx_word' id='word_1_246' title='bbox 559 2641 599 2709; x_wconf 80' lang='grc' dir='ltr'><strong><em>τὸ</em></strong></span> <span class='ocrx_word' id='word_1_247' title='bbox 620 2636 849 2726; x_wconf 45' lang='grc' dir='ltr'><strong><em>άπαῦγασμας</em></strong></span> <span class='ocrx_word' id='word_1_248' title='bbox 869 2641 936 2709; x_wconf 79' lang='grc' dir='ltr'><strong><em>ἐκεῖ</em></strong></span> <span class='ocrx_word' id='word_1_249' title='bbox 961 2646 1016 2709; x_wconf 83' lang='grc' dir='ltr'><strong><em>καί</em></strong></span> <span class='ocrx_word' id='word_1_250' title='bbox 1037 2638 1057 2730; x_wconf 98' lang='lat'><strong><em>5</em></strong></span> <span class='ocrx_word' id='word_1_251' title='bbox 1080 2641 1198 2709; x_wconf 83' lang='grc' dir='ltr'><strong><em>τοῦτον</em></strong></span> <span class='ocrx_word' id='word_1_252' title='bbox 1222 2641 1366 2728; x_wconf 72' lang='grc' dir='ltr'><strong><em>ἐνέργεια</em></strong></span> <span class='ocrx_word' id='word_1_253' title='bbox 1384 2645 1441 2708; x_wconf 78' lang='grc' dir='ltr'><strong><em>καί</em></strong></span> 
     </span>
     <span class='ocr_line' id='line_1_24' title="bbox 216 2736 1443 2829; baseline 0.001 -21"><span class='ocrx_word' id='word_1_254' title='bbox 216 2736 389 2829; x_wconf 78' lang='grc' dir='ltr'><strong><em>αῦγοειδὴς</em></strong></span> <span class='ocrx_word' id='word_1_255' title='bbox 408 2742 512 2829; x_wconf 91' lang='grc' dir='ltr'><strong><em>χάρις.</em></strong></span> <span class='ocrx_word' id='word_1_256' title='bbox 555 2744 730 2810; x_wconf 77' lang='grc' dir='ltr'><strong><em>καὶτοῦτο</em></strong></span> <span class='ocrx_word' id='word_1_257' title='bbox 752 2740 856 2809; x_wconf 91' lang='grc' dir='ltr'><strong><em>πάλιν</em></strong></span> <span class='ocrx_word' id='word_1_258' title='bbox 883 2742 1064 2810; x_wconf 64' lang='grc' dir='ltr'><strong><em>’διδάσκων</em></strong></span> <span class='ocrx_word' id='word_1_259' title='bbox 1094 2739 1112 2808; x_wconf 89' lang='lat'><strong><em>5</em></strong></span> <span class='ocrx_word' id='word_1_260' title='bbox 1134 2744 1269 2822; x_wconf 90' lang='grc' dir='ltr'><strong><em>Παῦλος</em></strong></span> <span class='ocrx_word' id='word_1_261' title='bbox 1301 2742 1443 2829; x_wconf 69' lang='grc' dir='ltr'><strong><em>ἔγραφεν</em></strong></span> 
     </span>
     <span class='ocr_line' id='line_1_25' title="bbox 216 2832 1444 2932; baseline -0.001 -23"><span class='ocrx_word' id='word_1_262' title='bbox 216 2832 319 2922; x_wconf 80' lang='grc' dir='ltr'><strong><em>αῦθις</em></strong></span> <span class='ocrx_word' id='word_1_263' title='bbox 339 2849 540 2932; x_wconf 73' lang='grc' dir='ltr'><strong><em>Κορινθίοις</em></strong></span> <span class='ocrx_word' id='word_1_264' title='bbox 560 2841 617 2912; x_wconf 81' lang='grc' dir='ltr'><strong><em>καὶ</em></strong></span> <span class='ocrx_word' id='word_1_265' title='bbox 637 2841 672 2910; x_wconf 84' lang='grc' dir='ltr'><strong><em>έν</em></strong></span> <span class='ocrx_word' id='word_1_266' title='bbox 686 2845 725 2930; x_wconf 82' lang='grc' dir='ltr'><strong><em>τῇ</em></strong></span> <span class='ocrx_word' id='word_1_267' title='bbox 741 2842 877 2930; x_wconf 83' lang='grc' dir='ltr'><strong><em>δευτέρᾳ</em></strong></span> <span class='ocrx_word' id='word_1_268' title='bbox 898 2841 1069 2931; x_wconf 81' lang='grc' dir='ltr'><strong><em>ἐπιστολῇ,</em></strong></span> <span class='ocrx_word' id='word_1_269' title='bbox 1093 2845 1212 2930; x_wconf 83' lang='grc' dir='ltr'><strong><em>λέγων·</em></strong></span> <span class='ocrx_word' id='word_1_270' title='bbox 1233 2839 1253 2929; x_wconf 89' lang='lat'><strong><em>5</em></strong></span> <span class='ocrx_word' id='word_1_271' title='bbox 1273 2843 1370 2929; x_wconf 90' lang='grc' dir='ltr'><strong><em>χάρις</em></strong></span> <span class='ocrx_word' id='word_1_272' title='bbox 1382 2845 1444 2908; x_wconf 89' lang='grc' dir='ltr'><strong><em>τοῦ</em></strong></span> 
     </span>
     <span class='ocr_line' id='line_1_26' title="bbox 215 2939 1443 3034; baseline 0 -23"><span class='ocrx_word' id='word_1_273' title='bbox 215 2950 327 3031; x_wconf 87' lang='grc' dir='ltr'><strong><em>κυρίου</em></strong></span> <span class='ocrx_word' id='word_1_274' title='bbox 349 2941 443 3034; x_wconf 81' lang='grc' dir='ltr'><strong><em>ἡμῶν</em></strong></span> <span class='ocrx_word' id='word_1_275' title='bbox 461 2942 565 3034; x_wconf 82' lang='grc' dir='ltr'><strong><em>Ἰησοῦ</em></strong></span> <span class='ocrx_word' id='word_1_276' title='bbox 580 2947 730 3031; x_wconf 85' lang='grc' dir='ltr'><strong><em>Χριστοῦ</em></strong></span> <span class='ocrx_word' id='word_1_277' title='bbox 748 2941 805 3011; x_wconf 78' lang='grc' dir='ltr'><strong><em>καὶ</em></strong></span> <span class='ocrx_word' id='word_1_278' title='bbox 821 2939 844 3031; x_wconf 89' lang='lat'><strong><em>5</em></strong></span> <span class='ocrx_word' id='word_1_279' title='bbox 867 2939 978 3030; x_wconf 85' lang='grc' dir='ltr'><strong><em>άγάπη</em></strong></span> <span class='ocrx_word' id='word_1_280' title='bbox 999 2947 1061 3010; x_wconf 91' lang='grc' dir='ltr'><strong><em>τοῦ</em></strong></span> <span class='ocrx_word' id='word_1_281' title='bbox 1083 2948 1167 3014; x_wconf 82' lang='grc' dir='ltr'><strong><em>θεοῦ</em></strong></span> <span class='ocrx_word' id='word_1_282' title='bbox 1182 2943 1238 3011; x_wconf 82' lang='grc' dir='ltr'><strong><em>καὶ</em></strong></span> <span class='ocrx_word' id='word_1_283' title='bbox 1251 2939 1271 3030; x_wconf 82' lang='lat'><strong><em>5</em></strong></span> <span class='ocrx_word' id='word_1_284' title='bbox 1282 2951 1443 3012; x_wconf 86' lang='grc' dir='ltr'><strong><em>’κοινωνία</em></strong></span> 
     </span>
     <span class='ocr_line' id='line_1_27' title="bbox 215 3040 1443 3132; baseline 0 -21"><span class='ocrx_word' id='word_1_285' title='bbox 215 3048 275 3112; x_wconf 86' lang='grc' dir='ltr'><strong><em>’τοῦ</em></strong></span> <span class='ocrx_word' id='word_1_286' title='bbox 297 3041 393 3132; x_wconf 79' lang='grc' dir='ltr'><strong><em>ἁγίου</em></strong></span> <span class='ocrx_word' id='word_1_287' title='bbox 415 3047 603 3132; x_wconf 79' lang='grc' dir='ltr'><strong><em>πνεύματος</em></strong></span> <span class='ocrx_word' id='word_1_288' title='bbox 623 3045 708 3131; x_wconf 84' lang='grc' dir='ltr'><strong><em>μετὰ</em></strong></span> <span class='ocrx_word' id='word_1_289' title='bbox 729 3046 864 3114; x_wconf 78' lang='grc' dir='ltr'><strong><em>πάντων</em></strong></span> <span class='ocrx_word' id='word_1_290' title='bbox 885 3040 1017 3130; x_wconf 69' lang='grc' dir='ltr'><strong><em>ῦμιῦν).</em></strong></span> <span class='ocrx_word' id='word_1_291' title='bbox 1051 3041 1071 3132; x_wconf 90' lang='lat'><strong><em>5</em></strong></span> <span class='ocrx_word' id='word_1_292' title='bbox 1092 3044 1154 3132; x_wconf 84' lang='grc' dir='ltr'><strong><em>γὰρ</em></strong></span> <span class='ocrx_word' id='word_1_293' title='bbox 1170 3045 1324 3132; x_wconf 85' lang='grc' dir='ltr'><strong><em>διδομένη</em></strong></span> <span class='ocrx_word' id='word_1_294' title='bbox 1345 3045 1443 3130; x_wconf 89' lang='grc' dir='ltr'><strong><em>χάρις</em></strong></span> 
     </span>
     <span class='ocr_line' id='line_1_28' title="bbox 215 3142 1442 3234; baseline 0.001 -23"><span class='ocrx_word' id='word_1_295' title='bbox 215 3145 272 3213; x_wconf 82' lang='grc' dir='ltr'><strong><em>καὶ</em></strong></span> <span class='ocrx_word' id='word_1_296' title='bbox 293 3146 402 3232; x_wconf 86' lang='grc' dir='ltr'><strong><em>δωρεά</em></strong></span> <span class='ocrx_word' id='word_1_297' title='bbox 423 3147 457 3214; x_wconf 82' lang='grc' dir='ltr'><strong><em>έν</em></strong></span> <span class='ocrx_word' id='word_1_298' title='bbox 479 3148 591 3234; x_wconf 89' lang='grc' dir='ltr'><strong><em>τριάδι</em></strong></span> <span class='ocrx_word' id='word_1_299' title='bbox 613 3147 745 3215; x_wconf 87' lang='grc' dir='ltr'><strong><em>δίδοται</em></strong></span> <span class='ocrx_word' id='word_1_300' title='bbox 765 3145 860 3233; x_wconf 81' lang='grc' dir='ltr'><strong><em>παρὰ</em></strong></span> <span class='ocrx_word' id='word_1_301' title='bbox 879 3149 938 3214; x_wconf 89' lang='grc' dir='ltr'><strong><em>τοῦ</em></strong></span> <span class='ocrx_word' id='word_1_302' title='bbox 960 3144 1088 3232; x_wconf 85' lang='grc' dir='ltr'><strong><em>πατρὸς</em></strong></span> <span class='ocrx_word' id='word_1_303' title='bbox 1116 3142 1157 3213; x_wconf 82' lang='grc' dir='ltr'><strong><em>δι’</em></strong></span> <span class='ocrx_word' id='word_1_304' title='bbox 1188 3147 1261 3213; x_wconf 84' lang='grc' dir='ltr'><strong><em>υίοῦ</em></strong></span> <span class='ocrx_word' id='word_1_305' title='bbox 1284 3145 1318 3212; x_wconf 80' lang='grc' dir='ltr'><strong><em>ἐν</em></strong></span> <span class='ocrx_word' id='word_1_306' title='bbox 1340 3145 1442 3212; x_wconf 82' lang='grc' dir='ltr'><strong><em>πνεό-</em></strong></span> 
     </span>
     <span class='ocr_line' id='line_1_29' title="bbox 76 3241 1442 3335; baseline 0.001 -24"><span class='ocrx_word' id='word_1_307' title='bbox 76 3291 82 3304; x_wconf 74' lang='lat'>.</span> <span class='ocrx_word' id='word_1_308' title='bbox 109 3315 112 3322; x_wconf 23' lang='lat' dir='ltr'><strong>f</strong></span> <span class='ocrx_word' id='word_1_309' title='bbox 213 3267 297 3327; x_wconf 90' lang='grc' dir='ltr'><strong><em>ματι</em></strong></span> <span class='ocrx_word' id='word_1_310' title='bbox 317 3241 410 3332; x_wconf 81' lang='grc' dir='ltr'><strong><em>άγίῳ.</em></strong></span> <span class='ocrx_word' id='word_1_311' title='bbox 456 3243 566 3335; x_wconf 82' lang='grc' dir='ltr'><strong><em>ιῦςπερ</em></strong></span> <span class='ocrx_word' id='word_1_312' title='bbox 588 3246 650 3334; x_wconf 83' lang='grc' dir='ltr'><strong><em>γὰρ</em></strong></span> <span class='ocrx_word' id='word_1_313' title='bbox 673 3248 708 3316; x_wconf 76' lang='grc' dir='ltr'><strong><em>ἐκ</em></strong></span> <span class='ocrx_word' id='word_1_314' title='bbox 727 3251 787 3315; x_wconf 90' lang='grc' dir='ltr'><strong><em>τοῦ</em></strong></span> <span class='ocrx_word' id='word_1_315' title='bbox 809 3247 936 3334; x_wconf 87' lang='grc' dir='ltr'><strong><em>πατρός</em></strong></span> <span class='ocrx_word' id='word_1_316' title='bbox 956 3245 1050 3314; x_wconf 78' lang='grc' dir='ltr'><strong><em>Ιἐστι</em></strong></span> <span class='ocrx_word' id='word_1_317' title='bbox 1075 3241 1117 3314; x_wconf 81' lang='grc' dir='ltr'><strong><em>δι’</em></strong></span> <span class='ocrx_word' id='word_1_318' title='bbox 1141 3247 1215 3314; x_wconf 88' lang='grc' dir='ltr'><strong><em>υίοῦ</em></strong></span> <span class='ocrx_word' id='word_1_319' title='bbox 1242 3243 1262 3335; x_wconf 92' lang='lat'><strong><em>5</em></strong></span> <span class='ocrx_word' id='word_1_320' title='bbox 1284 3245 1442 3333; x_wconf 83' lang='grc' dir='ltr'><strong><em>διδομένη</em></strong></span> 
     </span>
     <span class='ocr_line' id='line_1_30' title="bbox 140 3341 1440 3434; baseline 0.004 -26"><span class='ocrx_word' id='word_1_321' title='bbox 140 3413 146 3422; x_wconf 65' lang='grc'><strong><em>,</em></strong></span> <span class='ocrx_word' id='word_1_322' title='bbox 211 3341 322 3427; x_wconf 83' lang='grc' dir='ltr'><strong><em>χάρις,</em></strong></span> <span class='ocrx_word' id='word_1_323' title='bbox 353 3341 459 3421; x_wconf 84' lang='grc' dir='ltr'><strong><em>οῦτως</em></strong></span> <span class='ocrx_word' id='word_1_324' title='bbox 487 3341 544 3412; x_wconf 87' lang='grc' dir='ltr'><strong><em>οῦκ</em></strong></span> <span class='ocrx_word' id='word_1_325' title='bbox 567 3341 607 3413; x_wconf 83' lang='grc' dir='ltr'><strong><em>άν</em></strong></span> <span class='ocrx_word' id='word_1_326' title='bbox 629 3355 758 3431; x_wconf 88' lang='grc' dir='ltr'><strong><em>γένοιτο</em></strong></span> <span class='ocrx_word' id='word_1_327' title='bbox 779 3355 935 3416; x_wconf 87' lang='grc' dir='ltr'><strong><em>κοινωνία</em></strong></span> <span class='ocrx_word' id='word_1_328' title='bbox 955 3351 1015 3433; x_wconf 79' lang='grc' dir='ltr'><strong><em>τῆς</em></strong></span> <span class='ocrx_word' id='word_1_329' title='bbox 1037 3347 1160 3426; x_wconf 84' lang='grc' dir='ltr'><strong><em>δόσεως</em></strong></span> <span class='ocrx_word' id='word_1_330' title='bbox 1188 3345 1222 3414; x_wconf 78' lang='grc' dir='ltr'><strong><em>έν</em></strong></span> <span class='ocrx_word' id='word_1_331' title='bbox 1242 3343 1321 3432; x_wconf 82' lang='grc' dir='ltr'><strong><em>ἡμῖν</em></strong></span> <span class='ocrx_word' id='word_1_332' title='bbox 1344 3347 1375 3415; x_wconf 82' lang='grc' dir='ltr'><strong><em>ελ</em></strong></span> <span class='ocrx_word' id='word_1_333' title='bbox 1393 3353 1440 3434; x_wconf 78' lang='grc' dir='ltr'><strong><em>με)</em></strong></span> 
     </span>
     <span class='ocr_line' id='line_1_31' title="bbox 214 3440 1442 3532; baseline 0.005 -25"><span class='ocrx_word' id='word_1_334' title='bbox 214 3440 249 3508; x_wconf 80' lang='grc' dir='ltr'><strong><em>έν</em></strong></span> <span class='ocrx_word' id='word_1_335' title='bbox 270 3444 318 3527; x_wconf 81' lang='grc' dir='ltr'><strong><em>τῷ</em></strong></span> <span class='ocrx_word' id='word_1_336' title='bbox 339 3441 504 3524; x_wconf 84' lang='grc' dir='ltr'><strong><em>πνεύματι</em></strong></span> <span class='ocrx_word' id='word_1_337' title='bbox 524 3447 572 3528; x_wconf 76' lang='grc' dir='ltr'><strong><em>τῷ</em></strong></span> <span class='ocrx_word' id='word_1_338' title='bbox 594 3441 687 3530; x_wconf 85' lang='grc' dir='ltr'><strong><em>άγίῳ.</em></strong></span> <span class='ocrx_word' id='word_1_339' title='bbox 731 3445 851 3511; x_wconf 87' lang='grc' dir='ltr'><strong><em>τοῦτου</em></strong></span> <span class='ocrx_word' id='word_1_340' title='bbox 872 3446 933 3530; x_wconf 84' lang='grc' dir='ltr'><strong><em>γάρ</em></strong></span> <span class='ocrx_word' id='word_1_341' title='bbox 954 3453 1144 3530; x_wconf 84' lang='grc' dir='ltr'><strong><em>μετέχοντες</em></strong></span> <span class='ocrx_word' id='word_1_342' title='bbox 1165 3448 1278 3532; x_wconf 83' lang='grc' dir='ltr'><strong><em>ίχομεν</em></strong></span> <span class='ocrx_word' id='word_1_343' title='bbox 1297 3451 1357 3514; x_wconf 84' lang='grc' dir='ltr'><strong><em>τοῦ</em></strong></span> <span class='ocrx_word' id='word_1_344' title='bbox 1372 3472 1442 3513; x_wconf 89' lang='grc' dir='ltr'><strong><em>πα-</em></strong></span> 
     </span>
     <span class='ocr_line' id='line_1_32' title="bbox 213 3535 1443 3633; baseline 0.007 -27"><span class='ocrx_word' id='word_1_345' title='bbox 213 3541 291 3628; x_wconf 87' lang='grc' dir='ltr'><strong><em>τρὸς</em></strong></span> <span class='ocrx_word' id='word_1_346' title='bbox 312 3539 370 3626; x_wconf 81' lang='grc' dir='ltr'><strong><em>τὴν</em></strong></span> <span class='ocrx_word' id='word_1_347' title='bbox 392 3535 524 3627; x_wconf 84' lang='grc' dir='ltr'><strong><em>άγάπην</em></strong></span> <span class='ocrx_word' id='word_1_348' title='bbox 544 3541 601 3608; x_wconf 83' lang='grc' dir='ltr'><strong><em>καὶ</em></strong></span> <span class='ocrx_word' id='word_1_349' title='bbox 621 3546 681 3608; x_wconf 88' lang='grc' dir='ltr'><strong><em>τοῦ</em></strong></span> <span class='ocrx_word' id='word_1_350' title='bbox 703 3543 776 3608; x_wconf 87' lang='grc' dir='ltr'><strong><em>υίοῦ</em></strong></span> <span class='ocrx_word' id='word_1_351' title='bbox 797 3543 857 3628; x_wconf 82' lang='grc' dir='ltr'><strong><em>τὴν</em></strong></span> <span class='ocrx_word' id='word_1_352' title='bbox 876 3544 971 3630; x_wconf 88' lang='grc' dir='ltr'><strong><em>χάριν</em></strong></span> <span class='ocrx_word' id='word_1_353' title='bbox 993 3549 1048 3614; x_wconf 83' lang='grc' dir='ltr'><strong><em>καὶ</em></strong></span> <span class='ocrx_word' id='word_1_354' title='bbox 1064 3542 1165 3615; x_wconf 77' lang='grc' dir='ltr'><strong><em>αὐτοῦ</em></strong></span> <span class='ocrx_word' id='word_1_355' title='bbox 1178 3551 1238 3616; x_wconf 87' lang='grc' dir='ltr'><strong><em>τοῦ</em></strong></span> <span class='ocrx_word' id='word_1_356' title='bbox 1252 3549 1443 3633; x_wconf 83' lang='grc' dir='ltr'><strong><em>πνεύματος</em></strong></span> 
     </span>
     <span class='ocr_line' id='line_1_33' title="bbox 212 3640 644 3726; baseline -0.012 -17"><span class='ocrx_word' id='word_1_357' title='bbox 212 3640 272 3726; x_wconf 77' lang='grc' dir='ltr'><strong><em>τὴν</em></strong></span> <span class='ocrx_word' id='word_1_358' title='bbox 294 3645 476 3709; x_wconf 87' lang='grc' dir='ltr'><strong><em>κοινωνίαν.</em></strong></span> <span class='ocrx_word' id='word_1_359' title='bbox 641 3707 644 3714; x_wconf 73' lang='grc'><em>,</em></span> 
     </span>
     <span class='ocr_line' id='line_1_34' title="bbox 299 3731 1439 3843; baseline 0.004 -33"><span class='ocrx_word' id='word_1_360' title='bbox 299 3747 349 3810; x_wconf 85' lang='grc'><strong><em>31.</em></strong></span> <span class='ocrx_word' id='word_1_361' title='bbox 393 3731 481 3808; x_wconf 81' lang='grc' dir='ltr'><strong><em>Μία</em></strong></span> <span class='ocrx_word' id='word_1_362' title='bbox 494 3739 559 3830; x_wconf 86' lang='grc' dir='ltr'><strong><em>άρα</em></strong></span> <span class='ocrx_word' id='word_1_363' title='bbox 579 3739 635 3808; x_wconf 83' lang='grc' dir='ltr'><strong><em>καί</em></strong></span> <span class='ocrx_word' id='word_1_364' title='bbox 657 3739 692 3810; x_wconf 75' lang='grc' dir='ltr'><strong><em>ἐκ</em></strong></span> <span class='ocrx_word' id='word_1_365' title='bbox 712 3741 839 3810; x_wconf 79' lang='grc' dir='ltr'><strong><em>τούτων</em></strong></span> <span class='ocrx_word' id='word_1_366' title='bbox 860 3740 881 3831; x_wconf 89' lang='lat'><strong><em>5</em></strong></span> <span class='ocrx_word' id='word_1_367' title='bbox 902 3748 961 3834; x_wconf 76' lang='grc' dir='ltr'><strong><em>τῆς</em></strong></span> <span class='ocrx_word' id='word_1_368' title='bbox 981 3747 1117 3833; x_wconf 90' lang='grc' dir='ltr'><strong><em>τριάδος</em></strong></span> <span class='ocrx_word' id='word_1_369' title='bbox 1146 3748 1292 3843; x_wconf 71' lang='grc' dir='ltr'><strong><em>ἐνέργεια</em></strong></span> <span class='ocrx_word' id='word_1_370' title='bbox 1313 3751 1439 3817; x_wconf 84' lang='grc' dir='ltr'><strong><em>δείκνυ-</em></strong></span> 
     </span>
    </p>
   </div>
   <div class='ocr_carea' id='block_1_3' title="bbox 211 3837 1439 4036">
    <p class='ocr_par' dir='ltr' id='par_1_3' title="bbox 211 3837 1439 4036">
     <span class='ocr_line' id='line_1_35' title="bbox 211 3837 1439 3937; baseline 0.005 -27"><span class='ocrx_word' id='word_1_371' title='bbox 211 3865 277 3922; x_wconf 88' lang='grc' dir='ltr'><strong><em>ται.</em></strong></span> <span class='ocrx_word' id='word_1_372' title='bbox 323 3837 362 3911; x_wconf 88' lang='grc' dir='ltr'><strong><em>οῦ</em></strong></span> <span class='ocrx_word' id='word_1_373' title='bbox 383 3841 445 3932; x_wconf 84' lang='grc' dir='ltr'><strong><em>γάρ</em></strong></span> <span class='ocrx_word' id='word_1_374' title='bbox 468 3840 514 3925; x_wconf 79' lang='grc' dir='ltr'><strong><em>ὥς</em></strong></span> <span class='ocrx_word' id='word_1_375' title='bbox 535 3837 612 3930; x_wconf 79' lang='grc' dir='ltr'><strong><em>παρ’</em></strong></span> <span class='ocrx_word' id='word_1_376' title='bbox 638 3842 776 3912; x_wconf 75' lang='grc' dir='ltr'><strong><em>ἑκάστου</em></strong></span> <span class='ocrx_word' id='word_1_377' title='bbox 800 3843 947 3934; x_wconf 88' lang='grc' dir='ltr'><strong><em>διάφορα</em></strong></span> <span class='ocrx_word' id='word_1_378' title='bbox 961 3847 1016 3914; x_wconf 83' lang='grc' dir='ltr'><strong><em>καὶ</em></strong></span> <span class='ocrx_word' id='word_1_379' title='bbox 1031 3849 1210 3937; x_wconf 80' lang='grc' dir='ltr'><strong><em>διῃρημένα</em></strong></span> <span class='ocrx_word' id='word_1_380' title='bbox 1225 3849 1267 3918; x_wconf 88' lang='grc' dir='ltr'><strong><em>τὰ</em></strong></span> <span class='ocrx_word' id='word_1_381' title='bbox 1282 3848 1439 3934; x_wconf 86' lang='grc' dir='ltr'><strong><em>διδόμενα</em></strong></span> 
     </span>
     <span class='ocr_line' id='line_1_36' title="bbox 213 3939 1439 4036; baseline 0.004 -25"><span class='ocrx_word' id='word_1_382' title='bbox 213 3952 366 4030; x_wconf 79' lang='grc' dir='ltr'><strong><em>σημαίνει</em></strong></span> <span class='ocrx_word' id='word_1_383' title='bbox 387 3941 407 4013; x_wconf 89' lang='lat'><strong><em>5</em></strong></span> <span class='ocrx_word' id='word_1_384' title='bbox 428 3939 632 4028; x_wconf 85' lang='grc' dir='ltr'><strong><em>άπόστολος,</em></strong></span> <span class='ocrx_word' id='word_1_385' title='bbox 663 3939 732 4014; x_wconf 81' lang='grc' dir='ltr'><strong><em>ἀλλ’</em></strong></span> <span class='ocrx_word' id='word_1_386' title='bbox 758 3941 812 4013; x_wconf 85' lang='grc' dir='ltr'><strong><em>ὅτι</em></strong></span> <span class='ocrx_word' id='word_1_387' title='bbox 834 3945 895 4014; x_wconf 65' lang='grc' dir='ltr'><strong><em>Ιὶτόν</em></strong></span> <span class='ocrx_word' id='word_1_388' title='bbox 918 3948 1075 4032; x_wconf 84' lang='grc' dir='ltr'><strong><em>διδόμενα</em></strong></span> <span class='ocrx_word' id='word_1_389' title='bbox 1104 3949 1138 4017; x_wconf 82' lang='grc' dir='ltr'><strong><em>έν</em></strong></span> <span class='ocrx_word' id='word_1_390' title='bbox 1166 3950 1278 4036; x_wconf 88' lang='grc' dir='ltr'><strong><em>τριάδι</em></strong></span> <span class='ocrx_word' id='word_1_391' title='bbox 1306 3950 1439 4017; x_wconf 90' lang='grc' dir='ltr'><strong><em>δίδοται</em></strong></span> 
     </span>
    </p>
   </div>
   <div class='ocr_carea' id='block_1_4' title="bbox 281 4115 1218 4184">
    <p class='ocr_par' dir='ltr' id='par_1_4' title="bbox 281 4115 1218 4184">
     <span class='ocr_line' id='line_1_37' title="bbox 281 4115 1218 4184; baseline 0.007 -19"><span class='ocrx_word' id='word_1_392' title='bbox 281 4115 305 4176; x_wconf 84' lang='grc'><strong><em>1)</em></strong></span> <span class='ocrx_word' id='word_1_393' title='bbox 325 4117 347 4166; x_wconf 84' lang='lat'><strong><em>1.</em></strong></span> <span class='ocrx_word' id='word_1_394' title='bbox 367 4117 423 4168; x_wconf 83' lang='lat' dir='ltr'>Cor.</span> <span class='ocrx_word' id='word_1_395' title='bbox 444 4119 484 4180; x_wconf 83' lang='lat'><strong><em>12,</em></strong></span> <span class='ocrx_word' id='word_1_396' title='bbox 502 4120 578 4172; x_wconf 76' lang='lat'><strong>4-6.</strong></span> <span class='ocrx_word' id='word_1_397' title='bbox 656 4119 681 4180; x_wconf 78' lang='lat'><strong><em>2)</em></strong></span> <span class='ocrx_word' id='word_1_398' title='bbox 700 4121 765 4171; x_wconf 82' lang='grc' dir='ltr'><strong><em>Ιοαο.</em></strong></span> <span class='ocrx_word' id='word_1_399' title='bbox 787 4120 826 4180; x_wconf 77' lang='grc' dir='ltr'><strong><em>λλ,</em></strong></span> <span class='ocrx_word' id='word_1_400' title='bbox 841 4115 886 4171; x_wconf 69' lang='grc' dir='ltr'><strong><em>λδ.</em></strong></span> <span class='ocrx_word' id='word_1_401' title='bbox 956 4121 981 4182; x_wconf 84' lang='grc'><strong><em>3)</em></strong></span> <span class='ocrx_word' id='word_1_402' title='bbox 1000 4121 1023 4171; x_wconf 82' lang='grc'><strong><em>2.</em></strong></span> <span class='ocrx_word' id='word_1_403' title='bbox 1042 4121 1097 4172; x_wconf 86' lang='lat' dir='ltr'>Cor.</span> <span class='ocrx_word' id='word_1_404' title='bbox 1118 4121 1159 4184; x_wconf 82' lang='lat'><strong><em>13,</em></strong></span> <span class='ocrx_word' id='word_1_405' title='bbox 1180 4121 1218 4172; x_wconf 83' lang='lat'><strong><em>13.</em></strong></span> 
     </span>
    </p>
   </div>
   <div class='ocr_carea' id='block_1_5' title="bbox 209 4227 1441 4638">
    <p class='ocr_par' dir='ltr' id='par_1_5' title="bbox 209 4227 1441 4638">
     <span class='ocr_line' id='line_1_38' title="bbox 245 4227 1441 4302; baseline 0.003 -20"><span class='ocrx_word' id='word_1_406' title='bbox 245 4227 714 4288; x_wconf 54' lang='lat' dir='ltr'><strong><em>a.cob1er.etve12km.utrumc-</em></strong></span> <span class='ocrx_word' id='word_1_407' title='bbox 744 4236 797 4286; x_wconf 75' lang='lat' dir='ltr'><strong><em>Mox</em></strong></span> <span class='ocrx_word' id='word_1_408' title='bbox 885 4253 905 4288; x_wconf 75' lang='grc' dir='ltr'><strong><em>ε,</em></strong></span> <span class='ocrx_word' id='word_1_409' title='bbox 925 4237 980 4300; x_wconf 75' lang='grc' dir='ltr'><strong><em>λος.</em></strong></span> <span class='ocrx_word' id='word_1_410' title='bbox 999 4238 1020 4286; x_wconf 82' lang='lat'><strong><em>1.</em></strong></span> <span class='ocrx_word' id='word_1_411' title='bbox 1046 4237 1144 4300; x_wconf 75' lang='lat' dir='ltr'>Seguer.</span> <span class='ocrx_word' id='word_1_412' title='bbox 1171 4239 1262 4302; x_wconf 73' lang='grc' dir='ltr'><strong><em>λοςΙίτ.</em></strong></span> <span class='ocrx_word' id='word_1_413' title='bbox 1292 4235 1390 4289; x_wconf 81' lang='lat' dir='ltr'>Gobler.</span> <span class='ocrx_word' id='word_1_414' title='bbox 1415 4247 1441 4287; x_wconf 85' lang='grc' dir='ltr'><strong><em>ει</em></strong></span> 
     </span>
     <span class='ocr_line' id='line_1_39' title="bbox 209 4297 1419 4377; baseline 0.004 -29"><span class='ocrx_word' id='word_1_415' title='bbox 209 4299 306 4377; x_wconf 49' lang='grc' dir='ltr'><strong><em>λης.)</em></strong></span> <span class='ocrx_word' id='word_1_416' title='bbox 331 4307 355 4350; x_wconf 78' lang='grc' dir='ltr'><strong><em>ει</em></strong></span> <span class='ocrx_word' id='word_1_417' title='bbox 372 4301 472 4363; x_wconf 76' lang='lat' dir='ltr'><strong>Seguor.</strong></span> <span class='ocrx_word' id='word_1_418' title='bbox 489 4297 599 4360; x_wconf 79' lang='grc' dir='ltr'><strong><em>ταύτην.</em></strong></span> <span class='ocrx_word' id='word_1_419' title='bbox 635 4303 680 4353; x_wconf 72' lang='lat' dir='ltr'><strong>Alii</strong></span> <span class='ocrx_word' id='word_1_420' title='bbox 699 4311 723 4350; x_wconf 83' lang='grc' dir='ltr'><strong><em>ει</em></strong></span> <span class='ocrx_word' id='word_1_421' title='bbox 741 4303 799 4352; x_wconf 69' lang='lat' dir='ltr'>editi</span> <span class='ocrx_word' id='word_1_422' title='bbox 851 4304 986 4354; x_wconf 79' lang='lat' dir='ltr'><strong>Felckm.1.</strong></span> <span class='ocrx_word' id='word_1_423' title='bbox 1004 4299 1050 4352; x_wconf 79' lang='grc' dir='ltr'><strong><em>καὶ</em></strong></span> <span class='ocrx_word' id='word_1_424' title='bbox 1068 4299 1082 4352; x_wconf 83' lang='grc' dir='ltr'><strong><em>δ</em></strong></span> <span class='ocrx_word' id='word_1_425' title='bbox 1101 4297 1299 4372; x_wconf 78' lang='grc' dir='ltr'><strong><em>αῦτδεκῦριος.</em></strong></span> <span class='ocrx_word' id='word_1_426' title='bbox 1414 4323 1419 4333; x_wconf 92' lang='grc'><em>·</em></span> 
     </span>
     <span class='ocr_line' id='line_1_40' title="bbox 210 4371 1437 4434; baseline 0.006 -22"><span class='ocrx_word' id='word_1_427' title='bbox 210 4379 305 4425; x_wconf 80' lang='grc' dir='ltr'><strong><em>αυτην.</em></strong></span> <span class='ocrx_word' id='word_1_428' title='bbox 884 4373 907 4419; x_wconf 91' lang='grc' dir='ltr'><strong><em>δ.</em></strong></span> <span class='ocrx_word' id='word_1_429' title='bbox 925 4373 966 4420; x_wconf 83' lang='lat' dir='ltr'><strong><em>Sic</em></strong></span> <span class='ocrx_word' id='word_1_430' title='bbox 984 4371 1040 4432; x_wconf 75' lang='lat' dir='ltr'><strong><em>fleg.</em></strong></span> <span class='ocrx_word' id='word_1_431' title='bbox 1054 4374 1075 4421; x_wconf 81' lang='grc'><strong><em>1.</em></strong></span> <span class='ocrx_word' id='word_1_432' title='bbox 1093 4371 1437 4434; x_wconf 75' lang='grc' dir='ltr'><strong><em>Εεςοιε.ῦο1ι1ετ.ειλέ1ε1ι-</em></strong></span> 
     </span>
     <span class='ocr_line' id='line_1_41' title="bbox 243 4432 1439 4496; baseline 0.001 -14"><span class='ocrx_word' id='word_1_433' title='bbox 243 4433 394 4482; x_wconf 68' lang='grc' dir='ltr'><strong><em>οΕεωει.</em></strong></span> <span class='ocrx_word' id='word_1_434' title='bbox 413 4432 504 4493; x_wconf 58' lang='grc' dir='ltr'><strong><em>κιαι.</em></strong></span> <span class='ocrx_word' id='word_1_435' title='bbox 523 4433 579 4485; x_wconf 79' lang='grc' dir='ltr'><strong><em>ιιλ.</em></strong></span> <span class='ocrx_word' id='word_1_436' title='bbox 598 4447 706 4484; x_wconf 76' lang='lat' dir='ltr'>necnon</span> <span class='ocrx_word' id='word_1_437' title='bbox 726 4435 797 4496; x_wconf 68' lang='lat' dir='ltr'>Sego.</span> <span class='ocrx_word' id='word_1_438' title='bbox 850 4437 972 4486; x_wconf 74' lang='lat' dir='ltr'><strong>mannil.</strong></span> <span class='ocrx_word' id='word_1_439' title='bbox 1015 4439 1076 4488; x_wconf 78' lang='grc' dir='ltr'><strong><em>Εδίιί</em></strong></span> <span class='ocrx_word' id='word_1_440' title='bbox 1100 4448 1179 4488; x_wconf 77' lang='lat' dir='ltr'>autem</span> <span class='ocrx_word' id='word_1_441' title='bbox 1209 4448 1234 4488; x_wconf 85' lang='grc' dir='ltr'><strong><em>ιι</em></strong></span> <span class='ocrx_word' id='word_1_442' title='bbox 1256 4439 1296 4488; x_wconf 74' lang='lat' dir='ltr'><strong><em>alii</em></strong></span> <span class='ocrx_word' id='word_1_443' title='bbox 1319 4432 1365 4486; x_wconf 79' lang='grc' dir='ltr'><strong><em>καί</em></strong></span> <span class='ocrx_word' id='word_1_444' title='bbox 1387 4436 1439 4485; x_wconf 81' lang='grc' dir='ltr'><strong><em>τοῦ</em></strong></span> 
     </span>
     <span class='ocr_line' id='line_1_42' title="bbox 209 4496 1438 4571; baseline 0.003 -23"><span class='ocrx_word' id='word_1_445' title='bbox 209 4513 293 4550; x_wconf 77' lang='lat' dir='ltr'>vocem</span> <span class='ocrx_word' id='word_1_446' title='bbox 309 4497 412 4567; x_wconf 85' lang='grc' dir='ltr'><strong><em>κτίσμα</em></strong></span> <span class='ocrx_word' id='word_1_447' title='bbox 436 4499 460 4550; x_wconf 87' lang='lat' dir='ltr'><strong><em>in</em></strong></span> <span class='ocrx_word' id='word_1_448' title='bbox 478 4500 532 4550; x_wconf 77' lang='grc' dir='ltr'><strong><em>ιΙίίι</em></strong></span> <span class='ocrx_word' id='word_1_449' title='bbox 550 4509 574 4550; x_wconf 86' lang='grc' dir='ltr'><strong><em>ει</em></strong></span> <span class='ocrx_word' id='word_1_450' title='bbox 593 4502 664 4554; x_wconf 74' lang='lat' dir='ltr'>editio</span> <span class='ocrx_word' id='word_1_451' title='bbox 682 4503 798 4552; x_wconf 74' lang='lat' dir='ltr'>omissam</span> <span class='ocrx_word' id='word_1_452' title='bbox 848 4497 1002 4568; x_wconf 82' lang='grc' dir='ltr'><strong><em>τινεάματις</em></strong></span> <span class='ocrx_word' id='word_1_453' title='bbox 1024 4498 1057 4552; x_wconf 79' lang='grc' dir='ltr'><strong><em>δὲ</em></strong></span> <span class='ocrx_word' id='word_1_454' title='bbox 1083 4496 1162 4558; x_wconf 77' lang='grc' dir='ltr'><strong><em>ὄντος</em></strong></span> <span class='ocrx_word' id='word_1_455' title='bbox 1187 4498 1218 4554; x_wconf 79' lang='grc' dir='ltr'><strong><em>έν</em></strong></span> <span class='ocrx_word' id='word_1_456' title='bbox 1236 4499 1317 4571; x_wconf 76' lang='grc' dir='ltr'><strong><em>ἦμέν,</em></strong></span> <span class='ocrx_word' id='word_1_457' title='bbox 1344 4500 1390 4552; x_wconf 76' lang='grc' dir='ltr'><strong><em>καί</em></strong></span> <span class='ocrx_word' id='word_1_458' title='bbox 1406 4497 1438 4551; x_wconf 84' lang='grc' dir='ltr'><strong><em>έν</em></strong></span> 
     </span>
     <span class='ocr_line' id='line_1_43' title="bbox 209 4561 1439 4638; baseline 0.003 -22"><span class='ocrx_word' id='word_1_459' title='bbox 209 4567 368 4619; x_wconf 73' lang='lat' dir='ltr'><strong><em>restituimus.</em></strong></span> <span class='ocrx_word' id='word_1_460' title='bbox 849 4561 938 4635; x_wconf 82' lang='grc' dir='ltr'><strong><em>ιοάτηι</em></strong></span> <span class='ocrx_word' id='word_1_461' title='bbox 948 4562 1021 4634; x_wconf 75' lang='grc' dir='ltr'><strong><em>αὐτῷ</em></strong></span> <span class='ocrx_word' id='word_1_462' title='bbox 1032 4564 1241 4638; x_wconf 77' lang='grc' dir='ltr'><strong><em>ίατινὸνιατάρ,</em></strong></span> <span class='ocrx_word' id='word_1_463' title='bbox 1261 4573 1359 4623; x_wconf 72' lang='lat' dir='ltr'>omissis</span> <span class='ocrx_word' id='word_1_464' title='bbox 1374 4585 1439 4636; x_wconf 76' lang='grc' dir='ltr'><strong><em>ςαιε</em></strong></span> 
     </span>
    </p>
   </div>
   <div class='ocr_carea' id='block_1_6' title="bbox 0 0 1552 5318">
    <p class='ocr_par' dir='ltr' id='par_1_6' title="bbox 0 0 1552 5318">
     <span class='ocr_line' id='line_1_44' title="bbox 0 0 1552 5318; baseline 0 4"><span class='ocrx_word' id='word_1_465' title='bbox 0 0 1552 5318; x_wconf 95' lang='lat' dir='ltr'><strong><em> </em></strong></span> 
     </span>
    </p>
   </div>
  </div>
 </body>
</html>
