3236 5286
243 413 303 476 156
550 461 551 472 .
641 425 667 470 s.
683 426 836 470 ιτειυιευ
850 425 1072 478 mammeam

156 597 231 642 mlo.
240 571 335 663 ἡμεῖς
359 572 562 660 γινώσκομεν
592 571 675 639 κατά
701 572 759 659 τήν
789 571 877 639 ἰδίαν
907 571 1054 656 δύναμιν.
1099 569 1155 638 καὶ
1182 570 1243 657 γὰρ
1265 571 1320 640 καὶ
1342 567 1360 638 δ
1384 572 1465 653 υλός,
1514 635 1527 662 ,

241 681 353 763 φησίν,
377 669 415 741 οὗ
436 673 539 758 μόνον
560 673 617 740 τὸν
639 679 769 761 πατέρα
785 668 927 758 άκριβῶς
942 666 980 738 οὗ
995 671 1157 759 γινώσκει,
1173 673 1282 740 λείπει
1296 672 1356 759 γὰρ
1376 667 1466 758 αὐτῷ

241 777 288 856 εἰς
309 773 348 843 τὸ
369 777 576 861 καταλαβεῖν,
599 769 702 841 ηαἰλλά
722 777 777 841 καί
800 769 898 852 αὐτὸς
921 771 939 839 δ
961 770 1034 854 υίὸς
1055 773 1113 862 τήν
1136 773 1253 842 ἑαυτοῦ
1276 770 1392 842 οὐσίαν
1408 769 1468 842 οὐκ

241 872 329 944 οίδε·
356 879 410 953 καλ
439 872 493 943 ὅτι
519 881 756 962 μεμερισμένοι
776 878 816 963 τῇ
840 874 1014 962 φύσινκαὶ
1038 870 1285 960 άπεξενωμέναι
1305 876 1361 942 καὶ
1382 869 1467 944 άπε-

241 982 466 1062 σχοινισμέναι
494 976 550 1044 καί
571 970 741 1062 ἀλλότριοι
763 979 816 1042 καὶ
840 971 996 1060 άμέτοχοί
1018 976 1102 1044 είσιν
1125 971 1274 1062 ἀλλήλων
1296 975 1331 1042 αλ
1354 971 1466 1044 οὐσίαι

239 1081 298 1145 τοῦ
320 1077 449 1165 πατρὸς
470 1076 605 1146 καὶτοῦ
628 1077 701 1144 υλοῦ
723 1079 776 1144 καὶ
799 1081 857 1144 τοῦ
880 1073 974 1163 άγίου
997 1077 1194 1162 πνεύματος,
1217 1085 1281 1158 καί,
1306 1075 1351 1157 ῶς
1367 1071 1466 1157 αὐτὸς

240 1177 436 1266 ἐφθέγξατο,
461 1173 614 1264 ἀνόμοιοι
635 1177 779 1263 πάμπαν
801 1173 950 1264 άλλήλων
971 1189 1047 1260 ταῖς
1068 1205 1104 1248 τε
1126 1175 1256 1258 οὐσίαις
1276 1185 1330 1246 καί
1354 1178 1467 1260 δόξαις

240 1280 322 1348 είσλν
346 1275 397 1347 ἐπ’
422 1278 571 1366 άπειρον.
616 1279 674 1346 τὸν
695 1282 773 1366 γοῦν
795 1279 892 1365 λόγον
915 1283 1017 1368 φησίν
1041 1281 1088 1360 εἷς
1105 1277 1284 1368 ὁμοιότητα
1300 1279 1396 1366 δόξης
1410 1283 1465 1347 καί

240 1375 355 1460 οὐσίας
377 1377 551 1468 ἀλλότριον
573 1377 659 1448 εἶναι
679 1384 852 1460 παντελῶς
873 1381 1034 1469 ἑκατέρων
1056 1386 1115 1450 τοῦ
1136 1409 1173 1450 τε
1193 1380 1322 1466 πατρὸς
1336 1383 1389 1446 καί
1405 1383 1465 1446 τοῦ

240 1479 334 1569 ἆγίου
356 1483 560 1567 πνεύματος·
582 1481 713 1561 τούτοις
733 1483 794 1570 γὰρ
818 1482 1005 1570 ἐφθέγξατο
1026 1495 1099 1562 τοῖς
1120 1481 1262 1570 ῥήμασιν
1285 1475 1303 1548 δ
1326 1475 1463 1568 ἀσεβής·

240 1586 294 1650 καί
317 1585 511 1671 διῃρημένον
533 1585 568 1651 δὲ
592 1577 678 1651 εἶναι
698 1582 774 1650 καθ’
799 1583 916 1666 ἑαυτὸν
937 1587 990 1650 καὶ
1007 1579 1166 1668 ἀμέτοχον
1180 1581 1263 1650 κατὰ
1277 1581 1388 1650 πάντα
1403 1585 1462 1650 τοῦ

239 1683 368 1771 πατρὸς
387 1684 445 1752 τὸν
466 1685 537 1752 υλὸν
560 1683 670 1773 ἔφησε.
715 1688 819 1752 ταῦτα
845 1691 926 1772 μέρη
948 1687 1014 1752 τῶν
1035 1685 1068 1752 ίν
1090 1687 1136 1772 τῷ
1158 1685 1275 1771 γελοίῳ
1298 1682 1462 1770 συγγράμ-

239 1813 321 1870 μυτι
341 1792 497 1872 κειμένων
517 1787 685 1871 μυθιδίων
708 1785 797 1853 έστλν
815 1781 955 1872 Ἀρείου.

326 1895 354 1955 7.
402 1892 462 1966 Τίς
488 1884 598 1952 τοίνυν
625 1890 692 1955 τῶν
719 1886 880 1954 τοιούτων
910 1889 964 1954 καλ
990 1889 1049 1955 τοῦ
1078 1888 1197 1971 μέλους
1224 1889 1283 1973 τῆς
1303 1886 1465 1964 ὓθαλείας

240 1982 383 2066 άκοδσας
405 1983 443 2053 οὗ
464 1987 633 2073 μισήσειεν
656 1986 690 2055 ἒν
713 1989 784 2076 δίκῃ
807 1989 971 2069 παίζοντα
991 1987 1049 2054 τὸν
1065 1986 1198 2074 ’Ἀρειον
1215 1983 1259 2066 ῶς
1274 1987 1332 2056 inl
1347 1990 1465 2073 σκηνῆς

240 2093 317 2174 περὶ
345 2087 524 2170 τοιούτους
555 2095 607 2166 τίς
634 2084 672 2155 οὗ
700 2095 825 2174 θεωρεῖ
852 2094 969 2156 τοῦτον
1001 2087 1057 2156 διὰ
1079 2092 1137 2156 τοῦ
1161 2090 1268 2156 δοκεῖν
1292 2085 1464 2172 ὀνομάζειν

239 2187 322 2256 θεὸν
344 2192 396 2256 καί
420 2191 497 2274 περὶ
520 2193 604 2256 θεοῦ
626 2189 740 2275 λέγειν,
765 2186 810 2270 ῶς
830 2189 887 2256 τὸν
900 2188 980 2276 ὅφιν
992 2189 1257 2275 συμβουλεύοντα
1268 2192 1307 2276 τῇ
1318 2195 1445 2275 γυναικί
1452 2218 1463 2270 ,·

239 2297 291 2368 τίς
313 2291 349 2357 δὲ
369 2295 441 2369 τοῖς
462 2291 536 2377 ἑξῆς
557 2289 774 2376 οἐντυγχάνων
797 2285 835 2358 οὗ
857 2292 975 2377 βλέπει
996 2289 1055 2376 τήν
1077 2287 1231 2376 ἀσέβειαν
1261 2286 1376 2368 αὐτοῦ,
1401 2285 1464 2368 ῶς-

239 2417 304 2478 περ
325 2391 459 2459 καὶτοῦ
483 2389 593 2480 δφεως
614 2390 672 2480 τήν
693 2392 777 2476 μετὰ
797 2396 902 2460 ταῦτα
924 2391 1061 2479 πλάνην,
1085 2391 1133 2469 είς
1154 2389 1193 2478 ἢν
1215 2390 1384 2476 παρήγαγε
1407 2413 1465 2457 σο-

240 2492 422 2581 φισάμενος
443 2492 521 2582 ίτήν
542 2505 696 2579 γυναῖκας
729 2501 780 2572 τίς
802 2495 859 2561 ε’πλ
881 2505 955 2572 ταῖς
976 2492 1146 2570 τοιαύταις
1166 2493 1391 2579 βλαςφημίαις
1405 2486 1464 2558 οὐκ

149 2655 150 2662 ,
240 2592 424 2679 ίξίσταται,·
458 2590 476 2661 ὁ
504 2597 563 2679 μὲν
592 2585 650 2661 οὖν
673 2591 827 2681 οὐρανός,
851 2591 913 2674 ’ῶς
937 2590 954 2661 δ
977 2594 1151 2682 προφήτης
1174 2598 1314 2681 φησίν’),
1339 2593 1462 2688 ἐξέστη,

239 2699 292 2763 καὶ
314 2691 334 2783 ἡ
356 2701 395 2786 γή
419 2697 550 2785 ἔφριξεν
572 2696 629 2764 εἰιλ
651 2699 690 2783 τῇ
714 2695 905 2781 παραβάσει
926 2700 985 2762 τοῦ
1008 2694 1121 2780 νόμον,
1146 2689 1164 2761 δ
1187 2695 1223 2762 δὲ
1244 2690 1338 2783 ἥλιος
1359 2695 1463 2760 πλέον

211 2875 215 2886 .
239 2793 428 2884 ἀγανακτῶν
450 2800 503 2864 καί
524 2796 570 2884 μὴ
593 2803 703 2884 φέρων
723 2796 801 2864 τότε
821 2795 881 2876 τὰς
901 2795 986 2864 κατὰ
1006 2801 1065 2864 τυῶ
1088 2800 1199 2865 κοινοῦ
1221 2795 1356 2864 πάντων
1370 2791 1463 2883 ήμῶν

239 2900 403 2968 δεσπότου
426 2903 615 2986 ’γενομένας
637 2899 827 2985 σωματικάς
848 2895 967 2984 ὕβρεις,
991 2897 1031 2978 ἃς
1054 2899 1135 2968 ἑνῶν
1158 2893 1256 2978 αὐτὸς
1271 2893 1354 2983 ὑπὲρ
1371 2892 1463 2983 ἡμῶν

238 2996 420 3087 ὑπέμεινεν,
444 2997 642 3090 ἀπεστράφη
665 3005 718 3068 καί
740 3000 801 3081 τὰς
822 2997 956 3080 ἀκτῖνας
978 3003 1151 3079 συστείλας
1172 2998 1229 3088 τήν
1243 2995 1366 3084 ἡμέραν
1381 2997 1465 3064 ἐκεί-

239 3130 296 3192 νην
324 3099 457 3189 ἀνήλιον
487 3104 623 3184 έδειξεν·
658 3102 715 3170 ἐπὶ
745 3103 782 3170 δὲ
809 3113 885 3182 ταῖς
903 3097 1034 3188 Ἀρείου
1066 3102 1289 3188 βλαςφημίαις
1321 3101 1395 3177 πῶς
1424 3094 1463 3166 οὗ

155 3209 335 3272 υ.ιιι.πᾶσα
361 3209 426 3271 τῶν
459 3200 651 3290 ἀνθρώπιον
673 3199 711 3292 νή
741 3204 842 3292 φύσις
865 3198 994 3290 ἀφασίᾳ
1016 3201 1233 3290 πληγήσεται,
1263 3199 1319 3268 καί
1339 3201 1464 3267 κλείσει

239 3305 299 3388 μὲν
327 3303 387 3381 τὰς
413 3299 527 3384 άκοάς,
557 3305 720 3390 καμμάσει
741 3307 778 3372 δὲ
799 3305 877 3383 τοὺς
899 3299 1112 3390 ὀφθαλμούς,
1143 3303 1198 3370 ἵνα
1219 3300 1300 3388 μήτε
1322 3295 1463 3368 ἀκοῦσαι

239 3403 418 3470 ΙΙτοιούτων
444 3399 517 3490 μήτ’
543 3405 625 3472 ἰδεῖν
654 3403 711 3470 τὸν
740 3409 844 3470 ταῦτα
870 3403 1045 3489 γράψαντα
1074 3404 1201 3491 δυνηθῇ
1209 3433 1220 3486 ,·
1254 3399 1329 3469 ὁδί
1351 3398 1463 3485 κύριος

239 3498 338 3581 αάτδς
358 3506 433 3581 πῶς
455 3497 492 3568 οὗ
514 3506 641 3586 μᾶλλον
663 3507 797 3582 δικαίως
819 3502 916 3572 ἱκατά
936 3504 1061 3570 τούτων
1085 3500 1129 3583 ῶς
1151 3500 1280 3588 ἀσεβῶν
1303 3497 1387 3569 άλλὰ
1407 3505 1461 3570 καὶ

239 3601 423 3691 ἀχαρίστων
454 3603 585 3690 βοήσει,
620 3603 642 3671 ἃ
673 3609 727 3673 καί
755 3604 812 3672 διὰ
839 3608 899 3672 τοῦ
927 3605 1103 3693 προφήτου
1129 3599 1224 3691 Ὠσηὲ
1252 3602 1462 3692 προείρηκεν·

238 3701 315 3772 οὐαί
336 3699 459 3783 αὐτοῖς,
484 3699 537 3771 ὅτι
559 3699 778 3794 άπεπήδησαν
800 3701 858 3774 ἀπ’
883 3706 978 3790 ἐμοῦ,
1003 3707 1166 3772 Ιιδείλαιοί
1188 3704 1289 3784 εἰσιν,
1313 3701 1367 3772 ὅτι
1386 3700 1464 3790 ἠσέ-

236 3813 342 3892 βησαν
365 3805 412 3886 είς
434 3806 499 3890 ἐμέ.
530 3805 593 3893 ἐγὼ
616 3807 653 3874 δέ
674 3805 907 3896 ἔλυτρωσάμην
929 3801 1057 3886 αὐτούς,
1081 3799 1174 3873 αὐτοὶ
1191 3805 1462 3894 δίκατελάλησαν

237 3901 305 3974 κατ’
330 3907 409 3990 ἐμοῦ
433 3910 549 3996 ψευδῆ,
580 3912 647 3977 Ικαί
669 3905 738 3995 μετ’
764 3905 873 3998 ὀλίγα·
896 3907 951 3976 καί
974 3908 1020 3990 είς
1043 3907 1099 3994 ἐμὲ
1115 3903 1305 3994 ἔλογίσαντο
1322 3905 1461 3994 πονηρά,

310 4098 332 4158 ¹)
350 4098 435 4148 ierem.
454 4097 478 4158 2,
499 4098 537 4147 12.

272 4247 294 4282 τ.
312 4233 411 4294 Seguer.
431 4222 498 4279 ἀλλὰ
515 4225 571 4297 γάρ
588 4227 634 4279 καί
652 4225 789 4286 αιἰτάεειι.
911 4251 933 4284 ε.
952 4235 1051 4295 δεηιιει.
1070 4235 1142 4284 Βεελί.
1155 4235 1248 4294 Angue.
1266 4232 1337 4283 cohi.
1357 4231 1461 4284 λὀΙεΙιιυ.

272 4299 295 4346 b.
315 4303 412 4361 ἳεςιιοι.
433 4299 531 4349 ῦοΙιΙοι,
556 4309 579 4348 ει
605 4299 707 4348 calcum.
731 4303 751 4350 l.
777 4299 825 4358 τῆς
879 4302 900 4350 1.
920 4309 943 4350 ιι
961 4302 985 4349 5.
1010 4291 1046 4354 ὥς
1070 4293 1084 4346 δ
1110 4294 1263 4366 προφήτης.
1298 4300 1361 4350 adiu
1379 4307 1402 4349 ιῑ
1420 4299 1461 4348 alii

237 4361 356 4418 θαλείας.
399 4367 472 4416 hasil.
501 4365 549 4425 τήν
574 4359 681 4418 θαλίαι.
727 4367 771 4416 Alii
801 4376 824 4416 οι
877 4359 1084 4434 ῶτπρυφήτης.
1124 4368 1182 4418 lbid.
1202 4369 1300 4420 Gobler.
1318 4365 1460 4416 etFelckm.

239 4433 295 4483 edili
312 4428 418 4487 θαλίας.
877 4435 901 4484 1.
919 4425 934 4492 ή
956 4427 986 4482 δὲ
1001 4431 1037 4497 γῆ
1055 4427 1175 4498 ἔφριξεν.
1214 4437 1288 4484 iidem
1314 4441 1337 4482 ει
1360 4433 1461 4494 Seguer.

273 4517 293 4550 ο.
313 4503 412 4562 8ιςυει.
431 4493 559 4565 ίντυχῶν,
874 4493 918 4551 ἐπὶ
936 4499 974 4566 τῷ
992 4495 1278 4580 παραβιιθίντινάμρι.
1310 4501 1406 4552 ΕιΙὶΙίοι
1419 4499 1461 4550 alii

271 4569 297 4620 d.
315 4569 355 4618 Sic
372 4571 471 4631 Seguor.
493 4568 563 4618 Ιίυειί.
583 4567 681 4618 Gohler.
700 4575 723 4620 ιι
742 4567 820 4618 Felck.
872 4561 918 4618 ἐπὶ
936 4567 968 4634 τῇ
986 4563 1142 4634 παραβάσει
1159 4570 1208 4620 τοῦ
1226 4583 1322 4636 νυμον.

240 4637 263 4686 l.
297 4639 327 4686 λι
344 4637 384 4688 alii
403 4645 428 4687 ιι
444 4636 501 4686 editi
519 4627 570 4695 τήν
587 4637 706 4688 omittunt.
906 4637 923 4687 ί.
941 4642 1041 4700 δεήσει.
1052 4633 1207 4703 γινομένας.
1229 4633 1459 4704 λιεςγεινυμίναε.

1002 4751 1024 4792 ἡ
