3176 5304
215 335 234 400 8
606 347 632 390 ε.
648 347 802 392 numan
817 345 1040 392 εκεειενιεοονι

84 528 90 538 ·
127 519 293 585 ν.ωο.στην
314 495 398 564 θεὸν
418 492 477 560 τὸν
498 493 559 560 τοῦ
580 493 663 560 θεοῦ
684 491 767 573 υίόν,
789 492 848 560 τὸν
870 491 904 561 ἐκ
925 495 984 560 τοῦ
1007 491 1102 572 ὄντος
1124 489 1219 574 ὄντα,
1241 491 1301 561 τὸν
1323 492 1359 562 ίκ
1379 497 1455 562 τοῦ

212 597 315 684 μόνον
343 595 457 680 μόνον,
480 590 546 673 ’ὡς
574 592 843 688 συναπεγεννήθη
867 593 901 661 ἐκ
921 597 980 661 τοῦ
1003 592 1131 680 πατρὸς
1153 589 1271 672 ἇῑῦίως
1291 588 1311 681 ἦ
1334 589 1449 678 ὁμοία

214 697 295 778 όόξα
316 699 370 765 καί
394 695 548 780 δύναμις·
581 689 598 760 ό
620 693 681 780 γὰρ
705 693 858 781 ἑωρακὼς
877 693 936 761 τὸν
958 694 1045 775 υίόν,
1068 699 1123 761 καί
1144 692 1202 760 τὸν
1225 699 1355 780 πατέρα
1376 695 1454 763 έιό-

210 823 289 883 ρακε
297 801 327 878 ¹).
372 796 414 864 τὰ
442 795 553 864 πάντα
585 793 739 882 δηλονότι
767 794 824 862 διὰ
851 797 909 861 τοῦ
936 795 1009 862 υίοῦ
1039 791 1256 882 ἐκτίσθησαν·
1286 789 1354 862 ἀλλ’
1380 791 1452 864 οῦκ

213 898 302 966 ἔστιν
325 892 425 975 αῦτός
444 901 580 982 κτίσμα,
604 891 650 974 ὥς
673 917 775 983 φησιν
797 891 815 960 ό
837 896 974 975 Παῦλος
995 899 1072 982 περί
1094 898 1153 964 τοῦ
1175 889 1305 982 κυρίου,Ι
1327 891 1381 962 ότι
1403 895 1448 964 έν

212 993 301 1086 αῦτιῑνΙ
324 993 461 1084 ἐκτίσθη
483 995 526 1063 τὰ
547 996 674 1064 πάντα·
697 998 751 1062 καί
774 990 873 1074 αῦτός
887 995 968 1063 ,έστι
988 993 1055 1083 πρὸ
1078 995 1252 1076 πάντωνῆ.
1290 990 1328 1063 οῦ
1351 997 1449 1083 λέγει

213 1100 249 1167 tt
272 1095 326 1166 ότι
346 1097 413 1184 πρὸ
436 1096 571 1186 πάντων
594 1096 748 1184 ἐκτίσθη,
772 1090 840 1164 ἀλλ’
867 1091 920 1162 ὅτι
941 1095 1009 1183 πρὸ
1031 1095 1167 1165 πάντων
1190 1096 1276 1166 ἐστί·
1298 1097 1337 1164 τὸ
1358 1101 1444 1184 γοῦν

125 1199 368 1268 ο.ιοι.έκτίσθαι
400 1198 459 1266 ἐπὶ
486 1197 621 1294 πάντων
647 1203 769 1266 κεῖται·
801 1197 840 1262 τὸ
869 1197 905 1264 δὲ
936 1197 1008 1264 έστι
1028 1195 1096 1283 πρὸ
1118 1196 1254 1265 πάντων
1274 1197 1367 1285 μόνῳ
1389 1202 1441 1285 τῷ

97 1343 101 1356 ι
209 1302 273 1388 ,υίᾳῦ
295 1297 460 1386 ἁρμόττει.

296 1407 324 1470 3.
370 1407 401 1468 Γ
399 1405 520 1487 έννημα
541 1405 651 1465 τοίνυν
674 1397 757 1466 κατὰ
779 1398 880 1486 φύσιν
903 1397 937 1466 ἐκ
958 1399 1084 1466 τελείου
1106 1398 1232 1468 τέλειόν
1257 1399 1342 1478 ἐστι,
1366 1397 1439 1484 πρὸ

211 1501 345 1568 πάντων
366 1504 495 1586 βουνιῦν
516 1505 683 1588 γεννηθέν,
707 1495 792 1565 τοῦτ’
818 1499 890 1566 ἔστι
911 1497 979 1584 πρὸ
1002 1498 1113 1587 πάσης
1134 1500 1265 1586 λογικῆς
1286 1503 1339 1566 καί
1363 1521 1438 1568 νοε-

209 1605 270 1688 ρᾶς
292 1596 416 1681 οὐσίας,
441 1595 486 1679 ὥς
506 1602 561 1668 καί
583 1599 617 1666 έν
640 1601 739 1688 ἑτέρῳ
760 1598 855 1686 τόπῳ
878 1602 980 1688 φησίν
1002 1594 1122 1666 ιαὐτὸν
1145 1595 1162 1666 ό
1184 1599 1321 1677 Παῦλος
1342 1623 1439 1687 πρω-

210 1703 348 1792 τότοκον
381 1700 491 1789 πόσης
520 1702 700 1779 κτίσεωςί).
746 1695 831 1768 ἀλλὰ
864 1699 1077 1786 πρωτότοκον
1109 1699 1232 1766 ‘stant
1265 1701 1361 1787 δηλοῖ
1387 1700 1435 1788 μὴ

212 1797 297 1872 είναι
319 1799 418 1870 αὐτὸν
439 1809 569 1886 κτίσμα,
594 1796 679 1868 ἀλλὰ
698 1804 919 1888 γέννηματυῦ
942 1798 1084 1885 πατρός·
1108 1801 1199 1879 ξένον
1213 1799 1275 1886 γὰρ
1298 1799 1356 1868 ἐπί
1376 1803 1438 1886 τῆς

122 1977 130 1984 ,
210 1902 373 1991 θεότητος
402 1898 502 1969 αῦτοῦ
530 1902 569 1969 τὸ
600 1905 760 1988 λέγεσθαι
780 1899 909 1986 κτίσμα.
953 1899 997 1968 τόν
1017 1899 1078 1986 γὰρ
1101 1900 1212 1968 πάντα
1234 1900 1437 1988 ἐκτίσθησαν

211 2000 278 2070 ύπὸ
299 2006 359 2070 τοῦ
381 2003 509 2090 πατρὸς
531 2001 587 2072 διὰ
608 2007 667 2069 τοῦ
690 2004 771 2083 υἱοῦ,
796 1997 814 2068 ὁ
837 2003 873 2070 δὲ
894 2001 967 2080 υίὸς
986 2000 1090 2084 μόνος
1111 1999 1145 2067 έκ
1165 2005 1225 2068 τοῦ
1240 2000 1369 2088 πατρὸς
1383 1997 1438 2072 οἰίἢ

213 2105 293 2182 όίως
314 2103 489 2191 έγεννηθη·
513 2102 567 2170 διὸ
589 2102 801 2189 πρωτότοκός
824 2103 896 2170 ἐστι
916 2101 1028 2188 πάσης
1044 2109 1182 2182 κτίσεως
1196 2097 1215 2169 ὃ
1230 2101 1314 2181 θεὸς
1327 2101 1433 2188 λόγος,

211 2202 376 2291 ἄτρεπτος
397 2204 433 2284 ἐξ
455 2199 628 2290 ἀτρέπτου.
668 2205 739 2272 ἔστι
753 2212 863 2270 τοίνυν
885 2201 978 2268 ιιτὸὃ
1001 2196 1048 2268 δι’
1072 2198 1158 2288 ἡμᾶς
1178 2201 1317 2290 έφόρεσε
1338 2206 1436 2287 σῶμα

211 2311 342 2391 κτίσμα,
365 2309 442 2391 περί
466 2294 505 2370 οὗ
526 2305 614 2390 λέγει
633 2299 786 2391 Ἱερεμίας
808 2303 890 2371 κατὰ
911 2291 970 2392 τὴν
992 2307 1059 2370 τῶν
1075 2297 1298 2391 ἑβδομήκοντα
1319 2303 1438 2390 Ι’ἑρμη-

211 2409 333 2472 νευτῶν
362 2405 508 2472 έκόοσιν·
542 2404 653 2491 κύριος
681 2401 760 2494 ἡμῖν
789 2405 914 2472 ἐ’κτισεν
942 2403 992 2482 εἷς
1013 2403 1247 2491 καταφύτευμα
1269 2411 1435 2494 σωτηρίαν

209 2505 339 2594 καινήν,
370 2505 404 2572 έν
431 2495 453 2592 ἦ
481 2511 628 2592 σωτηρίᾳ
655 2496 926 2592 περιελεύσονται
948 2502 1166 2589 ἅνθρωποιέ).
1212 2503 1295 2571 κατὰ
1317 2506 1353 2572 δὲ
1374 2504 1433 2571 τὸν

206 2600 348 2672 Ἀκύλαν
370 2607 448 2692 περί
470 2607 529 2671 τοῦ
552 2601 653 2672 αὐτοῦ
676 2607 775 2693 ῥητοῦ
798 2615 920 2672 κεῖται·
944 2605 1051 2671 ἔκτισε
1072 2604 1183 2690 κύριος
1204 2605 1316 2672 καινὸν
1339 2605 1373 2672 ἐν
1394 2609 1435 2692 τῇ

209 2706 340 2793 θηλείᾳ.
384 2702 404 2792 ἡ
434 2707 470 2772 δὲ
497 2711 677 2772 κτισθεῖσα
703 2702 782 2792 ἡμῖν
811 2707 859 2783 είς
880 2704 1115 2791 καταφύτενμα
1135 2707 1315 2792 εσωτηρία,
1339 2705 1435 2794 καινὴ

208 2809 262 2872 καί
286 2801 325 2872 ού
347 2805 492 2885 παλαιά,
516 2802 595 2891 ἡμῖν
615 2832 653 2873 τε
674 2813 729 2872 καί
751 2801 789 2872 οῦ
812 2805 880 2892 πρὸ
902 2802 1004 2894 ἡμῶν,
1028 2799 1167 2892 ὓλησοῦς
1188 2805 1287 2887 ἐστιν,
1312 2802 1330 2872 ό
1352 2805 1437 2873 κατὰ

208 2905 266 2972 τὸν
289 2910 422 2993 σωτῆρα
442 2904 616 3000 γενόμενος
639 2903 831 2992 ἅνθρωπος,
856 2904 892 2984 ῦς
915 2903 1126 2992 ἑρμηνεύεται
1140 2909 1188 2993 πῇ
1203 2907 1263 2990 μὲν
1279 2913 1434 2993 σωτηρία,

210 3009 258 3093 πῇ
281 3008 318 3074 δὲ
341 3006 458 3093 σωτήρ.
505 3007 578 3073 ἔστι
599 3007 635 3072 δὲ
658 3006 692 3073 έκ
713 3010 772 3073 τοῦ
795 3011 943 3092 σωτῆρος
963 3003 982 3092 ἡ
1007 3013 1167 3092 σωτηρία,
1192 3005 1229 3073 ὃν
1251 3006 1377 3092 τρόπον
1401 3006 1436 3074 ἐκ

207 3109 266 3171 τοῦ
290 3107 403 3193 φωτὸς
426 3103 642 3195 ὁφωτισμός.
686 3103 707 3195 ἡ
730 3098 788 3175 οῦν
811 3106 845 3174 έκ
860 3109 918 3173 τοῦ
935 3108 1082 3192 σωτῆρος
1097 3113 1243 3191 σωτηρία
1256 3111 1436 3172 κτισθεῖσα

207 3203 318 3286 καινήν
348 3206 464 3282 καθὼς
493 3209 580 3292 λέγει
598 3203 768 3294 Ἱερεμίας,
793 3209 917 3275 ἔκτισεν
939 3201 1018 3292 ἡμῖν
1040 3213 1204 3292 σωτηρίαν
1226 3203 1354 3292 καινήν,
1378 3207 1433 3270 καί

209 3297 255 3378 ιός
272 3295 413 3378 Ἀκύλας
435 3311 552 3387 φησίν,
585 3306 695 3390 έκτισε
711 3308 823 3390 κύριος
844 3305 957 3373 καινόν
974 3305 1014 3372 ’ἐν
1037 3309 1075 3392 τῇ
1097 3307 1234 3392 θηλείᾳ,
1263 3309 1431 3372 τουτέστιν

208 3399 242 3467 έν
263 3402 303 3485 τῇ
326 3405 455 3485 Μαρίᾳ.
501 3395 678 3489 οὐδὲνγὰρ
702 3403 839 3491 ἐκτίσθη
861 3404 974 3471 καινὸν
998 3405 1033 3471 ἐν
1055 3409 1094 3492 τῇ
1117 3407 1253 3492 θηλείᾳ,
1278 3405 1308 3472 εί
1327 3403 1372 3492 μὴ
1393 3403 1432 3470 τὸ

65 3517 81 3571 Ἰ
124 3507 127 3512 ’
209 3499 244 3565 ἐκ
273 3502 331 3583 τῆς
353 3502 526 3582 παρθένου
552 3503 692 3582 Μαρίας
713 3504 831 3584 τεχθὲν
854 3503 931 3572 ἄνευ
953 3502 1130 3583 συνουσίας
1152 3504 1303 3592 κυριακὸν
1326 3507 1430 3601 στῦμα,

276 3701 299 3763 t)
319 3701 400 3751 tonna.
423 3701 461 3760 14,
480 3699 505 3750 υ.
575 3699 599 3760 κ)
618 3701 714 3753 σουλ.
735 3705 756 3762 ι,
778 3703 817 3754 ιε.
887 3661 1069 3766 ³›c0102{.1‚
1091 3683 1127 3758 1'5.
1181 3707 1431 3769 maumam.
1477 3693 1480 3700 ’

239 3865 260 3899 ε.
279 3851 319 3900 Sic
343 3865 401 3900 ωεε.
421 3851 521 3912 Seguer.
545 3857 568 3899 et
586 3851 642 3911 fleg.
667 3866 728 3914 ηιιοε
747 3853 792 3916 ipsi
845 3849 932 3923 ὁγὰρ
951 3843 1078 3921 ἑωρακὼς
1095 3850 1145 3904 νῦν
1162 3850 1281 3908 οίόνεῑε.
1318 3859 1432 3920 Numqui
1524 3865 1531 3876 ·

205 3918 315 3975 vidimus,
334 3924 406 3979 atque
424 3919 496 3976 etiam
515 3915 579 3965 editt.
616 3917 712 3966 Νιιίίτω
731 3933 793 3981 quo·
844 3923 905 3972 νίίιι
924 3924 1022 3984 Filium,
1042 3927 1104 3973 videt
1122 3931 1142 3974 et
1161 3926 1256 3974 Patrem.
1294 3925 1351 3972 ΙοιΙε
1370 3923 1432 3971 enim
1496 3927 1497 3932 ’

206 3998 252 4046 que
276 3983 315 4032 hic
340 3996 397 4032 mss.
416 3984 602 4047 discrepantiam
621 3985 690 4035 affert
708 3985 793 4035 Fetck-
846 3988 937 4039 εΙετοω
963 3998 1000 4040 est
1018 3991 1056 4040 hie
1074 3991 1219 4052 significari.
1238 3990 1298 4037 Fitio
1317 4003 1345 4036 ex
1364 3989 1433 4038 Ρειτε

205 4063 316 4098 mannus.
352 4049 460 4098 Nunnius
478 4051 515 4098 ιίυ
533 4051 597 4098 hunc
610 4048 689 4100 locum
700 4052 792 4102 reddit:
845 4056 949 4105 similem
968 4057 1029 4106 εάιο
1047 4056 1149 4116 storiam
1168 4064 1192 4102 et
1210 4055 1318 4102 virtutem
1338 4053 1433 4101 οεεεείν

205 4116 331 4164 mittat
350 4123 442 4165 αιίενκο
461 4129 491 4162 ευ
506 4115 571 4164 Patre
603 4119 663 4165 τοίω
680 4119 793 4180 ρτνᾳίο-
848 4126 988 4173 aeternitate
1006 4116 1120 4182 ςεοίίοω,
1139 4128 1165 4169 ut
1182 4120 1222 4182 qui
1241 4117 1326 4166 viderit
1337 4117 1432 4178 titium,

202 4183 241 4228 n‘a
258 4185 279 4228 et
294 4187 405 4244 ροίεειοτ.
446 4181 480 4227 λιι
499 4183 561 4230 torto
579 4129 603 4246 ό
620 4194 664 4242 pro
684 4175 795 4243 ύεΙεςε-
847 4187 931 4235 viderit
948 4187 1019 4236 simut
1040 4195 1063 4234 et
1082 4187 1184 4234 Patrem.

203 4241 257 4294 rit?
291 4245 341 4295 Νοε
359 4245 522 4296 invertimus
541 4249 609 4309 quasi
628 4233 651 4310 ὦ
667 4247 793 4308 legendum
881 4253 904 4300 b.
923 4243 1009 4298 αῦτὸν
1026 4243 1040 4295 ὁ
1060 4245 1165 4301 Παῦλος
1184 4249 1253 4297 abest
1270 4263 1283 4296 τ
1302 4249 1433 4299 θοίναν-,ει

205 4317 284 4360 esset:
303 4325 357 4359 nam
376 4325 404 4360 ex
423 4310 540 4374 particula
559 4305 596 4364 ὥς
613 4313 694 4361 nultus
714 4320 794 4363 rectus
846 4315 949 4366 Fetckm.
969 4317 987 4364 ί.
1006 4329 1078 4366 anon.

204 4389 301 4436 εεοεοε,
319 4385 345 4424 nt
364 4375 654 4438 nobisqutdemvidotur,
673 4377 793 4438 etictpot-
879 4397 899 4429 c.
918 4381 1019 4442 stenar.
1044 4381 1133 4429 omittit
1156 4370 1249 4444 είπσίν.
1294 4375 1391 4427 Gobter.
1410 4383 1433 4424 et

204 4449 248 4492 est.
283 4442 489 4492 Νοειτεωεαῑεω
508 4447 671 4492 coniecturam
690 4455 791 4505 nonpa·
843 4445 948 4494 Felctm.
976 4447 1094 4494 1.·εοοιι.
1124 4447 1217 4493 omisso
1242 4435 1327 4492 είσιόν
1345 4441 1433 4490 habent

204 4521 259 4557 rum
283 4509 426 4558 confirmant
449 4521 511 4572 ηονι
536 4509 696 4561 subiiciuntur
720 4509 791 4558 verba
843 4504 940 4567 ῦηλιῦν.
971 4511 998 4562 ln
1012 4513 1067 4576 ίίερ.
1087 4525 1131 4575 pro
1142 4503 1224 4569 δειλοί
1233 4512 1320 4574 tegitur
1332 4503 1429 4569 δηλοῦν.
