3226 5280
232 391 274 458 00
633 404 659 448 ε.
675 403 829 449 numm
843 403 1067 451 ιεεεῐενιεσονι
1113 417 1119 424 -

146 558 412 641 καυκοφαντίαν
435 545 522 618 εἶναι
541 549 663 638 ταύτην
684 546 753 618 κατ’
777 543 887 618 αύτοῦ.
931 549 1014 638 μήτε
1040 549 1101 636 γὰρ
1129 548 1271 637 ποιητὸν
1295 549 1458 638 εἰρηκέναι

231 654 288 722 τδν
310 652 391 732 υἱόν,
416 645 579 720 ἀλλὰκαὶ
601 647 779 736 ὁμοούσιον
794 647 894 717 αύτὸν
909 646 1082 735 ὁμολογεῖν
1097 649 1367 737 διεβεβαιώσατο.
1392 650 1459 734 ἔχει

231 756 267 824 δέ
290 749 391 822 αὐτοῦ
413 748 433 840 ἡ
456 753 543 833 λέξις
565 747 684 830 οὕτως·
706 751 762 818 καὶ
784 745 831 818 δι’
856 750 957 837 ἄλλης
978 751 1157 838 ἐπιστολῆς
1179 752 1326 839 ἔγραψα,
1350 751 1384 820 ἐν
1406 747 1458 832 οἷς

230 853 351 945 ἤλεγξε
377 853 434 922 καὶ
463 853 480 920 ὁ
510 858 735 940 προφέρουσιν
759 851 900 939 έγκλημα
920 846 989 920 κατ’
1014 851 1094 937 ἐμοῦ
1117 854 1242 938 ψεῦδος
1265 851 1319 934 δν,
1350 849 1395 933 ώς
1417 848 1456 920 ού

233 959 386 1043 λέγοντος
411 954 469 1022 τόν
490 952 638 1041 Χριστόν
667 948 844 1036 ὁμοσύσιον
873 947 959 1020 εἶναι
986 956 1033 1050 τῷ
1060 956 1143 1040 θεῷ.
1189 954 1218 1022 εί
1246 953 1307 1041 γάρ
1336 954 1392 1022 καὶ
1418 953 1459 1022 τὸ

148 1077 225 1124 Μαι.
237 1055 343 1141 ὄνομα
362 1053 462 1122 τοῦτό
484 1079 571 1142 φημι
592 1053 635 1138 μὴ
660 1047 828 1140 εύρηκέναι
848 1075 916 1120 που
937 1057 1005 1121 τών
1027 1049 1129 1139 άγίων
1150 1058 1297 1142 γραφῶν,
1321 1051 1406 1122 άλλά
1418 1077 1456 1140 γε

232 1159 276 1228 τόι
290 1154 528 1242 ἐπιχειρήματά
547 1177 612 1239 μου
633 1153 676 1220 τὰ
697 1154 779 1242 ἑξῆς,
804 1152 1078 1240 ῦσεσιωπήκασι,
1101 1157 1159 1239 τῆς
1174 1156 1323 1234 διανοίας
1337 1155 1459 1242 ταύτης

234 1255 292 1328 οῦκ
314 1255 446 1345 ἀπᾴδει.
490 1253 627 1340 καὶγὰρ
651 1249 868 1342 ἀνθρωπίνην
889 1255 986 1342 γονὴν
1008 1260 1203 1342 παρεθέμην
1225 1257 1324 1344 δῆλον
1340 1251 1386 1335 ώς
1400 1247 1458 1324 σῦ-

235 1385 295 1430 σαν
318 1357 472 1444 ὁμογενῆ,
497 1355 607 1443 φήσας
629 1355 763 1436 πάντως
784 1355 862 1435 τοὺς
882 1366 989 1442 γονεῖς
1009 1356 1111 1441 μόνον
1133 1356 1263 1441 ἑτέρους
1285 1351 1456 1424 εἶναιτῶν

233 1467 363 1539 τέκνων,
387 1453 440 1524 ὁτι
460 1455 505 1543 μὴ
528 1451 624 1524 αῦτοὶ
646 1452 710 1524 είεν
731 1455 773 1524 τά
793 1463 898 1533 τέκνα,
920 1451 942 1546 ἢ
962 1457 1044 1543 μήτε
1064 1467 1171 1544 γονεῖς
1194 1452 1370 1543 ἀναγκαῖον
1392 1453 1458 1526 ὁπ·

234 1559 332 1646 άρχον,
360 1553 446 1626 είναι
472 1555 555 1644 μήτε
582 1563 687 1624 τέκνα.
730 1555 787 1624 καλ
813 1556 872 1644 τὴν
898 1559 958 1641 μέν
988 1557 1181 1646 ἐπιστολήν,
1211 1553 1257 1636 ώς
1278 1569 1455 1644 προεῖπον,
1483 1607 1485 1612 ,

234 1658 291 1728 διὰ
311 1658 372 1739 τὰς
393 1657 607 1744 περιστάσεις
629 1655 687 1725 οόκ
706 1655 769 1742 έχω
790 1665 1011 1746 προκομίσαι·
1033 1657 1115 1728 ἐἶδ’
1138 1649 1207 1740 οῦν,
1231 1654 1315 1726 αύτά
1337 1683 1393 1728 σοι
1412 1659 1456 1728 τά

232 1760 310 1828 τότε
337 1760 480 1850 ῥήματα,
509 1761 634 1845 μᾶλλον
663 1761 700 1827 δέ
726 1757 783 1826 καί
804 1758 937 1846 λπάσης
959 1754 999 1827 ἂν
1022 1759 1161 1846 ἐπεμψα
1181 1759 1220 1827 τό
1243 1754 1454 1849 όντίγραφον,

122 1865 140 1880 “
234 1859 318 1950 ὁπερ
341 1857 381 1930 ῦν
403 1855 587 1949 εύπορήσω,
610 1859 752 1947 ποιήσω.
783 1855 861 1929 οίδα
880 1863 917 1930 δέ
936 1861 994 1928 καὶ
1013 1867 1181 1949 μέμνημαι
1201 1863 1342 1929 πλείονα
1356 1883 1459 1946 προς-

233 1963 311 2043 θεὶς
345 1965 411 2029 τών
440 1964 601 2058 συγγενῶν
630 1957 842 2046 ὁμοιώματα·
878 1966 932 2030 καί
959 1962 1020 2048 γάρ
1047 1962 1103 2030 καὶ
1131 1961 1235 2050 φυτὸν
1265 1957 1361 2030 είπον
1389 1957 1459 2030 άπὸ

235 2071 425 2150 σπέρματος
445 2055 467 2148 ἢ
489 2056 559 2129 άπὸ
580 2058 670 2150 ῥίζης
691 2057 834 2130 ἀνελθὸν
856 2064 966 2147 ἕτερον
989 2059 1075 2130 εἶνάι
1095 2067 1154 2130 τοῦ
1170 2059 1252 2130 ὅθεν
1268 2062 1457 2148 ἐβλάστησε,

234 2163 291 2233 καί
308 2162 447 2241 πάντως
470 2161 581 2248 ἐκείνην
602 2167 804 2251 καθέστηκεν
826 2159 988 2249 όμοφυές·
1017 2162 1073 2230 καὶ
1094 2163 1247 2248 ποταμόν
1270 2158 1366 2230 είπον
1388 2158 1458 2228 άπὸ

234 2267 341 2352 πηγῆς
374 2265 492 2350 ῥέοντα
524 2263 634 2347 ἕτερον
669 2259 774 2348 όνομα
804 2263 1053 2350 μετειληφέναι·
1085 2262 1167 2351 μήτε
1188 2262 1249 2349 γάρ
1271 2262 1330 2350 τὴν
1351 2261 1458 2350 πηγὴν

234 2364 388 2450 ποταμὸν
409 2363 492 2450 μήτε
512 2362 570 2429 τὸν
591 2363 746 2448 ποταμόν
767 2360 874 2451 πηγὴν
896 2363 1055 2447 λέγεσθαι
1075 2368 1129 2429 καί
1153 2357 1326 2450 ἀμφότερα
1350 2360 1459 2450 ῦπάρ·

232 2491 311 2550 χειν,
333 2463 469 2532 καὶτὸν
490 2460 645 2546 ποταμόν
667 2459 811 2531 εἶναιτὸ
834 2463 868 2530 ἐκ
888 2465 947 2550 τῆς
968 2465 1074 2550 πηγῆς
1096 2460 1196 2549 ὕδωρ.

155 2573 159 2581 ’
319 2572 370 2634 26.
407 2561 483 2632 Ὅτι
505 2564 541 2632 δέ
563 2557 602 2630 οῦ
625 2569 756 2652 ποίημα
777 2557 853 2630 σόδέ
867 2569 996 2647 «κτίσμα
1018 2559 1036 2630 ό
1057 2567 1115 2630 τοῦ
1137 2566 1221 2630 θεοῦ
1243 2562 1350 2647 λόγος,
1373 2557 1458 2630 ἀλλὰ

235 2668 323 2736 ῖδιον
344 2667 420 2752 ’τῆς
441 2667 500 2730 τοῦ
521 2662 650 2750 πατρὸς
671 2658 787 2744 οὐσίας
808 2669 949 2752 γέννημα
971 2661 1157 2750 ἀδιαίρετόν
1180 2663 1278 2744 ἐστιν,
1303 2660 1348 2742 ώς
1364 2663 1459 2749 ἐγρα·

183 2819 190 2830 ,
234 2780 300 2854 ψεν
320 2763 340 2854 ἡ
362 2763 485 2852 μεγάλη
508 2763 661 2843 σύνοδος,
694 2763 765 2831 ίδοὺ
792 2764 848 2831 καὶ
870 2761 888 2831 ὁ
910 2769 969 2851 τῆς
988 2762 1109 2853 Ῥώμης
1131 2765 1315 2844 ἐπίσκοπος
1336 2762 1459 2832 Διονύ-

235 2890 317 2946 σιος,
340 2865 477 2954 γράφων
498 2864 582 2932 κατὰ
602 2867 670 2932 τιῦν
683 2864 725 2932 τὰ
746 2868 825 2932 ’τοῦ
839 2867 1021 2951 Σαβελλίου
1036 2867 1254 2954 φρονούντων,
1278 2864 1459 2948 σχετλιάζει
1532 2869 1536 2877 ’

234 2965 318 3034 κατά
343 2969 410 3034 τών
437 2969 542 3034 ταῦτα
569 2965 766 3049 τολμώντων
789 2967 893 3053 λέγειν
914 2973 972 3034 καί
992 2989 1093 3054 φησιν
1116 2964 1237 3046 οῦτως·
1266 2967 1339 3054 ἑξῆς
1361 2963 1393 3032 δ’
1418 2959 1458 3032 ἂν

185 3094 189 3100 ’
237 3067 369 3146 εέκότως
392 3068 521 3153 λέγοιμι
534 3069 588 3135 καί
603 3065 689 3152 πρὸς
710 3067 938 3152 ’διαιροῦντας
952 3067 1008 3134 καὶ
1021 3073 1281 3152 κατατέμνοντας
1294 3066 1351 3134 καὶ
1365 3062 1458 3133 άναι·

235 3171 375 3254 ροῦντας
394 3167 435 3233 τὸ
458 3165 658 3252 σεμνότατον
680 3166 826 3255 κη’ρυγμα
848 3169 907 3256 τῆς
928 3167 1097 3255 ἐκκλησίας
1117 3170 1176 3234 τοῦ
1195 3171 1290 3258 θεοῦ,
1314 3166 1373 3252 τὴν
1396 3191 1458 3251 μο-

235 3273 379 3353 ναρχίαν,
404 3267 451 3344 είς
470 3265 568 3365 τρεῖς
582 3267 737 3351 δυνάμεις
758 3267 851 3346 τινάς
863 3266 919 3334 καὶ
932 3272 1171 3351 μεμερισμένας
1185 3261 1389 3344 ὑποστάσεις
1402 3265 1459 3334 καὶ

234 3366 400 3453 θεότητας
427 3375 533 3450 τρεῖς·
562 3373 739 3450 πέπυσμαι
766 3367 827 3454 γάρ
850 3361 937 3433 ελναί
956 3391 1049 3444 τινας
1070 3369 1136 3433 τών
1158 3361 1236 3451 παρ’
1254 3362 1337 3450 ’ύμῖν
1359 3391 1458 3452 κατη-

233 3466 378 3552 χούντων
405 3463 461 3531 καὶ
489 3463 711 3533 διδασκόντων
738 3465 796 3533 τόν
823 3469 920 3534 θεῖον
948 3465 1045 3552 λόγον
1072 3467 1191 3555 ταύτης
1212 3463 1380 3554 ῦφηγητάς
1400 3470 1459 3552 τῆς

236 3566 444 3656 φρονήσεως·
474 3567 509 3630 οἳ
535 3563 619 3630 κατὰ
646 3565 836 3651 διάμετρον,
867 3563 912 3646 ώς
940 3567 1022 3646 ἐπος
1043 3567 1167 3648 εἰπεῖν,
1198 3562 1396 3634 άντίκεινται
1417 3570 1457 3653 τῇ

235 3667 416 3754 Σαβελλίου
438 3663 558 3754 γνώμη.
606 3660 623 3728 ὁ
644 3667 705 3750 μὲν
726 3665 788 3753 γὰρ
808 3669 996 3755 βλαςφημεῖ
1017 3663 1116 3733 αὐτόν
1137 3667 1194 3734 τὸν
1216 3666 1288 3732 υίὸν
1306 3663 1391 3734 εἶναι
1405 3669 1458 3734 λέ-

228 3767 301 3854 γων
322 3766 380 3832 τόν
402 3771 532 3850 πατέρα
553 3763 608 3832 καὶ
631 3765 774 3849 ἔμπαλιν
780 3815 789 3846 ,
813 3767 846 3832 οί
868 3769 904 3834 δέ
925 3777 1014 3852 τρεῖς
1035 3766 1137 3846 θεοὺς
1157 3767 1283 3854 τρόπον
1306 3767 1380 3837 τινὰ
1402 3793 1458 3856 κη-

235 3867 424 3954 ρύττουσιν,
455 3866 503 3944 είς
523 3875 612 3952 τρεῖς
634 3862 835 3946 ῦποστάσεις
857 3869 949 3946 ξένας
971 3862 1119 3954 ἀλλήλων
1141 3867 1339 3936 παντάπασι
1359 3893 1459 3958 κεχω·

234 3971 391 4052 ρισμένας
413 3965 616 4050 διαιροῦντες
637 3967 695 4056 τὴν
718 3964 813 4054 ἁγίαν
833 3967 971 4052 μονάδα.
1015 3965 1171 4057 ἡνῶσθαι
1191 3970 1252 4058 γὰρ
1275 3967 1394 4057 άνάγκη
1410 3971 1457 4055 τῷ

234 4069 307 4154 θεῷ
340 4067 406 4131 τών
442 4061 528 4132 ὁλων
555 4066 613 4132 τὸν
640 4075 738 4136 θεῖον
767 4069 878 4156 λόγον·
913 4070 1152 4157 έμφιλοχωρεῒν
1182 4073 1286 4156 δέτηῖ
1308 4074 1380 4156 θεηῖ
1402 4071 1456 4136 καί

235 4165 471 4234 ἐνδιαιτᾶσθαι
493 4167 544 4232 δεῖ
565 4163 604 4230 τὸ
625 4163 720 4250 ἅγιον
742 4173 887 4252 πνεῦμα·
909 4168 971 4256 ἤδη
993 4173 1048 4237 καὶ
1069 4169 1127 4256 τὴν
1148 4175 1248 4236 θείαν
1269 4169 1388 4253 τριάδα
1410 4169 1458 4249 είς

235 4266 300 4345 ένα,
325 4262 435 4352 ώςπερ
459 4266 506 4344 είς
526 4265 672 4352 κορυφήν
694 4292 782 4346 τινα,
812 4268 868 4334 τόν
889 4267 973 4336 θεὸν
994 4271 1062 4334 τών
1085 4265 1170 4334 ὅλων
1192 4267 1249 4334 τόν
1272 4271 1457 4356 παντοκρά-

267 4531 289 4566 ε.
307 4509 360 4566 εδδΙ
381 4505 446 4576 οῦν,
470 4519 557 4584 supple
574 4506 664 4583 είχον,
691 4520 818 4570 commode
870 4521 926 4586 ηαίι
943 4520 1052 4570 videntur
1069 4535 1118 4570 non
1131 4521 1326 4572 animadvertisse
1335 4523 1456 4588 imerpre-

233 4583 342 4635 redditur
358 4601 493 4651 ριτνοιεαι
504 4589 616 4652 alioquin,
638 4593 662 4636 αι
671 4592 744 4650 ριῑει,
753 4587 818 4650 quod
869 4596 915 4648 m,
932 4601 1061 4651 ρετρετιοι
1072 4587 1143 4652 4λιι-τινε
1161 4587 1247 4654 locum,
1259 4597 1387 4642 τετιεεααῑ.
