3234 5282
229 311 292 378 ³78
628 326 654 368 ε.
670 325 825 370 numen
839 323 1065 370 ικιειεειεοοει

141 473 266 542 κακόν
288 467 471 559 ἠρνήσαντο
492 470 604 558 κόριον
624 469 814 556 καθήμενον
837 469 894 538 &aa
916 470 992 539 Ιτὸν
1020 469 1144 557 θρόνον
1166 474 1225 538 τοῦ
1247 475 1377 561 πατρὸς
1398 472 1458 546 αὖ-

141 575 287 642 ο.τικ.τοῦ
308 575 364 640 καλ
386 578 540 657 κρίνοντα
562 571 687 653 ζῶντας
707 573 762 638 καλ
784 571 931 658 νεκρούς,
956 571 1131 658 δυνήσεταί
1150 597 1203 652 τις
1224 572 1272 654 είς
1292 575 1457 662 βοήθειαν

228 674 520 744 ιέπικαλέσασθαέ
541 697 616 742 τινα
637 675 703 742 τῶν
725 675 782 740 νῦν
805 668 1064 761 ἀπατησάντων·
1086 679 1297 761 κρινομένους
1318 675 1380 762 γάρ
1401 683 1454 746 καὶ

227 772 347 856 αῦτσός
369 773 517 858 ὄψονται
534 773 590 843 καὶ
605 775 889 860 μεταμελομένους
902 768 954 862 έφ’
971 768 1023 853 οἷς
1037 768 1195 864 ἠδίκησαν
1210 774 1267 844 καὶ
1279 771 1454 866 ἠσέβησαν.

313 886 366 948 44.
414 881 527 946 Ταῦτα
546 867 614 962 πρὸ
636 879 695 942 τοῦ
716 877 816 962 ῥητοῦ
837 867 907 941 τῶν
925 879 1117 961 παροιμιῶν
1139 884 1222 958 τέως
1244 878 1453 966 διαλάβομεν,

227 979 437 1065 ἐνιστάμενοι
463 977 551 1064 πρὸς
579 975 639 1054 τάς
668 970 808 1062 ἀλόγους
836 975 871 1042 έν
897 976 1034 1062 καρδίας
1055 971 1164 1044 αῦτῶν
1185 981 1454 1064 μυθοπλαστίας,

227 1082 284 1150 ἰ’να
304 1080 436 1166 γνόντες
457 1075 503 1158 ὥς
525 1073 583 1161 οὐχ
604 1072 741 1163 ἁρμόζει
762 1078 867 1164 λέγειν
888 1083 1010 1163 κτίσμα
1031 1077 1090 1144 τόν
1111 1078 1184 1156 υἱὸν
1205 1084 1265 1148 τοῦ
1291 1085 1376 1150 θεοῦ
1391 1081 1456 1168 μά·

225 1188 319 1248 θωσι
338 1181 446 1258 καλῶς
468 1173 702 1264 ἀναγινώσκειν
723 1181 778 1246 καλ
801 1172 896 1245 αῦτοὶ
918 1177 957 1244 τό
980 1177 1014 1246 έν
1035 1188 1110 1258 ταῖς
1131 1189 1332 1267 παροιμίαις
1345 1182 1453 1272 ῥητόν,

226 1273 334 1368 ὀρθὴν
362 1279 435 1364 ἕχον
462 1281 517 1346 καί
549 1272 630 1346 αῦτὸ
652 1279 711 1368 τὴν
733 1279 893 1347 διάνοιαν.
940 1285 1124 1366 γέγραπται
1149 1283 1209 1363 μέν
1234 1283 1312 1369 γάρ·
1346 1285 1456 1371 κύριος

227 1381 335 1458 έκτισέ
356 1405 397 1464 με
419 1374 519 1467 ἀρχὴν
542 1375 629 1448 ὁδῶν
652 1375 753 1448 αῦτοῦ
776 1380 824 1460 είς
846 1381 924 1467 ἔργα
946 1374 1093 1460 drow-
1116 1376 1185 1448 ἀλλ’
1201 1381 1317 1468 ἐπειδὴ
1330 1407 1455 1470 παροι-

224 1488 302 1568 μίαι
329 1480 393 1550 είσλ
420 1483 473 1549 καλ
507 1482 748 1569 παροιμιωδιῦς
777 1481 910 1569 ἐλέχθη,
945 1477 985 1548 οῦ
1015 1480 1146 1570 δαίτην
1168 1481 1343 1568 πρόχειρον
1365 1485 1453 1562 λέξιν

226 1579 343 1661 άπλῶς
376 1579 481 1662 οὕτως
509 1581 738 1669 ἐκλαμβάνειν,
768 1576 870 1649 ’ἀλλὰ
896 1581 936 1649 τὸ
957 1580 1139 1669 πρόςωπον
1162 1583 1267 1670 ζητεῖν
1289 1585 1343 1650 καὶ
1366 1579 1452 1649 οῦτω

225 1677 293 1770 μετ’
319 1677 488 1771 εὐσεβείας
516 1682 574 1750 τόν
596 1686 672 1750 νοῦν
695 1681 893 1771 ἐφαρμόζειν
916 1678 1015 1770 αῦτῷ.
1052 1683 1095 1750 τὰ
1116 1683 1177 1770 γὰρ
1200 1683 1233 1752 έν
1255 1689 1454 1770 παροιμίαις

226 1784 387 1874 λεγόμενα
409 1782 467 1855 οῦκ
488 1785 522 1854 έκ
543 1787 686 1873 φανεροῦ
702 1785 839 1869 λέγεται,
863 1779 949 1852 ἀλλὰ
963 1789 1188 1872 κεκρυμμένως
1202 1779 1452 1871 ἀπαγγέλλεται,

227 1884 273 1968 ὥς
301 1883 401 1968 αῦτδς
422 1884 460 1956 ‘o‘
487 1884 599 1972 κόριος
627 1883 774 1964 ἐδίδαξεν
804 1884 839 1952 έν
860 1889 907 1973 τῷ
930 1886 1013 1954 κατὰ
1032 1880 1182 1974 Ἰωάννην
1204 1881 1379 1974 εὐαγγελίῳ
1402 1885 1455 1952 λέ-

89 2075 95 2082 ,
225 2010 308 2076 γων·
337 1993 441 2056 ταῦτα
468 1985 501 2053 έν
523 1991 722 2073 παροιμίαις
744 1984 906 2074 λελάληκα
927 1983 1021 2073 ῦμίν,
1046 1981 1115 2053 ἀλλ’
1140 1987 1267 2072 ἔρχεται
1290 1983 1375 2072 ὥρα,
1400 1982 1487 2054 ότι·
1600 2001 1601 2066 ζ

226 2084 337 2176 οόκέτμ
356 2088 391 2155 έν
412 2093 611 2172 παροιμίαις
632 2086 765 2173 λαλήσω
780 2082 867 2172 ὑμῖν,
892 2082 977 2153 ἀλλὰ
989 2088 1203 2174 παῤῥησίηι’).
1235 2083 1351 2155 οόκοῦν
1367 2082 1455 2155 άπα-

223 2185 401 2256 κσλόπτειν
421 2186 481 2273 χρὴ
504 2185 562 2254 τόν
585 2190 662 2254 νοῦν
683 2191 742 2256 τοῦ
763 2190 873 2276 ῥητοῦ,
898 2183 944 2266 ὡς
963 2193 1181 2274 κεκρυμμένον
1202 2213 1240 2255 τε
1260 2191 1378 2256 τοῦτον
1400 2189 1454 2278 ζη-

224 2299 293 2359 τεῖν
320 2287 377 2356 καλ
402 2288 448 2374 μὴ
477 2283 523 2366 ὥς
551 2287 586 2354 έν
614 2290 785 2377 παῤῥησίᾳ
807 2289 976 2376 εἰρημένον
998 2282 1115 2368 ἀπλιῦς
1137 2288 1368 2375 ἐκλαμβάνειν,
1398 2289 1454 2356 ἵνα

94 2437 97 2444 »
223 2390 269 2476 μὴ
298 2387 833 2478 παρεξηγοόμενοιπλανηθῶμεν
862 2384 933 2456 ἀπὸ
960 2390 1019 2477 τῆς
1046 2382 1217 2476 ἀληθείας.
1255 2389 1285 2456 εὶ
1311 2391 1372 2474 μέν
1394 2378 1451 2456 οόν

224 2495 302 2577 περὶ
332 2486 467 2576 ἀγγέλου
494 2483 516 2578 ἢ
546 2489 658 2576 ἑτέρου
686 2490 777 2570 τινὸς
797 2493 864 2558 τῶν
887 2491 1046 2577 ογενητιῦν
1069 2488 1141 2556 ἐστι
1160 2488 1201 2556 τό
1222 2495 1451 2576 γεγραμμένον,

114 2607 120 2619 ’
225 2589 271 2672 ιός
290 2594 370 2678 περὶ
392 2587 466 2669 ἑνός
487 2586 580 2678 ἡμῶν
601 2594 667 2659 τῶν
690 2592 887 2680 ποιημάτων
910 2590 995 2658 ἔστω
1018 2587 1192 2676 λεγόμενον
1212 2589 1253 2656 τό
1275 2590 1382 2658 έκτιοέ
1395 2611 1452 2674 με·

224 2693 254 2762 ελ
276 2694 312 2761 δὲ
333 2688 353 2780 ἡ
375 2697 482 2779 σοφία
504 2695 563 2759 τοῦ
586 2695 671 2760 θεοῦ
695 2693 801 2774 έστιν,
825 2691 859 2759 έν
881 2681 903 2780 ᾗ
924 2690 1101 2758 πάντατά
1120 2690 1238 2777 γενητὰ
1261 2689 1455 2778 δεδημιούρ-

223 2818 335 2881 γηται,
359 2788 378 2881 ἡ
400 2791 497 2878 ’περὶ
517 2793 635 2882 ἑαυτῆς
656 2795 813 2881 λέγουσα,
841 2800 876 2860 τί
897 2794 1058 2860 δεῖνοείν
1079 2784 1101 2877 ἢ
1123 2786 1178 2858 ότι
1198 2789 1237 2858 τό
1259 2791 1367 2860 έκτισε
1388 2790 1455 2879 φά-

97 2907 104 2918 ·
225 2915 349 2962 σκουσα
370 2888 429 2962 οόκ
450 2893 598 2963 ἐναντίον
620 2897 667 2982 τῷ
690 2895 839 2983 ἐγέννησε
860 2895 956 2980 λέγει,
979 2887 1059 2960 οῦδὲ
1077 2887 1123 2970 ὥς
1137 2891 1377 2980 ἒπιλαθομένη,
1401 2887 1454 2960 ότι

223 2993 378 3076 κτίζουσά
400 2995 550 3066 ἐστικαὶ
571 2994 778 3083 δημιουργός,
802 2989 823 3083 ἢ
845 2990 1010 3082 ἀγνοοῦσα
1030 2991 1090 3078 τὴν
1113 2992 1280 3082 διαφορὰν
1301 2996 1361 3060 τοῦ
1383 2999 1452 3060 κτί-

224 3095 337 3178 ζοντος
365 3099 418 3164 καὶ
446 3100 513 3165 τῶν
541 3095 730 3180 κτισμάτων
753 3096 787 3164 έν
808 3107 881 3176 τοῖς
904 3103 1079 3180 κτίσμασιν
1101 3092 1219 3180 ἑαυτὴν
1241 3099 1452 3182 συναριθμεῐ,

224 3192 309 3266 ἀλλά
330 3222 406 3264 τινα
427 3200 519 3277 νοῦν,
543 3193 589 3276 ιός
611 3197 646 3264 έν
667 3204 883 3282 παροιμίαις,
908 3191 946 3264 οῦ
969 3195 1155 3281 παρρησίᾳ,
1178 3201 1395 3280 κεκρυμμένον
1418 3195 1454 3262 δὲ

224 3303 393 3386 σημαίνει,
417 3295 454 3364 ὃν
476 3308 550 3376 τοῖς
569 3299 630 3382 μὲν
653 3293 762 3383 ἁγίοις
783 3297 916 3365 ένέπνεε
938 3293 1176 3382 προφητεύειν,
1199 3289 1302 3382 ἀῦτη
1326 3295 1362 3362 δὲ
1381 3289 1450 3379 μετ’

225 3394 320 3485 δλίγα
341 3399 377 3466 ἐκ
397 3397 612 3484 παραλλήλου
634 3396 674 3464 τὸ
696 3398 822 3465 ἔκτισεν
844 3397 879 3464 ἐν
901 3397 1028 3481 ἑτέραις
1043 3395 1152 3476 λέξεσι
1166 3394 1374 3480 σημαίνουσά
1388 3417 1452 3482 φη-

224 3521 294 3568 σιν·
316 3495 336 3589 ἡ
361 3505 466 3587 σοφία
488 3493 698 3586 ᾠκοδόμησεν
721 3497 826 3583 ἑατπῇ
841 3491 982 3578 οἶκον’),·
1015 3497 1114 3584 δῆλον
1137 3497 1173 3564 δέ
1196 3495 1285 3564 έστιν
1301 3493 1392 3566 ολκον
1407 3490 1453 3564 ελ·

224 3625 279 3669 ναι
300 3603 358 3686 τῆς
381 3605 505 3687 σοφίας
525 3598 566 3665 τὸ
587 3595 744 3685 ἡμέτερον
759 3600 865 3681 σῶμα,
890 3593 974 3684 όπερ
990 3593 1164 3683 ἀναλαβὼν
1178 3603 1308 3682 γέγονεν
1320 3597 1454 3684 ἀνθρω-

224 3721 305 3782 πσς·
335 3703 390 3768 καὶ
419 3699 554 3780 είκότως
575 3697 669 3785 παρὰ
689 3699 749 3782 μέν
768 3693 918 3766 Ἰωάννου
940 3699 1083 3784 λέγεται·
1098 3693 1137 3774 ,δ
1160 3697 1258 3783 λόγος
1280 3697 1365 3786 σὰρξ
1384 3696 1452 3784 έγέ-

225 3805 346 3883 νετυἿ,
370 3800 427 3870 διὰ
449 3801 486 3868 δὲ
507 3802 724 3883 ΙΙΣολομῶνος
745 3797 827 3886 περὶ
847 3797 965 3887 ἑαυτῆς
985 3793 1005 3885 ἡ
1029 3799 1241 3892 σοφίαμετὰ
1262 3796 1453 3887 παρατηρή-

295 3989 318 4050 ι)
337 3990 404 4042 mv.
422 3990 449 4050 ε,
467 3989 507 4040 οε.
577 3988 603 4048 ι)
621 3989 687 4040 ιο...
709 3989 748 4051 ω,
767 3989 807 4040 τε.
878 3989 903 4044 ε)
922 3989 991 4040 νων.
1009 3987 1034 4048 ο,
1055 3989 1078 4038 ι.
1147 3989 1172 4050 ι)
1191 3990 1256 4040 ωτι.
1279 3988 1300 4050 ι,
1322 3989 1361 4038 ιι.
1434 3951 1437 3958 ’

258 4142 280 4175 ι.
300 4126 356 4188 λος.
370 4133 394 4176 ει
405 4125 509 4174 Felckm.
527 4125 550 4174 5.
568 4115 613 4174 δαὶ
630 4123 680 4176 τοῦ
698 4116 811 4193 θρόνου.
864 4117 975 4172 λιίσθιιί
990 4135 1065 4172 τινα·
1083 4119 1261 4190 κρινομένους
1270 4113 1326 4188 γάρ
1335 4130 1382 4182 ιτα,
1406 4121 1455 4170 lbi-

225 4195 323 4254 saner.
342 4191 400 4243 ibid.
418 4187 524 4260 πατρὸς
539 4185 646 4242 ἑαυτοῦ.
674 4193 813 4246 velam
864 4191 1033 4241 δεταίὶοοΙετ.
1053 4184 1458 4254 λἐίελαι.1.οιέ.κρινομίντυσ

225 4251 330 4314 ἀετός.
365 4259 410 4310 Ani
429 4268 452 4310 ιι
471 4261 527 4311 edili
546 4250 640 4309 αῦταῦ.
863 4251 919 4324 γάρ
938 4249 1043 4311 τόσσός.

243 4329 281 4384 λι.
299 4329 399 4391 Smer.
412 4319 811 4404 ιλΐαΙελαιΑίπικαλέσασβαι.
837 4341 842 4350 ·
900 4343 921 4376 ε.
940 4325 1039 4377 Gobler.
1064 4332 1088 4373 ει
1113 4321 1218 4372 Felckm.
1238 4323 1261 4372 ¹.
1286 4310 1356 4368 ἀλλὰ
1373 4314 1455 4388 πρός-

225 4395 317 4447 ΙΙιίδεω
335 4397 434 4459 δεςαετ.
454 4405 478 4446 τι
496 4395 584 4459 Regius
601 4391 659 4443 νῦν
675 4391 726 4442 νῦν
744 4406 813 4442 απα-
864 4405 949 4441 ιιτιαν,
1302 4445 1311 4464 ο

226 4456 376 4525 σητάνειον.
413 4463 486 4514 Enii.
502 4463 569 4525 λορΙ.
589 4461 688 4514 ίίαίιίετ.
707 4461 812 4511 λέΙιλῐο.
898 4459 922 4510 δ.
941 4459 1039 4510 ῦοίιλω.
1057 4464 1082 4506 ει
1098 4453 1203 4504 θτΙιλοι.
1215 4455 1236 4504 l.
1255 4445 1454 4520 όταριαςέφη·

228 4531 249 4582 1.
260 4539 283 4582 ιι
293 4532 316 4582 α.
335 4527 392 4579 ταῖν
410 4523 617 4594 ἀποικησάντων.
643 4529 705 4581 Εδίιί
723 4520 813 4579 luun-
865 4523 953 4576 ταῦτα
975 4517 1006 4576 ίν
1028 4516 1197 4590 παροιμίαις.
1233 4521 1294 4574 ibid.
1312 4523 1454 4586 δτςαετίειι.
