<?xml version="1.0" encoding="UTF-8"?>
<!DOCTYPE html PUBLIC "-//W3C//DTD XHTML 1.0 Transitional//EN"
    "http://www.w3.org/TR/xhtml1/DTD/xhtml1-transitional.dtd">
<html xmlns="http://www.w3.org/1999/xhtml" xml:lang="en" lang="en">
 <head>
  <title>
</title>
<meta http-equiv="Content-Type" content="text/html;charset=utf-8" />
  <meta name='ocr-system' content='tesseract 3.04.00' />
  <meta name='ocr-capabilities' content='ocr_page ocr_carea ocr_par ocr_line ocrx_word'/>
</head>
<body>
  <div class='ocr_page' id='page_1' title='image "./sanctiathanasii00athagoog_0488.png"; bbox 0 0 3250 5292; ppageno 0'>
   <div class='ocr_carea' id='block_1_1' title="bbox 552 337 1391 445">
    <p class='ocr_par' dir='ltr' id='par_1_1' title="bbox 552 337 1391 445">
     <span class='ocr_line' id='line_1_1' title="bbox 552 337 1391 445; baseline 0.013 -11"><span class='ocrx_word' id='word_1_1' title='bbox 552 389 660 436; x_wconf 76' lang='lat' dir='ltr'><strong>onerro</strong></span> <span class='ocrx_word' id='word_1_2' title='bbox 673 391 707 436; x_wconf 87' lang='lat' dir='ltr'><strong>rr.</strong></span> <span class='ocrx_word' id='word_1_3' title='bbox 723 337 992 436; x_wconf 71' lang='lat' dir='ltr'><strong>ocurnlrrunoe.</strong></span> <span class='ocrx_word' id='word_1_4' title='bbox 1327 381 1391 445; x_wconf 76' lang='lat'><strong>443</strong></span> 
     </span>
    </p>
   </div>
   <div class='ocr_carea' id='block_1_2' title="bbox 159 497 1477 622">
    <p class='ocr_par' dir='ltr' id='par_1_2' title="bbox 159 497 1477 622">
     <span class='ocr_line' id='line_1_2' title="bbox 159 497 1477 622; baseline 0.005 -18"><span class='ocrx_word' id='word_1_5' title='bbox 159 543 252 606; x_wconf 70' lang='lat' dir='ltr'><strong>versu</strong></span> <span class='ocrx_word' id='word_1_6' title='bbox 274 543 370 605; x_wconf 65' lang='lat' dir='ltr'><strong>tneor</strong></span> <span class='ocrx_word' id='word_1_7' title='bbox 390 497 522 604; x_wconf 65' lang='lat' dir='ltr'><strong>rourum</strong></span> <span class='ocrx_word' id='word_1_8' title='bbox 544 559 622 604; x_wconf 71' lang='lat' dir='ltr'><strong>uso.</strong></span> <span class='ocrx_word' id='word_1_9' title='bbox 666 541 699 603; x_wconf 85' lang='lat' dir='ltr'><strong>u</strong></span> <span class='ocrx_word' id='word_1_10' title='bbox 720 542 834 621; x_wconf 71' lang='lat' dir='ltr'><strong>opum</strong></span> <span class='ocrx_word' id='word_1_11' title='bbox 855 541 1039 620; x_wconf 62' lang='lat' dir='ltr'><strong>munusue</strong></span> <span class='ocrx_word' id='word_1_12' title='bbox 1060 543 1237 622; x_wconf 74' lang='lat' dir='ltr'><strong>spostolus,</strong></span> <span class='ocrx_word' id='word_1_13' title='bbox 1261 565 1328 609; x_wconf 77' lang='lat' dir='ltr'><strong>eum</strong></span> <span class='ocrx_word' id='word_1_14' title='bbox 1350 548 1477 610; x_wconf 76' lang='lat' dir='ltr'><strong>suem.</strong></span> 
     </span>
    </p>
   </div>
   <div class='ocr_carea' id='block_1_3' title="bbox 141 633 1509 3759">
    <p class='ocr_par' dir='ltr' id='par_1_3' title="bbox 141 633 1509 3759">
     <span class='ocr_line' id='line_1_3' title="bbox 161 633 1392 730; baseline 0.002 -23"><span class='ocrx_word' id='word_1_15' title='bbox 161 644 298 724; x_wconf 76' lang='lat' dir='ltr'>scripsit:</span> <span class='ocrx_word' id='word_1_16' title='bbox 332 643 572 708; x_wconf 68' lang='lat' dir='ltr'><strong>Fundamentum</strong></span> <span class='ocrx_word' id='word_1_17' title='bbox 598 633 686 706; x_wconf 77' lang='lat' dir='ltr'><strong>olrird</strong></span> <span class='ocrx_word' id='word_1_18' title='bbox 714 660 800 705; x_wconf 80' lang='lat' dir='ltr'><strong>neom</strong></span> <span class='ocrx_word' id='word_1_19' title='bbox 825 653 929 722; x_wconf 85' lang='lat' dir='ltr'><strong>potest</strong></span> <span class='ocrx_word' id='word_1_20' title='bbox 947 659 1066 722; x_wconf 82' lang='lat' dir='ltr'><strong>ponere</strong></span> <span class='ocrx_word' id='word_1_21' title='bbox 1085 657 1213 724; x_wconf 81' lang='lat' dir='ltr'><strong>praeter</strong></span> <span class='ocrx_word' id='word_1_22' title='bbox 1232 648 1279 720; x_wconf 84' lang='lat' dir='ltr'><strong>dd,</strong></span> <span class='ocrx_word' id='word_1_23' title='bbox 1312 649 1392 730; x_wconf 86' lang='lat' dir='ltr'><strong>quod</strong></span> 
     </span>
     <span class='ocr_line' id='line_1_4' title="bbox 155 740 1392 828; baseline 0.002 -20"><span class='ocrx_word' id='word_1_24' title='bbox 155 749 293 828; x_wconf 74' lang='lat' dir='ltr'><strong>peritius</strong></span> <span class='ocrx_word' id='word_1_25' title='bbox 325 755 382 815; x_wconf 85' lang='lat' dir='ltr'><strong>cst,</strong></span> <span class='ocrx_word' id='word_1_26' title='bbox 417 745 496 826; x_wconf 78' lang='lat' dir='ltr'><strong>quod</strong></span> <span class='ocrx_word' id='word_1_27' title='bbox 523 755 569 807; x_wconf 85' lang='lat' dir='ltr'><strong>est</strong></span> <span class='ocrx_word' id='word_1_28' title='bbox 597 742 686 805; x_wconf 75' lang='lat' dir='ltr'><strong>lesus</strong></span> <span class='ocrx_word' id='word_1_29' title='bbox 716 740 869 816; x_wconf 63' lang='lat' dir='ltr'><strong>Christus.</strong></span> <span class='ocrx_word' id='word_1_30' title='bbox 917 741 1128 824; x_wconf 67' lang='lat' dir='ltr'><strong>Unusquisque</strong></span> <span class='ocrx_word' id='word_1_31' title='bbox 1159 759 1258 810; x_wconf 85' lang='lat' dir='ltr'><strong>eutem</strong></span> <span class='ocrx_word' id='word_1_32' title='bbox 1290 751 1392 812; x_wconf 80' lang='lat' dir='ltr'><strong>vident</strong></span> 
     </span>
     <span class='ocr_line' id='line_1_5' title="bbox 159 843 1390 930; baseline 0.003 -20"><span class='ocrx_word' id='word_1_33' title='bbox 159 847 319 930; x_wconf 55' lang='lat' dir='ltr'><strong>monsedo</strong></span> <span class='ocrx_word' id='word_1_34' title='bbox 331 845 574 926; x_wconf 74' lang='lat' dir='ltr'><strong>superaedificet.</strong></span> <span class='ocrx_word' id='word_1_35' title='bbox 617 844 714 906; x_wconf 84' lang='lat' dir='ltr'><strong>Porro</strong></span> <span class='ocrx_word' id='word_1_36' title='bbox 737 859 861 904; x_wconf 87' lang='lat' dir='ltr'><strong>neeesse</strong></span> <span class='ocrx_word' id='word_1_37' title='bbox 883 850 940 915; x_wconf 80' lang='lat' dir='ltr'><strong>est,</strong></span> <span class='ocrx_word' id='word_1_38' title='bbox 963 849 997 904; x_wconf 87' lang='lat' dir='ltr'><strong>ut</strong></span> <span class='ocrx_word' id='word_1_39' title='bbox 1018 843 1076 904; x_wconf 84' lang='lat' dir='ltr'><strong>trle</strong></span> <span class='ocrx_word' id='word_1_40' title='bbox 1097 844 1390 922; x_wconf 68' lang='lat' dir='ltr'><strong>sitsuccessurum,</strong></span> 
     </span>
     <span class='ocr_line' id='line_1_6' title="bbox 159 943 1394 1029; baseline 0.002 -19"><span class='ocrx_word' id='word_1_41' title='bbox 159 947 257 1028; x_wconf 82' lang='lat' dir='ltr'><strong>quello</strong></span> <span class='ocrx_word' id='word_1_42' title='bbox 278 954 348 1008; x_wconf 87' lang='lat' dir='ltr'><strong>suut</strong></span> <span class='ocrx_word' id='word_1_43' title='bbox 368 963 444 1024; x_wconf 83' lang='lat' dir='ltr'><strong>qrrns</strong></span> <span class='ocrx_word' id='word_1_44' title='bbox 466 963 558 1024; x_wconf 85' lang='lat' dir='ltr'><strong>super</strong></span> <span class='ocrx_word' id='word_1_45' title='bbox 590 943 687 1024; x_wconf 89' lang='lat' dir='ltr'><strong>ipsum</strong></span> <span class='ocrx_word' id='word_1_46' title='bbox 716 943 926 1016; x_wconf 80' lang='lat' dir='ltr'><strong>aedificentur,</strong></span> <span class='ocrx_word' id='word_1_47' title='bbox 959 952 993 1006; x_wconf 89' lang='lat' dir='ltr'><strong>ut</strong></span> <span class='ocrx_word' id='word_1_48' title='bbox 1012 945 1099 1025; x_wconf 31' lang='lat' dir='ltr'><strong>‘inter</strong></span> <span class='ocrx_word' id='word_1_49' title='bbox 1127 963 1160 1007; x_wconf 91' lang='lat' dir='ltr'><strong>se</strong></span> <span class='ocrx_word' id='word_1_50' title='bbox 1182 949 1303 1025; x_wconf 79' lang='lat' dir='ltr'>possint</span> <span class='ocrx_word' id='word_1_51' title='bbox 1324 961 1394 1029; x_wconf 81' lang='lat' dir='ltr'><strong>epte</strong></span> 
     </span>
     <span class='ocr_line' id='line_1_7' title="bbox 159 1043 1393 1128; baseline 0.002 -18"><span class='ocrx_word' id='word_1_52' title='bbox 159 1066 336 1128; x_wconf 72' lang='lat' dir='ltr'><strong>congruere.</strong></span> <span class='ocrx_word' id='word_1_53' title='bbox 379 1045 466 1125; x_wconf 81' lang='lat' dir='ltr'><strong>Atqui</strong></span> <span class='ocrx_word' id='word_1_54' title='bbox 496 1054 530 1108; x_wconf 94' lang='lat' dir='ltr'><strong>ut</strong></span> <span class='ocrx_word' id='word_1_55' title='bbox 557 1043 686 1108; x_wconf 78' lang='lat' dir='ltr'><strong>vernum</strong></span> <span class='ocrx_word' id='word_1_56' title='bbox 713 1045 806 1117; x_wconf 77' lang='lat' dir='ltr'><strong>tales,</strong></span> <span class='ocrx_word' id='word_1_57' title='bbox 839 1044 934 1124; x_wconf 80' lang='lat' dir='ltr'><strong>qualis</strong></span> <span class='ocrx_word' id='word_1_58' title='bbox 961 1055 992 1108; x_wconf 89' lang='lat' dir='ltr'><strong>ct</strong></span> <span class='ocrx_word' id='word_1_59' title='bbox 1019 1046 1085 1126; x_wconf 88' lang='lat' dir='ltr'><strong>ipse</strong></span> <span class='ocrx_word' id='word_1_60' title='bbox 1113 1055 1175 1120; x_wconf 88' lang='lat' dir='ltr'><strong>est,</strong></span> <span class='ocrx_word' id='word_1_61' title='bbox 1209 1049 1259 1127; x_wconf 84' lang='lat' dir='ltr'><strong>qui</strong></span> <span class='ocrx_word' id='word_1_62' title='bbox 1291 1067 1393 1112; x_wconf 85' lang='lat' dir='ltr'><strong>seeum</strong></span> 
     </span>
     <span class='ocr_line' id='line_1_8' title="bbox 161 1143 1393 1228; baseline 0 -14"><span class='ocrx_word' id='word_1_63' title='bbox 161 1149 355 1221; x_wconf 80' lang='lat' dir='ltr'><strong>conveniant,</strong></span> <span class='ocrx_word' id='word_1_64' title='bbox 374 1147 489 1209; x_wconf 76' lang='lat' dir='ltr'><strong>hebere</strong></span> <span class='ocrx_word' id='word_1_65' title='bbox 510 1165 572 1208; x_wconf 88' lang='lat' dir='ltr'><strong>non</strong></span> <span class='ocrx_word' id='word_1_66' title='bbox 595 1153 711 1226; x_wconf 90' lang='lat' dir='ltr'><strong>potest,</strong></span> <span class='ocrx_word' id='word_1_67' title='bbox 734 1145 844 1226; x_wconf 87' lang='lat' dir='ltr'><strong>quippe</strong></span> <span class='ocrx_word' id='word_1_68' title='bbox 866 1165 933 1210; x_wconf 90' lang='lat' dir='ltr'><strong>com</strong></span> <span class='ocrx_word' id='word_1_69' title='bbox 955 1147 995 1209; x_wconf 88' lang='lat' dir='ltr'><strong>sit</strong></span> <span class='ocrx_word' id='word_1_70' title='bbox 1017 1143 1196 1228; x_wconf 81' lang='lat' dir='ltr'><strong>unigenitus.</strong></span> <span class='ocrx_word' id='word_1_71' title='bbox 1241 1150 1279 1212; x_wconf 79' lang='lat' dir='ltr'><strong>lt</strong></span> <span class='ocrx_word' id='word_1_72' title='bbox 1299 1151 1393 1214; x_wconf 84' lang='lat' dir='ltr'><strong>lectus</strong></span> 
     </span>
     <span class='ocr_line' id='line_1_9' title="bbox 160 1247 1395 1332; baseline 0.001 -19"><span class='ocrx_word' id='word_1_73' title='bbox 160 1253 253 1314; x_wconf 85' lang='lat' dir='ltr'><strong>homo</strong></span> <span class='ocrx_word' id='word_1_74' title='bbox 277 1248 389 1312; x_wconf 88' lang='lat' dir='ltr'><strong>similes</strong></span> <span class='ocrx_word' id='word_1_75' title='bbox 410 1248 509 1322; x_wconf 79' lang='lat' dir='ltr'><strong>hehet,</strong></span> <span class='ocrx_word' id='word_1_76' title='bbox 532 1265 660 1328; x_wconf 77' lang='lat' dir='ltr'><strong>qnorum</strong></span> <span class='ocrx_word' id='word_1_77' title='bbox 682 1247 820 1310; x_wconf 80' lang='lat' dir='ltr'><strong>videlieet</strong></span> <span class='ocrx_word' id='word_1_78' title='bbox 832 1247 961 1312; x_wconf 88' lang='lat' dir='ltr'><strong>similem</strong></span> <span class='ocrx_word' id='word_1_79' title='bbox 976 1267 1096 1314; x_wconf 80' lang='lat' dir='ltr'><strong>earnem</strong></span> <span class='ocrx_word' id='word_1_80' title='bbox 1111 1251 1262 1314; x_wconf 75' lang='lat' dir='ltr'><strong>assumsit.</strong></span> <span class='ocrx_word' id='word_1_81' title='bbox 1290 1251 1395 1332; x_wconf 77' lang='lat' dir='ltr'><strong>ltaque</strong></span> 
     </span>
     <span class='ocr_line' id='line_1_10' title="bbox 162 1349 1479 1434; baseline 0.002 -21"><span class='ocrx_word' id='word_1_82' title='bbox 162 1351 327 1414; x_wconf 70' lang='lat' dir='ltr'><strong>emendum</strong></span> <span class='ocrx_word' id='word_1_83' title='bbox 348 1359 494 1412; x_wconf 80' lang='lat' dir='ltr'><strong>nstmem</strong></span> <span class='ocrx_word' id='word_1_84' title='bbox 525 1349 685 1412; x_wconf 79' lang='lat' dir='ltr'><strong>humanum</strong></span> <span class='ocrx_word' id='word_1_85' title='bbox 718 1349 873 1424; x_wconf 82' lang='lat' dir='ltr'><strong>tundetur,</strong></span> <span class='ocrx_word' id='word_1_86' title='bbox 905 1359 939 1413; x_wconf 91' lang='lat' dir='ltr'><strong>ut</strong></span> <span class='ocrx_word' id='word_1_87' title='bbox 966 1359 997 1412; x_wconf 91' lang='lat' dir='ltr'><strong>et</strong></span> <span class='ocrx_word' id='word_1_88' title='bbox 1023 1371 1081 1413; x_wconf 90' lang='lat' dir='ltr'><strong>nos</strong></span> <span class='ocrx_word' id='word_1_89' title='bbox 1110 1361 1249 1432; x_wconf 73' lang='lat' dir='ltr'><strong>usqum</strong></span> <span class='ocrx_word' id='word_1_90' title='bbox 1278 1355 1479 1434; x_wconf 66' lang='lat' dir='ltr'><strong>lapidoso-⁵⁴2</strong></span> 
     </span>
     <span class='ocr_line' id='line_1_11' title="bbox 161 1449 1391 1533; baseline 0.002 -19"><span class='ocrx_word' id='word_1_91' title='bbox 161 1452 290 1533; x_wconf 73' lang='lat' dir='ltr'><strong>pretiosi</strong></span> <span class='ocrx_word' id='word_1_92' title='bbox 313 1469 407 1532; x_wconf 87' lang='lat' dir='ltr'><strong>snper</strong></span> <span class='ocrx_word' id='word_1_93' title='bbox 425 1451 525 1530; x_wconf 89' lang='lat' dir='ltr'><strong>ipsum</strong></span> <span class='ocrx_word' id='word_1_94' title='bbox 546 1449 694 1514; x_wconf 75' lang='lat' dir='ltr'><strong>aedificem</strong></span> <span class='ocrx_word' id='word_1_95' title='bbox 716 1450 880 1530; x_wconf 85' lang='lat' dir='ltr'><strong>possimus,</strong></span> <span class='ocrx_word' id='word_1_96' title='bbox 904 1460 934 1512; x_wconf 88' lang='lat' dir='ltr'><strong>et</strong></span> <span class='ocrx_word' id='word_1_97' title='bbox 955 1452 1098 1532; x_wconf 91' lang='lat' dir='ltr'><strong>templum</strong></span> <span class='ocrx_word' id='word_1_98' title='bbox 1120 1453 1283 1516; x_wconf 83' lang='lat' dir='ltr'><strong>efficiemur</strong></span> <span class='ocrx_word' id='word_1_99' title='bbox 1297 1456 1391 1518; x_wconf 76' lang='lat' dir='ltr'><strong>saneti</strong></span> 
     </span>
     <span class='ocr_line' id='line_1_12' title="bbox 163 1551 1391 1634; baseline 0.002 -18"><span class='ocrx_word' id='word_1_100' title='bbox 163 1553 292 1634; x_wconf 81' lang='lat' dir='ltr'><strong>Spiritus</strong></span> <span class='ocrx_word' id='word_1_101' title='bbox 314 1553 345 1614; x_wconf 89' lang='lat' dir='ltr'><strong>iu</strong></span> <span class='ocrx_word' id='word_1_102' title='bbox 367 1551 456 1615; x_wconf 90' lang='lat' dir='ltr'><strong>nobis</strong></span> <span class='ocrx_word' id='word_1_103' title='bbox 479 1551 649 1614; x_wconf 68' lang='lat' dir='ltr'><strong>habitantis.</strong></span> <span class='ocrx_word' id='word_1_104' title='bbox 695 1551 833 1614; x_wconf 90' lang='lat' dir='ltr'><strong>Ceterum</strong></span> <span class='ocrx_word' id='word_1_105' title='bbox 855 1562 888 1614; x_wconf 91' lang='lat' dir='ltr'><strong>ut</strong></span> <span class='ocrx_word' id='word_1_106' title='bbox 908 1551 975 1632; x_wconf 88' lang='lat' dir='ltr'><strong>ipse</strong></span> <span class='ocrx_word' id='word_1_107' title='bbox 997 1553 1219 1616; x_wconf 79' lang='lat' dir='ltr'><strong>tundamentum</strong></span> <span class='ocrx_word' id='word_1_108' title='bbox 1242 1563 1305 1629; x_wconf 88' lang='lat' dir='ltr'><strong>est,</strong></span> <span class='ocrx_word' id='word_1_109' title='bbox 1332 1573 1391 1619; x_wconf 86' lang='lat' dir='ltr'><strong>uos</strong></span> 
     </span>
     <span class='ocr_line' id='line_1_13' title="bbox 162 1651 1394 1736; baseline 0.004 -20"><span class='ocrx_word' id='word_1_110' title='bbox 162 1663 261 1718; x_wconf 84' lang='lat' dir='ltr'><strong>nutem</strong></span> <span class='ocrx_word' id='word_1_111' title='bbox 284 1671 389 1717; x_wconf 90' lang='lat' dir='ltr'><strong>sumus</strong></span> <span class='ocrx_word' id='word_1_112' title='bbox 412 1653 462 1734; x_wconf 85' lang='lat' dir='ltr'><strong>qui</strong></span> <span class='ocrx_word' id='word_1_113' title='bbox 486 1671 577 1732; x_wconf 88' lang='lat' dir='ltr'><strong>super</strong></span> <span class='ocrx_word' id='word_1_114' title='bbox 597 1654 695 1733; x_wconf 92' lang='lat' dir='ltr'><strong>ipsum</strong></span> <span class='ocrx_word' id='word_1_115' title='bbox 718 1653 924 1728; x_wconf 67' lang='lat' dir='ltr'><strong>aedificamen</strong></span> <span class='ocrx_word' id='word_1_116' title='bbox 957 1651 997 1716; x_wconf 83' lang='lat' dir='ltr'><strong>its</strong></span> <span class='ocrx_word' id='word_1_117' title='bbox 1025 1652 1112 1714; x_wconf 78' lang='lat' dir='ltr'><strong>eoam</strong></span> <span class='ocrx_word' id='word_1_118' title='bbox 1135 1655 1214 1718; x_wconf 91' lang='lat' dir='ltr'><strong>idem</strong></span> <span class='ocrx_word' id='word_1_119' title='bbox 1236 1656 1302 1736; x_wconf 91' lang='lat' dir='ltr'><strong>ipse</strong></span> <span class='ocrx_word' id='word_1_120' title='bbox 1324 1656 1394 1722; x_wconf 85' lang='lat' dir='ltr'><strong>vitis</strong></span> 
     </span>
     <span class='ocr_line' id='line_1_14' title="bbox 162 1753 1394 1834; baseline 0.002 -16"><span class='ocrx_word' id='word_1_121' title='bbox 162 1765 227 1830; x_wconf 88' lang='lat' dir='ltr'><strong>est,</strong></span> <span class='ocrx_word' id='word_1_122' title='bbox 258 1775 315 1819; x_wconf 90' lang='lat' dir='ltr'><strong>nos</strong></span> <span class='ocrx_word' id='word_1_123' title='bbox 343 1763 442 1818; x_wconf 83' lang='lat' dir='ltr'><strong>sutem</strong></span> <span class='ocrx_word' id='word_1_124' title='bbox 465 1754 554 1816; x_wconf 81' lang='lat' dir='ltr'><strong>veluti</strong></span> <span class='ocrx_word' id='word_1_125' title='bbox 576 1753 715 1834; x_wconf 77' lang='lat' dir='ltr'><strong>palmites</strong></span> <span class='ocrx_word' id='word_1_126' title='bbox 743 1753 955 1824; x_wconf 73' lang='lat' dir='ltr'><strong>cohaerentes,</strong></span> <span class='ocrx_word' id='word_1_127' title='bbox 989 1771 1050 1817; x_wconf 87' lang='lat' dir='ltr'><strong>non</strong></span> <span class='ocrx_word' id='word_1_128' title='bbox 1083 1754 1202 1834; x_wconf 88' lang='lat' dir='ltr'><strong>quidem</strong></span> <span class='ocrx_word' id='word_1_129' title='bbox 1230 1758 1394 1820; x_wconf 86' lang='lat' dir='ltr'><strong>seeundum</strong></span> 
     </span>
     <span class='ocr_line' id='line_1_15' title="bbox 162 1855 1392 1935; baseline 0.001 -16"><span class='ocrx_word' id='word_1_130' title='bbox 162 1857 323 1921; x_wconf 80' lang='lat' dir='ltr'><strong>divinitatis</strong></span> <span class='ocrx_word' id='word_1_131' title='bbox 345 1864 492 1928; x_wconf 76' lang='lat' dir='ltr'><strong>neutram,</strong></span> <span class='ocrx_word' id='word_1_132' title='bbox 515 1873 583 1917; x_wconf 86' lang='lat' dir='ltr'><strong>nom</strong></span> <span class='ocrx_word' id='word_1_133' title='bbox 605 1855 665 1918; x_wconf 84' lang='lat' dir='ltr'><strong>lroc</strong></span> <span class='ocrx_word' id='word_1_134' title='bbox 685 1856 749 1917; x_wconf 87' lang='lat' dir='ltr'><strong>fieri</strong></span> <span class='ocrx_word' id='word_1_135' title='bbox 771 1855 890 1935; x_wconf 88' lang='lat' dir='ltr'><strong>nequit,</strong></span> <span class='ocrx_word' id='word_1_136' title='bbox 914 1855 968 1916; x_wconf 92' lang='lat' dir='ltr'><strong>sed</strong></span> <span class='ocrx_word' id='word_1_137' title='bbox 990 1855 1152 1918; x_wconf 67' lang='lat' dir='ltr'><strong>mounduro</strong></span> <span class='ocrx_word' id='word_1_138' title='bbox 1175 1865 1310 1918; x_wconf 84' lang='lat' dir='ltr'><strong>neturem</strong></span> <span class='ocrx_word' id='word_1_139' title='bbox 1332 1859 1392 1920; x_wconf 89' lang='lat' dir='ltr'><strong>hu-</strong></span> 
     </span>
     <span class='ocr_line' id='line_1_16' title="bbox 161 1955 1395 2037; baseline 0.002 -17"><span class='ocrx_word' id='word_1_140' title='bbox 161 1970 278 2025; x_wconf 78' lang='lat' dir='ltr'><strong>monem</strong></span> <span class='ocrx_word' id='word_1_141' title='bbox 302 1963 438 2036; x_wconf 84' lang='lat' dir='ltr'><strong>(neeesse</strong></span> <span class='ocrx_word' id='word_1_142' title='bbox 461 1958 540 2019; x_wconf 88' lang='lat' dir='ltr'><strong>enim</strong></span> <span class='ocrx_word' id='word_1_143' title='bbox 563 1965 616 2019; x_wconf 56' lang='lat' dir='ltr'><strong>est*</strong></span> <span class='ocrx_word' id='word_1_144' title='bbox 632 1957 699 2019; x_wconf 83' lang='lat' dir='ltr'><strong>ritis</strong></span> <span class='ocrx_word' id='word_1_145' title='bbox 723 1955 836 2022; x_wconf 86' lang='lat' dir='ltr'><strong>similes</strong></span> <span class='ocrx_word' id='word_1_146' title='bbox 852 1975 922 2019; x_wconf 88' lang='lat' dir='ltr'><strong>esse</strong></span> <span class='ocrx_word' id='word_1_147' title='bbox 942 1955 1101 2036; x_wconf 74' lang='lat' dir='ltr'><strong>palmites),</strong></span> <span class='ocrx_word' id='word_1_148' title='bbox 1125 1958 1192 2037; x_wconf 80' lang='lat' dir='ltr'><strong>quis</strong></span> <span class='ocrx_word' id='word_1_149' title='bbox 1208 1975 1265 2020; x_wconf 92' lang='lat' dir='ltr'><strong>nos</strong></span> <span class='ocrx_word' id='word_1_150' title='bbox 1282 1958 1395 2022; x_wconf 87' lang='lat' dir='ltr'><strong>scilicet</strong></span> 
     </span>
     <span class='ocr_line' id='line_1_17' title="bbox 164 2057 1394 2130; baseline 0 -8"><span class='ocrx_word' id='word_1_151' title='bbox 164 2062 327 2124; x_wconf 85' lang='lat' dir='ltr'><strong>seeundum</strong></span> <span class='ocrx_word' id='word_1_152' title='bbox 348 2077 467 2123; x_wconf 82' lang='lat' dir='ltr'><strong>curnem</strong></span> <span class='ocrx_word' id='word_1_153' title='bbox 491 2059 606 2122; x_wconf 86' lang='lat' dir='ltr'><strong>similes</strong></span> <span class='ocrx_word' id='word_1_154' title='bbox 629 2059 709 2122; x_wconf 90' lang='lat' dir='ltr'><strong>illius</strong></span> <span class='ocrx_word' id='word_1_155' title='bbox 731 2077 847 2121; x_wconf 90' lang='lat' dir='ltr'><strong>sumus.</strong></span> <span class='ocrx_word' id='word_1_156' title='bbox 893 2057 1042 2130; x_wconf 76' lang='lat' dir='ltr'><strong>Quoniam</strong></span> <span class='ocrx_word' id='word_1_157' title='bbox 1064 2075 1135 2120; x_wconf 81' lang='lat' dir='ltr'><strong>vero</strong></span> <span class='ocrx_word' id='word_1_158' title='bbox 1158 2058 1298 2122; x_wconf 81' lang='lat' dir='ltr'><strong>haeretici</strong></span> <span class='ocrx_word' id='word_1_159' title='bbox 1320 2059 1394 2123; x_wconf 90' lang='lat' dir='ltr'><strong>nilril</strong></span> 
     </span>
     <span class='ocr_line' id='line_1_18' title="bbox 162 2159 1394 2242; baseline 0.003 -19"><span class='ocrx_word' id='word_1_160' title='bbox 162 2163 222 2224; x_wconf 89' lang='lat' dir='ltr'><strong>nisi</strong></span> <span class='ocrx_word' id='word_1_161' title='bbox 244 2163 406 2224; x_wconf 82' lang='lat' dir='ltr'><strong>humanum</strong></span> <span class='ocrx_word' id='word_1_162' title='bbox 428 2162 556 2241; x_wconf 87' lang='lat' dir='ltr'><strong>sopiunt,</strong></span> <span class='ocrx_word' id='word_1_163' title='bbox 579 2161 656 2223; x_wconf 86' lang='lat' dir='ltr'><strong>lrnud</strong></span> <span class='ocrx_word' id='word_1_164' title='bbox 680 2161 716 2224; x_wconf 84' lang='lat' dir='ltr'><strong>sb</strong></span> <span class='ocrx_word' id='word_1_165' title='bbox 739 2179 771 2222; x_wconf 86' lang='lat' dir='ltr'><strong>re</strong></span> <span class='ocrx_word' id='word_1_166' title='bbox 794 2159 884 2222; x_wconf 84' lang='lat' dir='ltr'><strong>luerit</strong></span> <span class='ocrx_word' id='word_1_167' title='bbox 905 2177 957 2220; x_wconf 90' lang='lat' dir='ltr'><strong>eos</strong></span> <span class='ocrx_word' id='word_1_168' title='bbox 978 2159 1117 2220; x_wconf 86' lang='lat' dir='ltr'><strong>humenis</strong></span> <span class='ocrx_word' id='word_1_169' title='bbox 1133 2163 1273 2242; x_wconf 84' lang='lat' dir='ltr'><strong>exemplis</strong></span> <span class='ocrx_word' id='word_1_170' title='bbox 1289 2163 1394 2226; x_wconf 89' lang='lat' dir='ltr'><strong>eodem</strong></span> 
     </span>
     <span class='ocr_line' id='line_1_19' title="bbox 141 2259 1509 2343; baseline -0.003 -13"><span class='ocrx_word' id='word_1_171' title='bbox 141 2279 200 2330; x_wconf 85' lang='lat' dir='ltr'><strong>.ex</strong></span> <span class='ocrx_word' id='word_1_172' title='bbox 221 2263 288 2326; x_wconf 87' lang='lat' dir='ltr'><strong>loco</strong></span> <span class='ocrx_word' id='word_1_173' title='bbox 311 2263 478 2343; x_wconf 87' lang='lat' dir='ltr'><strong>depromtis</strong></span> <span class='ocrx_word' id='word_1_174' title='bbox 501 2263 664 2326; x_wconf 83' lang='lat' dir='ltr'><strong>conlutere.</strong></span> <span class='ocrx_word' id='word_1_175' title='bbox 696 2263 798 2341; x_wconf 80' lang='lat' dir='ltr'><strong>ltaque</strong></span> <span class='ocrx_word' id='word_1_176' title='bbox 820 2277 888 2322; x_wconf 86' lang='lat' dir='ltr'><strong>non</strong></span> <span class='ocrx_word' id='word_1_177' title='bbox 904 2259 994 2322; x_wconf 83' lang='lat' dir='ltr'><strong>dixit:</strong></span> <span class='ocrx_word' id='word_1_178' title='bbox 1016 2261 1237 2325; x_wconf 81' lang='lat' dir='ltr'><strong>tundamentum</strong></span> <span class='ocrx_word' id='word_1_179' title='bbox 1252 2283 1300 2326; x_wconf 89' lang='lat' dir='ltr'><strong>ms</strong></span> <span class='ocrx_word' id='word_1_180' title='bbox 1315 2266 1393 2338; x_wconf 83' lang='lat' dir='ltr'><strong>lecit,</strong></span> <span class='ocrx_word' id='word_1_181' title='bbox 1505 2279 1509 2286; x_wconf 87' lang='grc'><strong>’</strong></span> 
     </span>
     <span class='ocr_line' id='line_1_20' title="bbox 163 2361 1395 2445; baseline 0 -21"><span class='ocrx_word' id='word_1_182' title='bbox 163 2382 202 2424; x_wconf 90' lang='lat' dir='ltr'><strong>ne</strong></span> <span class='ocrx_word' id='word_1_183' title='bbox 224 2364 294 2425; x_wconf 87' lang='lat' dir='ltr'><strong>inde</strong></span> <span class='ocrx_word' id='word_1_184' title='bbox 315 2381 384 2426; x_wconf 87' lang='lat' dir='ltr'><strong>enm</strong></span> <span class='ocrx_word' id='word_1_185' title='bbox 406 2383 470 2426; x_wconf 91' lang='lat' dir='ltr'><strong>rem</strong></span> <span class='ocrx_word' id='word_1_186' title='bbox 492 2366 598 2426; x_wconf 80' lang='lat' dir='ltr'><strong>lectam</strong></span> <span class='ocrx_word' id='word_1_187' title='bbox 621 2381 691 2424; x_wconf 85' lang='lat' dir='ltr'><strong>esse</strong></span> <span class='ocrx_word' id='word_1_188' title='bbox 714 2372 802 2441; x_wconf 89' lang='lat' dir='ltr'><strong>etque</strong></span> <span class='ocrx_word' id='word_1_189' title='bbox 824 2363 909 2422; x_wconf 84' lang='lat' dir='ltr'><strong>ortrls</strong></span> <span class='ocrx_word' id='word_1_190' title='bbox 932 2361 1111 2442; x_wconf 90' lang='lat' dir='ltr'><strong>principium</strong></span> <span class='ocrx_word' id='word_1_191' title='bbox 1133 2365 1277 2428; x_wconf 76' lang='lat' dir='ltr'><strong>heborisse</strong></span> <span class='ocrx_word' id='word_1_192' title='bbox 1292 2366 1395 2445; x_wconf 84' lang='lat' dir='ltr'><strong>suspi-</strong></span> 
     </span>
     <span class='ocr_line' id='line_1_21' title="bbox 164 2459 1396 2546; baseline -0.002 -18"><span class='ocrx_word' id='word_1_193' title='bbox 164 2466 221 2528; x_wconf 87' lang='lat' dir='ltr'><strong>coti</strong></span> <span class='ocrx_word' id='word_1_194' title='bbox 242 2459 383 2528; x_wconf 83' lang='lat' dir='ltr'><strong>haeretici</strong></span> <span class='ocrx_word' id='word_1_195' title='bbox 405 2465 568 2546; x_wconf 76' lang='lat' dir='ltr'><strong>impietatis</strong></span> <span class='ocrx_word' id='word_1_196' title='bbox 591 2462 785 2526; x_wconf 77' lang='lat' dir='ltr'><strong>stabiliendos</strong></span> <span class='ocrx_word' id='word_1_197' title='bbox 808 2464 996 2526; x_wconf 80' lang='lat' dir='ltr'><strong>secesionem</strong></span> <span class='ocrx_word' id='word_1_198' title='bbox 1012 2464 1200 2545; x_wconf 87' lang='lat' dir='ltr'><strong>impudenter</strong></span> <span class='ocrx_word' id='word_1_199' title='bbox 1214 2465 1396 2545; x_wconf 77' lang='lat' dir='ltr'><strong>arriperent3</strong></span> 
     </span>
     <span class='ocr_line' id='line_1_22' title="bbox 164 2563 1396 2646; baseline -0.001 -17"><span class='ocrx_word' id='word_1_200' title='bbox 164 2567 218 2629; x_wconf 91' lang='lat' dir='ltr'><strong>sed</strong></span> <span class='ocrx_word' id='word_1_201' title='bbox 240 2567 331 2627; x_wconf 79' lang='lat' dir='ltr'><strong>dixit:</strong></span> <span class='ocrx_word' id='word_1_202' title='bbox 355 2565 508 2628; x_wconf 80' lang='lat' dir='ltr'><strong>Fundooit</strong></span> <span class='ocrx_word' id='word_1_203' title='bbox 528 2583 585 2627; x_wconf 85' lang='lat' dir='ltr'><strong>me.</strong></span> <span class='ocrx_word' id='word_1_204' title='bbox 630 2563 726 2624; x_wconf 89' lang='lat' dir='ltr'><strong>Porro</strong></span> <span class='ocrx_word' id='word_1_205' title='bbox 748 2565 827 2644; x_wconf 86' lang='lat' dir='ltr'><strong>quod</strong></span> <span class='ocrx_word' id='word_1_206' title='bbox 849 2565 998 2639; x_wconf 80' lang='lat' dir='ltr'><strong>fundator,</strong></span> <span class='ocrx_word' id='word_1_207' title='bbox 1020 2565 1167 2646; x_wconf 73' lang='lat' dir='ltr'><strong>lapidibus</strong></span> <span class='ocrx_word' id='word_1_208' title='bbox 1183 2585 1275 2646; x_wconf 88' lang='lat' dir='ltr'><strong>super</strong></span> <span class='ocrx_word' id='word_1_209' title='bbox 1296 2567 1396 2646; x_wconf 89' lang='lat' dir='ltr'><strong>ipsum</strong></span> 
     </span>
     <span class='ocr_line' id='line_1_23' title="bbox 162 2660 1396 2764; baseline 0 -38"><span class='ocrx_word' id='word_1_210' title='bbox 162 2665 305 2764; x_wconf 51' lang='lat' dir='ltr'><strong>proiectis}</strong></span> <span class='ocrx_word' id='word_1_211' title='bbox 327 2664 476 2737; x_wconf 84' lang='lat' dir='ltr'><strong>lundotur,</strong></span> <span class='ocrx_word' id='word_1_212' title='bbox 499 2665 578 2744; x_wconf 92' lang='lat' dir='ltr'><strong>quod</strong></span> <span class='ocrx_word' id='word_1_213' title='bbox 602 2660 719 2744; x_wconf 87' lang='lat' dir='ltr'><strong>quidem</strong></span> <span class='ocrx_word' id='word_1_214' title='bbox 742 2685 803 2728; x_wconf 91' lang='lat' dir='ltr'><strong>non</strong></span> <span class='ocrx_word' id='word_1_215' title='bbox 822 2668 927 2747; x_wconf 86' lang='lat' dir='ltr'><strong>queris</strong></span> <span class='ocrx_word' id='word_1_216' title='bbox 943 2668 1034 2729; x_wconf 89' lang='lat' dir='ltr'><strong>modo</strong></span> <span class='ocrx_word' id='word_1_217' title='bbox 1049 2667 1211 2748; x_wconf 82' lang='lat' dir='ltr'><strong>perficitur,</strong></span> <span class='ocrx_word' id='word_1_218' title='bbox 1232 2666 1289 2727; x_wconf 91' lang='lat' dir='ltr'><strong>sed</strong></span> <span class='ocrx_word' id='word_1_219' title='bbox 1305 2685 1396 2746; x_wconf 86' lang='lat' dir='ltr'><strong>quum</strong></span> 
     </span>
     <span class='ocr_line' id='line_1_24' title="bbox 163 2753 1398 2848; baseline 0.001 -22"><span class='ocrx_word' id='word_1_220' title='bbox 163 2765 240 2845; x_wconf 86' lang='lat' dir='ltr'><strong>lepis</strong></span> <span class='ocrx_word' id='word_1_221' title='bbox 263 2785 281 2826; x_wconf 87' lang='lat' dir='ltr'><strong>e</strong></span> <span class='ocrx_word' id='word_1_222' title='bbox 302 2773 403 2825; x_wconf 91' lang='lat' dir='ltr'><strong>monte</strong></span> <span class='ocrx_word' id='word_1_223' title='bbox 426 2753 635 2829; x_wconf 73' lang='lat' dir='ltr'><strong>translaticio</strong></span> <span class='ocrx_word' id='word_1_224' title='bbox 656 2768 836 2831; x_wconf 87' lang='lat' dir='ltr'><strong>imisterris</strong></span> <span class='ocrx_word' id='word_1_225' title='bbox 858 2769 1029 2831; x_wconf 83' lang='lat' dir='ltr'><strong>collocetur.</strong></span> <span class='ocrx_word' id='word_1_226' title='bbox 1063 2767 1138 2848; x_wconf 81' lang='lat' dir='ltr'><strong>Nem</strong></span> <span class='ocrx_word' id='word_1_227' title='bbox 1160 2764 1299 2845; x_wconf 81' lang='lat' dir='ltr'><strong>quamdiu</strong></span> <span class='ocrx_word' id='word_1_228' title='bbox 1322 2765 1398 2846; x_wconf 86' lang='lat' dir='ltr'><strong>lepis</strong></span> 
     </span>
     <span class='ocr_line' id='line_1_25' title="bbox 164 2856 1396 2948; baseline -0.002 -18"><span class='ocrx_word' id='word_1_229' title='bbox 164 2873 212 2930; x_wconf 87' lang='lat' dir='ltr'><strong>eet</strong></span> <span class='ocrx_word' id='word_1_230' title='bbox 235 2866 267 2926; x_wconf 91' lang='lat' dir='ltr'><strong>in</strong></span> <span class='ocrx_word' id='word_1_231' title='bbox 289 2873 406 2940; x_wconf 87' lang='lat' dir='ltr'><strong>monte,</strong></span> <span class='ocrx_word' id='word_1_232' title='bbox 435 2866 568 2930; x_wconf 88' lang='lat' dir='ltr'><strong>nondum</strong></span> <span class='ocrx_word' id='word_1_233' title='bbox 596 2869 711 2948; x_wconf 87' lang='lat' dir='ltr'><strong>positus</strong></span> <span class='ocrx_word' id='word_1_234' title='bbox 742 2879 789 2932; x_wconf 90' lang='lat' dir='ltr'><strong>est</strong></span> <span class='ocrx_word' id='word_1_235' title='bbox 810 2870 841 2939; x_wconf 86' lang='lat' dir='ltr'><strong>in</strong></span> <span class='ocrx_word' id='word_1_236' title='bbox 863 2871 1098 2932; x_wconf 79' lang='lat' dir='ltr'><strong>tundamentum.</strong></span> <span class='ocrx_word' id='word_1_237' title='bbox 1142 2856 1216 2927; x_wconf 84' lang='lat' dir='ltr'><strong>Cum</strong></span> <span class='ocrx_word' id='word_1_238' title='bbox 1238 2885 1308 2930; x_wconf 84' lang='lat' dir='ltr'><strong>vero</strong></span> <span class='ocrx_word' id='word_1_239' title='bbox 1331 2868 1396 2930; x_wconf 83' lang='lat' dir='ltr'><strong>eri·</strong></span> 
     </span>
     <span class='ocr_line' id='line_1_26' title="bbox 163 2967 1397 3050; baseline 0.003 -20"><span class='ocrx_word' id='word_1_240' title='bbox 163 2976 253 3048; x_wconf 81' lang='lat' dir='ltr'><strong>gente</strong></span> <span class='ocrx_word' id='word_1_241' title='bbox 275 2985 364 3028; x_wconf 81' lang='lat' dir='ltr'><strong>ceusu</strong></span> <span class='ocrx_word' id='word_1_242' title='bbox 388 2967 546 3030; x_wconf 78' lang='lat' dir='ltr'><strong>translatus</strong></span> <span class='ocrx_word' id='word_1_243' title='bbox 566 2969 659 3032; x_wconf 81' lang='lat' dir='ltr'><strong>luerit</strong></span> <span class='ocrx_word' id='word_1_244' title='bbox 680 2981 710 3032; x_wconf 87' lang='lat' dir='ltr'><strong>st</strong></span> <span class='ocrx_word' id='word_1_245' title='bbox 730 2980 830 3032; x_wconf 80' lang='lat' dir='ltr'><strong>terroe</strong></span> <span class='ocrx_word' id='word_1_246' title='bbox 852 2969 1000 3050; x_wconf 81' lang='lat' dir='ltr'><strong>profundo</strong></span> <span class='ocrx_word' id='word_1_247' title='bbox 1022 2975 1193 3048; x_wconf 79' lang='lat' dir='ltr'><strong>coopertus,</strong></span> <span class='ocrx_word' id='word_1_248' title='bbox 1217 2976 1286 3029; x_wconf 89' lang='lat' dir='ltr'><strong>tunc</strong></span> <span class='ocrx_word' id='word_1_249' title='bbox 1300 2968 1324 3028; x_wconf 90' lang='lat' dir='ltr'><strong>si</strong></span> <span class='ocrx_word' id='word_1_250' title='bbox 1341 2985 1397 3034; x_wconf 81' lang='lat' dir='ltr'><strong>vox</strong></span> 
     </span>
     <span class='ocr_line' id='line_1_27' title="bbox 160 3051 1399 3151; baseline -0.002 -19"><span class='ocrx_word' id='word_1_251' title='bbox 160 3071 253 3150; x_wconf 84' lang='lat' dir='ltr'><strong>lepidi</strong></span> <span class='ocrx_word' id='word_1_252' title='bbox 277 3051 407 3143; x_wconf 78' lang='lat' dir='ltr'><strong>deretur,</strong></span> <span class='ocrx_word' id='word_1_253' title='bbox 431 3070 504 3132; x_wconf 78' lang='lat' dir='ltr'><strong>haee</strong></span> <span class='ocrx_word' id='word_1_254' title='bbox 524 3067 628 3150; x_wconf 86' lang='lat' dir='ltr'><strong>utiquc</strong></span> <span class='ocrx_word' id='word_1_255' title='bbox 650 3079 754 3151; x_wconf 88' lang='lat' dir='ltr'><strong>posset</strong></span> <span class='ocrx_word' id='word_1_256' title='bbox 775 3071 891 3132; x_wconf 87' lang='lat' dir='ltr'><strong>dicere:</strong></span> <span class='ocrx_word' id='word_1_257' title='bbox 915 3071 974 3142; x_wconf 87' lang='lat' dir='ltr'><strong>Qui</strong></span> <span class='ocrx_word' id='word_1_258' title='bbox 996 3087 1044 3130; x_wconf 89' lang='lat' dir='ltr'><strong>me</strong></span> <span class='ocrx_word' id='word_1_259' title='bbox 1064 3069 1124 3130; x_wconf 90' lang='lat' dir='ltr'><strong>huc</strong></span> <span class='ocrx_word' id='word_1_260' title='bbox 1138 3067 1297 3141; x_wconf 80' lang='lat' dir='ltr'><strong>transtulit,</strong></span> <span class='ocrx_word' id='word_1_261' title='bbox 1319 3085 1399 3130; x_wconf 87' lang='lat' dir='ltr'><strong>nuuc</strong></span> 
     </span>
     <span class='ocr_line' id='line_1_28' title="bbox 162 3169 1397 3251; baseline -0.003 -17"><span class='ocrx_word' id='word_1_262' title='bbox 162 3169 297 3234; x_wconf 85' lang='lat' dir='ltr'><strong>lundnrit</strong></span> <span class='ocrx_word' id='word_1_263' title='bbox 319 3189 376 3232; x_wconf 88' lang='lat' dir='ltr'><strong>me.</strong></span> <span class='ocrx_word' id='word_1_264' title='bbox 422 3169 515 3251; x_wconf 76' lang='lat' dir='ltr'><strong>lgitur</strong></span> <span class='ocrx_word' id='word_1_265' title='bbox 536 3171 602 3250; x_wconf 90' lang='lat' dir='ltr'><strong>ipse</strong></span> <span class='ocrx_word' id='word_1_266' title='bbox 624 3190 743 3250; x_wconf 88' lang='lat' dir='ltr'><strong>quoqne</strong></span> <span class='ocrx_word' id='word_1_267' title='bbox 765 3169 909 3232; x_wconf 85' lang='lat' dir='ltr'><strong>Dominus</strong></span> <span class='ocrx_word' id='word_1_268' title='bbox 931 3188 991 3232; x_wconf 90' lang='lat' dir='ltr'><strong>non</strong></span> <span class='ocrx_word' id='word_1_269' title='bbox 1015 3181 1085 3231; x_wconf 89' lang='lat' dir='ltr'><strong>tune</strong></span> <span class='ocrx_word' id='word_1_270' title='bbox 1107 3187 1176 3230; x_wconf 89' lang='lat' dir='ltr'><strong>esse</strong></span> <span class='ocrx_word' id='word_1_271' title='bbox 1198 3170 1305 3248; x_wconf 89' lang='lat' dir='ltr'><strong>eoepit,</strong></span> <span class='ocrx_word' id='word_1_272' title='bbox 1330 3185 1397 3231; x_wconf 88' lang='lat' dir='ltr'><strong>eum</strong></span> 
     </span>
     <span class='ocr_line' id='line_1_29' title="bbox 163 3271 1396 3351; baseline -0.003 -17"><span class='ocrx_word' id='word_1_273' title='bbox 163 3272 305 3334; x_wconf 87' lang='lat' dir='ltr'><strong>lundstus</strong></span> <span class='ocrx_word' id='word_1_274' title='bbox 334 3279 379 3333; x_wconf 90' lang='lat' dir='ltr'><strong>est</strong></span> <span class='ocrx_word' id='word_1_275' title='bbox 408 3271 568 3351; x_wconf 84' lang='lat' dir='ltr'><strong>(siquidem</strong></span> <span class='ocrx_word' id='word_1_276' title='bbox 596 3281 682 3334; x_wconf 77' lang='lat' dir='ltr'><strong>entes</strong></span> <span class='ocrx_word' id='word_1_277' title='bbox 712 3279 775 3334; x_wconf 86' lang='lat' dir='ltr'><strong>eret</strong></span> <span class='ocrx_word' id='word_1_278' title='bbox 803 3271 959 3348; x_wconf 83' lang='lat' dir='ltr'><strong>Verbum),</strong></span> <span class='ocrx_word' id='word_1_279' title='bbox 993 3271 1045 3332; x_wconf 88' lang='lat' dir='ltr'><strong>sed</strong></span> <span class='ocrx_word' id='word_1_280' title='bbox 1073 3277 1233 3350; x_wconf 82' lang='lat' dir='ltr'><strong>postquem</strong></span> <span class='ocrx_word' id='word_1_281' title='bbox 1260 3279 1396 3333; x_wconf 85' lang='lat' dir='ltr'><strong>nostrum</strong></span> 
     </span>
     <span class='ocr_line' id='line_1_30' title="bbox 162 3369 1433 3453; baseline 0.001 -18"><span class='ocrx_word' id='word_1_282' title='bbox 162 3374 261 3435; x_wconf 90' lang='lat' dir='ltr'><strong>induit</strong></span> <span class='ocrx_word' id='word_1_283' title='bbox 282 3390 410 3452; x_wconf 87' lang='lat' dir='ltr'><strong>corpus,</strong></span> <span class='ocrx_word' id='word_1_284' title='bbox 440 3373 520 3452; x_wconf 89' lang='lat' dir='ltr'><strong>quod</strong></span> <span class='ocrx_word' id='word_1_285' title='bbox 543 3391 579 3434; x_wconf 87' lang='lat' dir='ltr'><strong>ex</strong></span> <span class='ocrx_word' id='word_1_286' title='bbox 601 3374 692 3436; x_wconf 82' lang='lat' dir='ltr'><strong>llario</strong></span> <span class='ocrx_word' id='word_1_287' title='bbox 714 3374 867 3436; x_wconf 87' lang='lat' dir='ltr'><strong>desectum</strong></span> <span class='ocrx_word' id='word_1_288' title='bbox 889 3373 1017 3453; x_wconf 85' lang='lat' dir='ltr'><strong>occepit,</strong></span> <span class='ocrx_word' id='word_1_289' title='bbox 1041 3381 1112 3434; x_wconf 90' lang='lat' dir='ltr'><strong>tune</strong></span> <span class='ocrx_word' id='word_1_290' title='bbox 1133 3371 1222 3434; x_wconf 79' lang='lat' dir='ltr'><strong>dixit:</strong></span> <span class='ocrx_word' id='word_1_291' title='bbox 1253 3369 1397 3452; x_wconf 79' lang='lat' dir='ltr'><strong>sundooit</strong></span> <span class='ocrx_word' id='word_1_292' title='bbox 1429 3429 1433 3436; x_wconf 89' lang='lat'>.</span> 
     </span>
     <span class='ocr_line' id='line_1_31' title="bbox 162 3464 1397 3554; baseline -0.002 -18"><span class='ocrx_word' id='word_1_293' title='bbox 162 3464 217 3546; x_wconf 71' lang='lat' dir='ltr'><strong>nse,</strong></span> <span class='ocrx_word' id='word_1_294' title='bbox 241 3473 322 3553; x_wconf 87' lang='lat' dir='ltr'><strong>quod</strong></span> <span class='ocrx_word' id='word_1_295' title='bbox 345 3474 424 3536; x_wconf 90' lang='lat' dir='ltr'><strong>idem</strong></span> <span class='ocrx_word' id='word_1_296' title='bbox 447 3483 497 3536; x_wconf 85' lang='lat' dir='ltr'><strong>est</strong></span> <span class='ocrx_word' id='word_1_297' title='bbox 516 3493 551 3536; x_wconf 84' lang='lat' dir='ltr'><strong>uc</strong></span> <span class='ocrx_word' id='word_1_298' title='bbox 572 3475 599 3536; x_wconf 90' lang='lat' dir='ltr'><strong>si</strong></span> <span class='ocrx_word' id='word_1_299' title='bbox 622 3473 749 3537; x_wconf 88' lang='lat' dir='ltr'><strong>diceret:</strong></span> <span class='ocrx_word' id='word_1_300' title='bbox 778 3475 834 3548; x_wconf 85' lang='lat' dir='ltr'><strong>lle,</strong></span> <span class='ocrx_word' id='word_1_301' title='bbox 857 3474 909 3554; x_wconf 88' lang='lat' dir='ltr'><strong>qui</strong></span> <span class='ocrx_word' id='word_1_302' title='bbox 930 3493 995 3537; x_wconf 90' lang='lat' dir='ltr'><strong>sum</strong></span> <span class='ocrx_word' id='word_1_303' title='bbox 1019 3471 1158 3544; x_wconf 86' lang='lat' dir='ltr'><strong>Verbum,</strong></span> <span class='ocrx_word' id='word_1_304' title='bbox 1183 3481 1302 3534; x_wconf 88' lang='lat' dir='ltr'><strong>terreno</strong></span> <span class='ocrx_word' id='word_1_305' title='bbox 1325 3491 1397 3533; x_wconf 89' lang='lat' dir='ltr'><strong>eor-</strong></span> 
     </span>
     <span class='ocr_line' id='line_1_32' title="bbox 163 3575 1395 3657; baseline -0.002 -21"><span class='ocrx_word' id='word_1_306' title='bbox 163 3595 237 3656; x_wconf 88' lang='lat' dir='ltr'><strong>pore</strong></span> <span class='ocrx_word' id='word_1_307' title='bbox 259 3577 424 3655; x_wconf 80' lang='lat' dir='ltr'><strong>cooperuit.</strong></span> <span class='ocrx_word' id='word_1_308' title='bbox 470 3575 520 3638; x_wconf 87' lang='lat' dir='ltr'><strong>Sic</strong></span> <span class='ocrx_word' id='word_1_309' title='bbox 541 3577 621 3638; x_wconf 88' lang='lat' dir='ltr'><strong>enim</strong></span> <span class='ocrx_word' id='word_1_310' title='bbox 643 3577 708 3651; x_wconf 85' lang='lat' dir='ltr'><strong>ille,</strong></span> <span class='ocrx_word' id='word_1_311' title='bbox 731 3578 782 3657; x_wconf 84' lang='lat' dir='ltr'><strong>qui</strong></span> <span class='ocrx_word' id='word_1_312' title='bbox 806 3585 909 3640; x_wconf 84' lang='lat' dir='ltr'><strong>nostre</strong></span> <span class='ocrx_word' id='word_1_313' title='bbox 932 3576 1073 3656; x_wconf 84' lang='lat' dir='ltr'><strong>suscipit,</strong></span> <span class='ocrx_word' id='word_1_314' title='bbox 1094 3575 1194 3636; x_wconf 88' lang='lat' dir='ltr'><strong>nostri</strong></span> <span class='ocrx_word' id='word_1_315' title='bbox 1217 3591 1304 3648; x_wconf 77' lang='lat' dir='ltr'><strong>muse</strong></span> <span class='ocrx_word' id='word_1_316' title='bbox 1326 3575 1395 3636; x_wconf 88' lang='lat' dir='ltr'><strong>lon-</strong></span> 
     </span>
     <span class='ocr_line' id='line_1_33' title="bbox 166 3671 1425 3759; baseline -0.002 -23"><span class='ocrx_word' id='word_1_317' title='bbox 166 3677 267 3746; x_wconf 87' lang='lat' dir='ltr'><strong>dntnr,</strong></span> <span class='ocrx_word' id='word_1_318' title='bbox 290 3685 323 3737; x_wconf 92' lang='lat' dir='ltr'><strong>ut</strong></span> <span class='ocrx_word' id='word_1_319' title='bbox 344 3694 417 3746; x_wconf 80' lang='lat' dir='ltr'><strong>nos,</strong></span> <span class='ocrx_word' id='word_1_320' title='bbox 440 3677 490 3756; x_wconf 85' lang='lat' dir='ltr'><strong>qui</strong></span> <span class='ocrx_word' id='word_1_321' title='bbox 513 3677 610 3739; x_wconf 88' lang='lat' dir='ltr'><strong>simile</strong></span> <span class='ocrx_word' id='word_1_322' title='bbox 633 3678 778 3740; x_wconf 82' lang='lat' dir='ltr'><strong>hebemus</strong></span> <span class='ocrx_word' id='word_1_323' title='bbox 801 3697 926 3759; x_wconf 85' lang='lat' dir='ltr'><strong>corpus,</strong></span> <span class='ocrx_word' id='word_1_324' title='bbox 955 3679 1053 3740; x_wconf 83' lang='lat' dir='ltr'><strong>cornis</strong></span> <span class='ocrx_word' id='word_1_325' title='bbox 1077 3673 1270 3739; x_wconf 88' lang='lat' dir='ltr'><strong>similitudine</strong></span> <span class='ocrx_word' id='word_1_326' title='bbox 1293 3675 1323 3735; x_wconf 91' lang='lat' dir='ltr'><strong>in</strong></span> <span class='ocrx_word' id='word_1_327' title='bbox 1346 3673 1397 3734; x_wconf 91' lang='lat' dir='ltr'><strong>illo</strong></span> <span class='ocrx_word' id='word_1_328' title='bbox 1422 3671 1425 3679; x_wconf 82' lang='grc'><strong>“</strong></span> 
     </span>
    </p>
   </div>
   <div class='ocr_carea' id='block_1_4' title="bbox 161 3851 1462 4603">
    <p class='ocr_par' dir='ltr' id='par_1_4' title="bbox 161 3851 1400 4127">
     <span class='ocr_line' id='line_1_34' title="bbox 166 3851 1396 3930; baseline -0.004 -19"><span class='ocrx_word' id='word_1_329' title='bbox 166 3855 513 3927; x_wconf 66' lang='grc' dir='ltr'><strong>ΒειίΙ.τυγχᾶνομεναῦτῷ.</strong></span> <span class='ocrx_word' id='word_1_330' title='bbox 537 3864 582 3915; x_wconf 76' lang='lat' dir='ltr'><strong>Alii</strong></span> <span class='ocrx_word' id='word_1_331' title='bbox 597 3863 756 3930; x_wconf 79' lang='lat' dir='ltr'><strong>etedltiwy·</strong></span> <span class='ocrx_word' id='word_1_332' title='bbox 808 3865 834 3914; x_wconf 89' lang='lat' dir='ltr'><strong>lo</strong></span> <span class='ocrx_word' id='word_1_333' title='bbox 859 3865 930 3914; x_wconf 85' lang='lat' dir='ltr'><strong>editis</strong></span> <span class='ocrx_word' id='word_1_334' title='bbox 955 3877 1011 3912; x_wconf 82' lang='lat' dir='ltr'><strong>vero</strong></span> <span class='ocrx_word' id='word_1_335' title='bbox 1039 3869 1062 3910; x_wconf 90' lang='lat' dir='ltr'><strong>et</strong></span> <span class='ocrx_word' id='word_1_336' title='bbox 1087 3851 1175 3910; x_wconf 75' lang='lat' dir='ltr'><strong>eliisei</strong></span> <span class='ocrx_word' id='word_1_337' title='bbox 1194 3859 1269 3910; x_wconf 80' lang='lat' dir='ltr'><strong>deest.</strong></span> <span class='ocrx_word' id='word_1_338' title='bbox 1305 3859 1396 3912; x_wconf 80' lang='lat' dir='ltr'><strong>lbidrm</strong></span> 
     </span>
     <span class='ocr_line' id='line_1_35' title="bbox 161 3911 1400 4058; baseline -0.002 -12"><span class='ocrx_word' id='word_1_339' title='bbox 161 3920 756 4048; x_wconf 41' lang='lat' dir='ltr'><strong>llll‘ffl&#39;l&#39;lo&#39;lw’rlillillll&#39;li&#39;ill&#39;</strong></span> <span class='ocrx_word' id='word_1_340' title='bbox 807 3931 841 4044; x_wconf 66' lang='lat' dir='ltr'><strong>{i</strong></span> <span class='ocrx_word' id='word_1_341' title='bbox 857 3931 954 4042; x_wconf 56' lang='lat' dir='ltr'><strong>“iili</strong></span> <span class='ocrx_word' id='word_1_342' title='bbox 966 3929 1106 4058; x_wconf 45' lang='lat' dir='ltr'><strong>lillis}</strong></span> <span class='ocrx_word' id='word_1_343' title='bbox 1123 3927 1263 4041; x_wconf 42' lang='lat' dir='ltr'><strong>{51:1⁵3ss</strong></span> <span class='ocrx_word' id='word_1_344' title='bbox 1281 3911 1400 4044; x_wconf 61' lang='grc' dir='ltr'><strong>ἷῗῶἷέἶ</strong></span> 
     </span>
     <span class='ocr_line' id='line_1_36' title="bbox 165 4007 1398 4127; baseline -0.002 -15"><span class='ocrx_word' id='word_1_345' title='bbox 165 4059 259 4116; x_wconf 72' lang='lat' dir='ltr'><strong>nieme.</strong></span> <span class='ocrx_word' id='word_1_346' title='bbox 290 4009 346 4113; x_wconf 70' lang='lat' dir='ltr'><strong>nol</strong></span> <span class='ocrx_word' id='word_1_347' title='bbox 357 4065 427 4114; x_wconf 80' lang='lat' dir='ltr'><strong>Geli.</strong></span> <span class='ocrx_word' id='word_1_348' title='bbox 440 4071 464 4113; x_wconf 81' lang='lat' dir='ltr'><strong>et</strong></span> <span class='ocrx_word' id='word_1_349' title='bbox 479 4063 585 4113; x_wconf 83' lang='lat' dir='ltr'><strong>Felclrm.</strong></span> <span class='ocrx_word' id='word_1_350' title='bbox 599 4065 618 4112; x_wconf 90' lang='grc'><strong>1.</strong></span> <span class='ocrx_word' id='word_1_351' title='bbox 630 4009 755 4127; x_wconf 56' lang='grc' dir='ltr'><strong>ἔλέῃῗιν.</strong></span> <span class='ocrx_word' id='word_1_352' title='bbox 808 4063 915 4114; x_wconf 80' lang='lat' dir='ltr'><strong>Felclrm.</strong></span> <span class='ocrx_word' id='word_1_353' title='bbox 926 4009 1068 4111; x_wconf 49' lang='lat' dir='ltr'><strong>lporierorir</strong></span> <span class='ocrx_word' id='word_1_354' title='bbox 1086 4053 1100 4108; x_wconf 84' lang='grc' dir='ltr'><strong>ὁ</strong></span> <span class='ocrx_word' id='word_1_355' title='bbox 1118 4052 1211 4125; x_wconf 75' lang='grc' dir='ltr'><strong><em>κύριος</em></strong></span> <span class='ocrx_word' id='word_1_356' title='bbox 1229 4007 1279 4126; x_wconf 53' lang='grc' dir='ltr'><strong>οὓς</strong></span> <span class='ocrx_word' id='word_1_357' title='bbox 1297 4055 1340 4108; x_wconf 79' lang='grc' dir='ltr'><strong>ὅτι</strong></span> <span class='ocrx_word' id='word_1_358' title='bbox 1358 4073 1398 4109; x_wconf 80' lang='grc' dir='ltr'><strong>τε·</strong></span> 
     </span>
    </p>

    <p class='ocr_par' dir='ltr' id='par_1_5' title="bbox 166 4120 1462 4333">
     <span class='ocr_line' id='line_1_37' title="bbox 201 4120 1399 4196; baseline -0.003 -16"><span class='ocrx_word' id='word_1_359' title='bbox 201 4135 223 4180; x_wconf 83' lang='lat' dir='ltr'><strong>tr.</strong></span> <span class='ocrx_word' id='word_1_360' title='bbox 243 4134 283 4182; x_wconf 87' lang='lat' dir='ltr'><strong>Sic</strong></span> <span class='ocrx_word' id='word_1_361' title='bbox 301 4133 401 4193; x_wconf 73' lang='lat' dir='ltr'><strong>Seguer.</strong></span> <span class='ocrx_word' id='word_1_362' title='bbox 421 4131 519 4182; x_wconf 85' lang='lat' dir='ltr'><strong>Gobler.</strong></span> <span class='ocrx_word' id='word_1_363' title='bbox 539 4129 644 4180; x_wconf 78' lang='lat' dir='ltr'><strong>lelolm.</strong></span> <span class='ocrx_word' id='word_1_364' title='bbox 667 4131 687 4178; x_wconf 58' lang='lat' dir='ltr'><strong>lt</strong></span> <span class='ocrx_word' id='word_1_365' title='bbox 700 4129 755 4179; x_wconf 79' lang='lat' dir='ltr'><strong>etl.</strong></span> <span class='ocrx_word' id='word_1_366' title='bbox 806 4123 980 4196; x_wconf 69' lang='lat' dir='ltr'><strong>depellentes.</strong></span> <span class='ocrx_word' id='word_1_367' title='bbox 1018 4128 1097 4178; x_wconf 84' lang='lat' dir='ltr'><strong>Ceteri</strong></span> <span class='ocrx_word' id='word_1_368' title='bbox 1116 4137 1139 4176; x_wconf 86' lang='lat' dir='ltr'><strong>et</strong></span> <span class='ocrx_word' id='word_1_369' title='bbox 1152 4129 1213 4178; x_wconf 88' lang='lat' dir='ltr'><strong>editi</strong></span> <span class='ocrx_word' id='word_1_370' title='bbox 1221 4120 1319 4176; x_wconf 73' lang='grc' dir='ltr'>οὐκοῦν</span> <span class='ocrx_word' id='word_1_371' title='bbox 1337 4120 1399 4176; x_wconf 78' lang='lat' dir='ltr'><strong>orire</strong></span> 
     </span>
     <span class='ocr_line' id='line_1_38' title="bbox 166 4187 1197 4265; baseline -0.004 -16"><span class='ocrx_word' id='word_1_372' title='bbox 166 4189 318 4258; x_wconf 55' lang='lat' dir='ltr'><strong>tonegale</strong></span> <span class='ocrx_word' id='word_1_373' title='bbox 335 4191 433 4265; x_wconf 78' lang='grc' dir='ltr'><strong>εἴρηκε,</strong></span> <span class='ocrx_word' id='word_1_374' title='bbox 452 4193 589 4263; x_wconf 74' lang='grc' dir='ltr'><strong><em>θεμέλιον.</em></strong></span> <span class='ocrx_word' id='word_1_375' title='bbox 609 4197 754 4247; x_wconf 80' lang='lat' dir='ltr'><strong>Editistelii</strong></span> <span class='ocrx_word' id='word_1_376' title='bbox 808 4190 822 4246; x_wconf 82' lang='grc' dir='ltr'><strong><em>ὃ</em></strong></span> <span class='ocrx_word' id='word_1_377' title='bbox 841 4190 934 4262; x_wconf 73' lang='grc' dir='ltr'><strong><em>κύριος</em></strong></span> <span class='ocrx_word' id='word_1_378' title='bbox 952 4187 996 4244; x_wconf 79' lang='grc' dir='ltr'><strong>ὅτε</strong></span> <span class='ocrx_word' id='word_1_379' title='bbox 1014 4189 1197 4263; x_wconf 69' lang='lat' dir='ltr'><strong>sepelientes.</strong></span> 
     </span>
     <span class='ocr_line' id='line_1_39' title="bbox 167 4256 1462 4333; baseline -0.002 -19"><span class='ocrx_word' id='word_1_380' title='bbox 167 4256 216 4314; x_wconf 73' lang='grc' dir='ltr'><strong>οὒκ</strong></span> <span class='ocrx_word' id='word_1_381' title='bbox 232 4259 321 4333; x_wconf 76' lang='grc' dir='ltr'><strong><em>εἴρηκε</em></strong></span> <span class='ocrx_word' id='word_1_382' title='bbox 336 4264 416 4332; x_wconf 70' lang='grc' dir='ltr'><strong><em>γοῦν,</em></strong></span> <span class='ocrx_word' id='word_1_383' title='bbox 436 4262 569 4332; x_wconf 74' lang='grc' dir='ltr'><em>θεμέλιον.</em></span> <span class='ocrx_word' id='word_1_384' title='bbox 842 4279 873 4314; x_wconf 91' lang='lat' dir='ltr'><strong>m.</strong></span> <span class='ocrx_word' id='word_1_385' title='bbox 893 4265 934 4314; x_wconf 89' lang='lat' dir='ltr'><strong>Sic</strong></span> <span class='ocrx_word' id='word_1_386' title='bbox 951 4265 1022 4328; x_wconf 76' lang='lat' dir='ltr'><strong>Sego.</strong></span> <span class='ocrx_word' id='word_1_387' title='bbox 1041 4265 1098 4326; x_wconf 69' lang='lat' dir='ltr'><strong>lter.</strong></span> <span class='ocrx_word' id='word_1_388' title='bbox 1116 4263 1189 4315; x_wconf 85' lang='lat' dir='ltr'><strong>lissil.</strong></span> <span class='ocrx_word' id='word_1_389' title='bbox 1200 4265 1289 4327; x_wconf 77' lang='lat' dir='ltr'><strong>duplic.</strong></span> <span class='ocrx_word' id='word_1_390' title='bbox 1301 4263 1398 4315; x_wconf 87' lang='lat' dir='ltr'><strong>Gobler.</strong></span> <span class='ocrx_word' id='word_1_391' title='bbox 1456 4281 1462 4288; x_wconf 93' lang='lat'>·</span> 
     </span>
    </p>

    <p class='ocr_par' dir='ltr' id='par_1_6' title="bbox 165 4323 1413 4537">
     <span class='ocr_line' id='line_1_40' title="bbox 200 4323 1413 4446; baseline -0.001 -64"><span class='ocrx_word' id='word_1_392' title='bbox 200 4335 216 4382; x_wconf 89' lang='lat' dir='ltr'><strong>i.</strong></span> <span class='ocrx_word' id='word_1_393' title='bbox 236 4335 335 4396; x_wconf 72' lang='lat' dir='ltr'><strong>Segoer.</strong></span> <span class='ocrx_word' id='word_1_394' title='bbox 355 4335 453 4386; x_wconf 85' lang='lat' dir='ltr'><strong>Gobler.</strong></span> <span class='ocrx_word' id='word_1_395' title='bbox 472 4334 576 4384; x_wconf 77' lang='lat' dir='ltr'><strong>Felclrm.</strong></span> <span class='ocrx_word' id='word_1_396' title='bbox 591 4333 612 4382; x_wconf 89' lang='lat' dir='ltr'><strong>l.</strong></span> <span class='ocrx_word' id='word_1_397' title='bbox 632 4341 655 4382; x_wconf 90' lang='lat' dir='ltr'><strong>et</strong></span> <span class='ocrx_word' id='word_1_398' title='bbox 672 4333 696 4382; x_wconf 79' lang='lat' dir='ltr'><strong>t.</strong></span> <span class='ocrx_word' id='word_1_399' title='bbox 714 4323 754 4381; x_wconf 65' lang='grc' dir='ltr'><strong>ἐπ’</strong></span> <span class='ocrx_word' id='word_1_400' title='bbox 809 4333 963 4384; x_wconf 82' lang='lat' dir='ltr'><strong>Felokmenni</strong></span> <span class='ocrx_word' id='word_1_401' title='bbox 978 4333 1035 4384; x_wconf 70' lang='lat' dir='ltr'><strong>ll.</strong></span> <span class='ocrx_word' id='word_1_402' title='bbox 1055 4341 1079 4382; x_wconf 88' lang='lat' dir='ltr'><strong>et</strong></span> <span class='ocrx_word' id='word_1_403' title='bbox 1092 4331 1116 4382; x_wconf 79' lang='lat'><strong>5.</strong></span> <span class='ocrx_word' id='word_1_404' title='bbox 1136 4339 1159 4381; x_wconf 89' lang='lat' dir='ltr'><strong>et</strong></span> <span class='ocrx_word' id='word_1_405' title='bbox 1177 4345 1230 4383; x_wconf 84' lang='lat' dir='ltr'><strong>mox</strong></span> <span class='ocrx_word' id='word_1_406' title='bbox 1248 4325 1413 4446; x_wconf 41' lang='grc' dir='ltr'><strong>περιέβαλεν</strong></span> 
     </span>
     <span class='ocr_line' id='line_1_41' title="bbox 166 4391 1399 4466; baseline -0.002 -18"><span class='ocrx_word' id='word_1_407' title='bbox 166 4391 248 4464; x_wconf 66' lang='grc' dir='ltr'><em>αὐτῷ.</em></span> <span class='ocrx_word' id='word_1_408' title='bbox 284 4403 342 4465; x_wconf 76' lang='lat' dir='ltr'><strong>lleg.</strong></span> <span class='ocrx_word' id='word_1_409' title='bbox 359 4403 432 4452; x_wconf 78' lang='lat' dir='ltr'><strong>lircil.</strong></span> <span class='ocrx_word' id='word_1_410' title='bbox 451 4401 756 4466; x_wconf 53' lang='lat' dir='ltr'><strong>introductionem.</strong></span> <span class='ocrx_word' id='word_1_411' title='bbox 807 4399 852 4452; x_wconf 79' lang='lat' dir='ltr'><strong>ulit</strong></span> <span class='ocrx_word' id='word_1_412' title='bbox 871 4415 926 4452; x_wconf 83' lang='lat' dir='ltr'><strong>tero</strong></span> <span class='ocrx_word' id='word_1_413' title='bbox 946 4411 969 4452; x_wconf 89' lang='lat' dir='ltr'><strong>et</strong></span> <span class='ocrx_word' id='word_1_414' title='bbox 987 4401 1042 4451; x_wconf 85' lang='lat' dir='ltr'><strong>editi</strong></span> <span class='ocrx_word' id='word_1_415' title='bbox 1056 4394 1119 4449; x_wconf 78' lang='grc' dir='ltr'><strong>τότε</strong></span> <span class='ocrx_word' id='word_1_416' title='bbox 1129 4391 1316 4465; x_wconf 70' lang='grc' dir='ltr'><strong>λυιπὸνέθεμε</strong></span> <span class='ocrx_word' id='word_1_417' title='bbox 1333 4391 1399 4446; x_wconf 70' lang='lat' dir='ltr'><strong>luel</strong></span> 
     </span>
     <span class='ocr_line' id='line_1_42' title="bbox 165 4459 1063 4537; baseline -0.001 -20"><span class='ocrx_word' id='word_1_418' title='bbox 165 4459 206 4517; x_wconf 69' lang='grc' dir='ltr'><strong>ἐπ’</strong></span> <span class='ocrx_word' id='word_1_419' title='bbox 227 4459 303 4516; x_wconf 73' lang='grc' dir='ltr'><em>αὐτό.</em></span> <span class='ocrx_word' id='word_1_420' title='bbox 341 4469 384 4519; x_wconf 80' lang='lat' dir='ltr'><strong>titt</strong></span> <span class='ocrx_word' id='word_1_421' title='bbox 403 4479 426 4519; x_wconf 90' lang='lat' dir='ltr'><strong>et</strong></span> <span class='ocrx_word' id='word_1_422' title='bbox 444 4471 500 4520; x_wconf 87' lang='lat' dir='ltr'><strong>editi</strong></span> <span class='ocrx_word' id='word_1_423' title='bbox 519 4459 558 4518; x_wconf 76' lang='grc' dir='ltr'><strong>ἐπ’</strong></span> <span class='ocrx_word' id='word_1_424' title='bbox 579 4463 671 4518; x_wconf 77' lang='grc' dir='ltr'><em>αὒτόν.</em></span> <span class='ocrx_word' id='word_1_425' title='bbox 807 4482 843 4536; x_wconf 83' lang='grc' dir='ltr'><strong>με</strong></span> <span class='ocrx_word' id='word_1_426' title='bbox 862 4465 885 4519; x_wconf 86' lang='lat' dir='ltr'><strong>el</strong></span> <span class='ocrx_word' id='word_1_427' title='bbox 903 4465 1063 4537; x_wconf 69' lang='grc' dir='ltr'><strong>περιέβαλλε.</strong></span> 
     </span>
    </p>

    <p class='ocr_par' dir='ltr' id='par_1_7' title="bbox 203 4523 1400 4603">
     <span class='ocr_line' id='line_1_43' title="bbox 203 4523 1400 4603; baseline -0.005 -19"><span class='ocrx_word' id='word_1_428' title='bbox 203 4535 225 4584; x_wconf 84' lang='grc' dir='ltr'><strong>Ιι.</strong></span> <span class='ocrx_word' id='word_1_429' title='bbox 244 4537 344 4598; x_wconf 72' lang='lat' dir='ltr'><strong>Sepoor.</strong></span> <span class='ocrx_word' id='word_1_430' title='bbox 364 4538 452 4588; x_wconf 87' lang='lat' dir='ltr'><strong>omittit</strong></span> <span class='ocrx_word' id='word_1_431' title='bbox 467 4533 513 4585; x_wconf 78' lang='grc' dir='ltr'><strong>καὶ</strong></span> <span class='ocrx_word' id='word_1_432' title='bbox 530 4535 688 4603; x_wconf 71' lang='grc' dir='ltr'><strong>μετενεχθῇ.</strong></span> <span class='ocrx_word' id='word_1_433' title='bbox 844 4551 867 4586; x_wconf 85' lang='lat' dir='ltr'><strong>n.</strong></span> <span class='ocrx_word' id='word_1_434' title='bbox 886 4537 984 4600; x_wconf 73' lang='lat' dir='ltr'><strong>sepner.</strong></span> <span class='ocrx_word' id='word_1_435' title='bbox 1004 4536 1102 4588; x_wconf 83' lang='lat' dir='ltr'><strong>Gobler.</strong></span> <span class='ocrx_word' id='word_1_436' title='bbox 1121 4531 1227 4582; x_wconf 77' lang='lat' dir='ltr'><strong>Felclrrn.</strong></span> <span class='ocrx_word' id='word_1_437' title='bbox 1244 4533 1265 4582; x_wconf 92' lang='lat' dir='ltr'><strong>l.</strong></span> <span class='ocrx_word' id='word_1_438' title='bbox 1285 4540 1306 4581; x_wconf 85' lang='lat' dir='ltr'><strong>et</strong></span> <span class='ocrx_word' id='word_1_439' title='bbox 1325 4531 1349 4580; x_wconf 85' lang='grc'><strong>4.</strong></span> <span class='ocrx_word' id='word_1_440' title='bbox 1368 4523 1400 4578; x_wconf 75' lang='grc' dir='ltr'><strong>ἐν</strong></span> 
     </span>
    </p>
   </div>
   <div class='ocr_carea' id='block_1_5' title="bbox 203 4593 1304 4693">
    <p class='ocr_par' dir='ltr' id='par_1_8' title="bbox 203 4593 1304 4693">
     <span class='ocr_line' id='line_1_44' title="bbox 203 4593 1304 4693; baseline -0.003 -43"><span class='ocrx_word' id='word_1_441' title='bbox 203 4602 220 4650; x_wconf 95' lang='lat' dir='ltr'><strong>l.</strong></span> <span class='ocrx_word' id='word_1_442' title='bbox 245 4604 284 4653; x_wconf 84' lang='lat' dir='ltr'><strong>Sic</strong></span> <span class='ocrx_word' id='word_1_443' title='bbox 303 4606 518 4693; x_wconf 60' lang='lat' dir='ltr'><strong>SegoenGoblsr.</strong></span> <span class='ocrx_word' id='word_1_444' title='bbox 538 4605 642 4656; x_wconf 78' lang='lat' dir='ltr'><strong>lelclrm.</strong></span> <span class='ocrx_word' id='word_1_445' title='bbox 663 4607 721 4655; x_wconf 88' lang='lat' dir='ltr'><strong>l.st</strong></span> <span class='ocrx_word' id='word_1_446' title='bbox 733 4604 757 4655; x_wconf 80' lang='lat' dir='ltr'><strong>t.</strong></span> <span class='ocrx_word' id='word_1_447' title='bbox 811 4595 893 4669; x_wconf 71' lang='grc' dir='ltr'><strong><em>αὐτῷ.</em></strong></span> <span class='ocrx_word' id='word_1_448' title='bbox 929 4606 956 4654; x_wconf 90' lang='lat' dir='ltr'><strong>ln</strong></span> <span class='ocrx_word' id='word_1_449' title='bbox 976 4604 1029 4655; x_wconf 82' lang='lat' dir='ltr'><strong>eliis</strong></span> <span class='ocrx_word' id='word_1_450' title='bbox 1048 4613 1072 4654; x_wconf 88' lang='lat' dir='ltr'><strong>et</strong></span> <span class='ocrx_word' id='word_1_451' title='bbox 1090 4601 1162 4650; x_wconf 83' lang='lat' dir='ltr'><strong>editis</strong></span> <span class='ocrx_word' id='word_1_452' title='bbox 1181 4593 1304 4650; x_wconf 76' lang='lat' dir='ltr'><strong>luderet.</strong></span> 
     </span>
    </p>
   </div>
   <div class='ocr_carea' id='block_1_6' title="bbox 0 0 1638 5292">
    <p class='ocr_par' dir='ltr' id='par_1_9' title="bbox 0 0 1638 5292">
     <span class='ocr_line' id='line_1_45' title="bbox 0 0 1638 5292; baseline 0 0"><span class='ocrx_word' id='word_1_453' title='bbox 0 0 1638 5292; x_wconf 95' lang='lat' dir='ltr'><strong> </strong></span> 
     </span>
    </p>
   </div>
  </div>
 </body>
</html>
