<?xml version="1.0" encoding="UTF-8"?>
<!DOCTYPE html PUBLIC "-//W3C//DTD XHTML 1.0 Transitional//EN"
    "http://www.w3.org/TR/xhtml1/DTD/xhtml1-transitional.dtd">
<html xmlns="http://www.w3.org/1999/xhtml" xml:lang="en" lang="en">
 <head>
  <title>
</title>
<meta http-equiv="Content-Type" content="text/html;charset=utf-8" />
  <meta name='ocr-system' content='tesseract 3.04.00' />
  <meta name='ocr-capabilities' content='ocr_page ocr_carea ocr_par ocr_line ocrx_word'/>
</head>
<body>
  <div class='ocr_page' id='page_1' title='image "./sanctiathanasii00athagoog_0247.png"; bbox 0 0 3236 5286; ppageno 0'>
   <div class='ocr_carea' id='block_1_1' title="bbox 206 325 1039 392">
    <p class='ocr_par' dir='ltr' id='par_1_1' title="bbox 206 325 1039 392">
     <span class='ocr_line' id='line_1_1' title="bbox 206 325 1039 392; baseline 0.005 -12"><span class='ocrx_word' id='word_1_1' title='bbox 206 325 269 392; x_wconf 64' lang='grc' dir='ltr'><em>ιρι)</em></span> <span class='ocrx_word' id='word_1_2' title='bbox 605 339 630 382; x_wconf 86' lang='lat' dir='ltr'><em>s.</em></span> <span class='ocrx_word' id='word_1_3' title='bbox 645 339 801 384; x_wconf 74' lang='grc' dir='ltr'><em>κτωκειι</em></span> <span class='ocrx_word' id='word_1_4' title='bbox 815 340 1039 386; x_wconf 69' lang='lat' dir='ltr'><strong>nemmem</strong></span> 
     </span>
    </p>
   </div>
   <div class='ocr_carea' id='block_1_2' title="bbox 97 481 1433 3808">
    <p class='ocr_par' dir='ltr' id='par_1_2' title="bbox 97 481 1433 2883">
     <span class='ocr_line' id='line_1_2' title="bbox 115 481 1433 574; baseline 0.002 -17"><span class='ocrx_word' id='word_1_5' title='bbox 115 493 400 574; x_wconf 71' lang='grc' dir='ltr'><em>οωομείσθοισαν</em></span> <span class='ocrx_word' id='word_1_6' title='bbox 422 482 533 550; x_wconf 89' lang='grc' dir='ltr'><em>πάθεν</em></span> <span class='ocrx_word' id='word_1_7' title='bbox 555 481 625 550; x_wconf 84' lang='grc' dir='ltr'><em>ἐστί</em></span> <span class='ocrx_word' id='word_1_8' title='bbox 646 481 686 549; x_wconf 87' lang='grc' dir='ltr'><em>τό</em></span> <span class='ocrx_word' id='word_1_9' title='bbox 706 483 907 569; x_wconf 76' lang='grc' dir='ltr'><em>γεννώμενον</em></span> <span class='ocrx_word' id='word_1_10' title='bbox 929 491 1050 554; x_wconf 84' lang='grc' dir='ltr'><em>τέκνον.</em></span> <span class='ocrx_word' id='word_1_11' title='bbox 1089 487 1119 554; x_wconf 90' lang='grc' dir='ltr'><em>εί</em></span> <span class='ocrx_word' id='word_1_12' title='bbox 1139 486 1201 574; x_wconf 79' lang='grc' dir='ltr'><em>γάρ</em></span> <span class='ocrx_word' id='word_1_13' title='bbox 1222 487 1279 556; x_wconf 80' lang='grc' dir='ltr'><em>καὶ</em></span> <span class='ocrx_word' id='word_1_14' title='bbox 1301 485 1360 567; x_wconf 81' lang='grc' dir='ltr'><em>οῦκ</em></span> <span class='ocrx_word' id='word_1_15' title='bbox 1383 485 1433 560; x_wconf 81' lang='grc' dir='ltr'><em>ελ-</em></span> 
     </span>
     <span class='ocr_line' id='line_1_3' title="bbox 118 579 1431 675; baseline 0.002 -18"><span class='ocrx_word' id='word_1_16' title='bbox 118 612 257 672; x_wconf 83' lang='grc' dir='ltr'><em>ε.ια.χεν</em></span> <span class='ocrx_word' id='word_1_17' title='bbox 286 583 304 652; x_wconf 85' lang='grc' dir='ltr'><em>ό</em></span> <span class='ocrx_word' id='word_1_18' title='bbox 331 581 445 670; x_wconf 81' lang='grc' dir='ltr'><em>γονεὺς</em></span> <span class='ocrx_word' id='word_1_19' title='bbox 473 580 545 650; x_wconf 84' lang='grc' dir='ltr'><em>υίὸν</em></span> <span class='ocrx_word' id='word_1_20' title='bbox 567 585 647 670; x_wconf 85' lang='grc' dir='ltr'><em>πρίν</em></span> <span class='ocrx_word' id='word_1_21' title='bbox 668 583 831 672; x_wconf 72' lang='grc' dir='ltr'><em>γεννάσει,</em></span> <span class='ocrx_word' id='word_1_22' title='bbox 865 579 934 652; x_wconf 77' lang='grc' dir='ltr'><em>ἀλλ’</em></span> <span class='ocrx_word' id='word_1_23' title='bbox 959 586 1102 675; x_wconf 86' lang='grc' dir='ltr'><em>ἐσχηκώς</em></span> <span class='ocrx_word' id='word_1_24' title='bbox 1122 582 1182 657; x_wconf 83' lang='grc' dir='ltr'><em>οῦκ</em></span> <span class='ocrx_word' id='word_1_25' title='bbox 1204 588 1330 669; x_wconf 75' lang='grc' dir='ltr'><em>ἔξωθεν</em></span> <span class='ocrx_word' id='word_1_26' title='bbox 1353 587 1431 660; x_wconf 73' lang='grc' dir='ltr'><em>οὐδὲ</em></span> 
     </span>
     <span class='ocr_line' id='line_1_4' title="bbox 204 678 1431 778; baseline 0.003 -22"><span class='ocrx_word' id='word_1_27' title='bbox 204 683 387 772; x_wconf 74' lang='grc' dir='ltr'><em>ἀλλότριον,</em></span> <span class='ocrx_word' id='word_1_28' title='bbox 412 678 481 751; x_wconf 81' lang='grc' dir='ltr'><em>άλλ’</em></span> <span class='ocrx_word' id='word_1_29' title='bbox 506 684 561 766; x_wconf 77' lang='grc' dir='ltr'><em>’ἐξ</em></span> <span class='ocrx_word' id='word_1_30' title='bbox 582 685 699 752; x_wconf 80' lang='grc' dir='ltr'><em>ἑαυτοῦ</em></span> <span class='ocrx_word' id='word_1_31' title='bbox 721 688 776 752; x_wconf 86' lang='grc' dir='ltr'><em>καὶ</em></span> <span class='ocrx_word' id='word_1_32' title='bbox 798 687 887 754; x_wconf 74' lang='grc' dir='ltr'><em>ἴδιον</em></span> <span class='ocrx_word' id='word_1_33' title='bbox 902 689 961 774; x_wconf 80' lang='grc' dir='ltr'><em>τῆς</em></span> <span class='ocrx_word' id='word_1_34' title='bbox 976 683 1092 768; x_wconf 80' lang='grc' dir='ltr'>οὐσίας</span> <span class='ocrx_word' id='word_1_35' title='bbox 1105 692 1160 756; x_wconf 85' lang='grc' dir='ltr'><em>καί</em></span> <span class='ocrx_word' id='word_1_36' title='bbox 1176 683 1431 778; x_wconf 79' lang='grc' dir='ltr'><em>ἀπαράλλακτον</em></span> 
     </span>
     <span class='ocr_line' id='line_1_5' title="bbox 202 781 1429 881; baseline 0.002 -25"><span class='ocrx_word' id='word_1_37' title='bbox 202 789 293 871; x_wconf 79' lang='grc' dir='ltr'><em>ἐσχεν</em></span> <span class='ocrx_word' id='word_1_38' title='bbox 316 785 435 868; x_wconf 77' lang='grc' dir='ltr'><em>εἰκόνα,</em></span> <span class='ocrx_word' id='word_1_39' title='bbox 459 781 542 866; x_wconf 85' lang='grc' dir='ltr'><em>ώςτε</em></span> <span class='ocrx_word' id='word_1_40' title='bbox 563 789 680 854; x_wconf 87' lang='grc' dir='ltr'><em>τοῦτον</em></span> <span class='ocrx_word' id='word_1_41' title='bbox 702 786 736 854; x_wconf 91' lang='grc' dir='ltr'><em>ἐν</em></span> <span class='ocrx_word' id='word_1_42' title='bbox 759 786 870 874; x_wconf 82' lang='grc' dir='ltr'><em>ἐκείνῳ</em></span> <span class='ocrx_word' id='word_1_43' title='bbox 887 790 1088 873; x_wconf 77' lang='grc' dir='ltr'><strong><em>βλέπεσθαι,</em></strong></span> <span class='ocrx_word' id='word_1_44' title='bbox 1112 784 1260 878; x_wconf 75' lang='grc' dir='ltr'><em>κᾴκεῖνον</em></span> <span class='ocrx_word' id='word_1_45' title='bbox 1275 791 1309 859; x_wconf 88' lang='grc' dir='ltr'><em>ἐν</em></span> <span class='ocrx_word' id='word_1_46' title='bbox 1323 792 1429 881; x_wconf 78' lang='grc' dir='ltr'><em>τούτῳ</em></span> 
     </span>
     <span class='ocr_line' id='line_1_6' title="bbox 201 885 1430 978; baseline 0.004 -22"><span class='ocrx_word' id='word_1_47' title='bbox 201 895 425 976; x_wconf 82' lang='grc' dir='ltr'><em>θεωρεῖσθαι.</em></span> <span class='ocrx_word' id='word_1_48' title='bbox 469 887 500 955; x_wconf 89' lang='grc' dir='ltr'><em>εί</em></span> <span class='ocrx_word' id='word_1_49' title='bbox 526 895 637 956; x_wconf 91' lang='grc' dir='ltr'><em>τοίνυν</em></span> <span class='ocrx_word' id='word_1_50' title='bbox 660 887 694 955; x_wconf 88' lang='grc' dir='ltr'><em>ἐκ</em></span> <span class='ocrx_word' id='word_1_51' title='bbox 715 890 781 955; x_wconf 86' lang='grc' dir='ltr'><em>τιῦν</em></span> <span class='ocrx_word' id='word_1_52' title='bbox 802 885 1050 975; x_wconf 74' lang='grc' dir='ltr'><em>1ὀἰνθρωπίνων</em></span> <span class='ocrx_word' id='word_1_53' title='bbox 1072 891 1351 978; x_wconf 77' lang='grc' dir='ltr'><em>παραδειγμάτων</em></span> <span class='ocrx_word' id='word_1_54' title='bbox 1371 893 1430 962; x_wconf 87' lang='grc' dir='ltr'><em>τὸν</em></span> 
     </span>
     <span class='ocr_line' id='line_1_7' title="bbox 200 989 1429 1080; baseline 0.001 -21"><span class='ocrx_word' id='word_1_55' title='bbox 200 991 319 1078; x_wconf 91' lang='grc' dir='ltr'><em>χρόνον</em></span> <span class='ocrx_word' id='word_1_56' title='bbox 346 995 413 1058; x_wconf 85' lang='grc' dir='ltr'><em>τών</em></span> <span class='ocrx_word' id='word_1_57' title='bbox 440 989 628 1077; x_wconf 83' lang='grc' dir='ltr'><em>γεννώντων</em></span> <span class='ocrx_word' id='word_1_58' title='bbox 657 989 879 1075; x_wconf 78' lang='grc' dir='ltr'><em>λαμβάνουσι,</em></span> <span class='ocrx_word' id='word_1_59' title='bbox 903 993 1012 1058; x_wconf 68' lang='grc' dir='ltr'><em>“διατί</em></span> <span class='ocrx_word' id='word_1_60' title='bbox 1032 990 1078 1080; x_wconf 79' lang='grc' dir='ltr'><em>μη</em></span> <span class='ocrx_word' id='word_1_61' title='bbox 1101 992 1136 1060; x_wconf 82' lang='grc' dir='ltr'><em>ἐκ</em></span> <span class='ocrx_word' id='word_1_62' title='bbox 1157 995 1224 1060; x_wconf 89' lang='grc' dir='ltr'><em>τών</em></span> <span class='ocrx_word' id='word_1_63' title='bbox 1246 989 1429 1062; x_wconf 78' lang='grc' dir='ltr'><em>αὐτῶνκαὶ</em></span> 
     </span>
     <span class='ocr_line' id='line_1_8' title="bbox 202 1089 1431 1182; baseline 0.002 -22"><span class='ocrx_word' id='word_1_64' title='bbox 202 1092 241 1160; x_wconf 85' lang='grc' dir='ltr'><em>τὸ</em></span> <span class='ocrx_word' id='word_1_65' title='bbox 270 1091 354 1161; x_wconf 83' lang='grc' dir='ltr'><em>κατὰ</em></span> <span class='ocrx_word' id='word_1_66' title='bbox 381 1091 482 1179; x_wconf 83' lang='grc' dir='ltr'><em>φύσιν</em></span> <span class='ocrx_word' id='word_1_67' title='bbox 510 1093 564 1158; x_wconf 88' lang='grc' dir='ltr'><em>καλ</em></span> <span class='ocrx_word' id='word_1_68' title='bbox 591 1089 630 1156; x_wconf 88' lang='grc' dir='ltr'><em>τὸ</em></span> <span class='ocrx_word' id='word_1_69' title='bbox 653 1091 742 1158; x_wconf 72' lang='grc' dir='ltr'><em>ἴδιον</em></span> <span class='ocrx_word' id='word_1_70' title='bbox 764 1090 991 1175; x_wconf 73' lang='grc' dir='ltr'><em>ἐνθυμοῦνται</em></span> <span class='ocrx_word' id='word_1_71' title='bbox 1012 1097 1079 1160; x_wconf 81' lang='grc' dir='ltr'><em>τῶν</em></span> <span class='ocrx_word' id='word_1_72' title='bbox 1101 1099 1224 1162; x_wconf 84' lang='grc' dir='ltr'><em>τέκνων</em></span> <span class='ocrx_word' id='word_1_73' title='bbox 1246 1094 1333 1182; x_wconf 86' lang='grc' dir='ltr'><em>πρὸς</em></span> <span class='ocrx_word' id='word_1_74' title='bbox 1354 1095 1431 1174; x_wconf 85' lang='grc' dir='ltr'><em>τοῦς</em></span> 
     </span>
     <span class='ocr_line' id='line_1_9' title="bbox 203 1188 1430 1284; baseline 0.002 -23"><span class='ocrx_word' id='word_1_75' title='bbox 203 1201 331 1281; x_wconf 85' lang='grc' dir='ltr'><em>γονέας,</em></span> <span class='ocrx_word' id='word_1_76' title='bbox 346 1188 446 1278; x_wconf 70' lang='grc' dir='ltr'><em>,ἀλλὰ</em></span> <span class='ocrx_word' id='word_1_77' title='bbox 473 1191 557 1260; x_wconf 86' lang='grc' dir='ltr'><em>κατὰ</em></span> <span class='ocrx_word' id='word_1_78' title='bbox 577 1191 654 1270; x_wconf 84' lang='grc' dir='ltr'><em>τοὺς</em></span> <span class='ocrx_word' id='word_1_79' title='bbox 677 1189 773 1280; x_wconf 81' lang='grc' dir='ltr'><em>ὄφεις</em></span> <span class='ocrx_word' id='word_1_80' title='bbox 793 1192 897 1277; x_wconf 91' lang='grc' dir='ltr'><em>μόνον</em></span> <span class='ocrx_word' id='word_1_81' title='bbox 918 1192 958 1260; x_wconf 88' lang='grc' dir='ltr'><em>τδ</em></span> <span class='ocrx_word' id='word_1_82' title='bbox 979 1193 1066 1282; x_wconf 88' lang='grc' dir='ltr'><em>πρὸς</em></span> <span class='ocrx_word' id='word_1_83' title='bbox 1088 1194 1145 1262; x_wconf 87' lang='grc' dir='ltr'><em>τὸν</em></span> <span class='ocrx_word' id='word_1_84' title='bbox 1169 1195 1219 1262; x_wconf 79' lang='grc' dir='ltr'><em>ἰόν</em></span> <span class='ocrx_word' id='word_1_85' title='bbox 1242 1195 1430 1284; x_wconf 82' lang='grc' dir='ltr'><em>ἐπιτήδειον</em></span> 
     </span>
     <span class='ocr_line' id='line_1_10' title="bbox 204 1293 1430 1384; baseline 0.002 -20"><span class='ocrx_word' id='word_1_86' title='bbox 204 1295 238 1364; x_wconf 81' lang='grc' dir='ltr'><em>ἐκ</em></span> <span class='ocrx_word' id='word_1_87' title='bbox 259 1301 317 1384; x_wconf 83' lang='grc' dir='ltr'><em>τῆς</em></span> <span class='ocrx_word' id='word_1_88' title='bbox 337 1299 395 1382; x_wconf 81' lang='grc' dir='ltr'><em>γῆς</em></span> <span class='ocrx_word' id='word_1_89' title='bbox 417 1295 617 1381; x_wconf 67' lang='grc' dir='ltr'><em>ἐκλέγονται,</em></span> <span class='ocrx_word' id='word_1_90' title='bbox 652 1294 721 1362; x_wconf 76' lang='grc' dir='ltr'><em>ἔδει</em></span> <span class='ocrx_word' id='word_1_91' title='bbox 736 1295 771 1360; x_wconf 79' lang='grc' dir='ltr'><em>δὲ</em></span> <span class='ocrx_word' id='word_1_92' title='bbox 786 1301 1063 1380; x_wconf 74' lang='grc' dir='ltr'><em>πυνθανομένους</em></span> <span class='ocrx_word' id='word_1_93' title='bbox 1078 1293 1197 1376; x_wconf 80' lang='grc' dir='ltr'><em>αὐτοὺς</em></span> <span class='ocrx_word' id='word_1_94' title='bbox 1218 1299 1360 1383; x_wconf 58' lang='grc' dir='ltr'><em>’ίγονίων</em></span> <span class='ocrx_word' id='word_1_95' title='bbox 1375 1301 1430 1366; x_wconf 86' lang='grc' dir='ltr'><em>καλ</em></span> 
     </span>
     <span class='ocr_line' id='line_1_11' title="bbox 203 1390 1428 1485; baseline 0.001 -22"><span class='ocrx_word' id='word_1_96' title='bbox 203 1398 373 1482; x_wconf 87' lang='grc' dir='ltr'><em>λέγοντας·</em></span> <span class='ocrx_word' id='word_1_97' title='bbox 402 1390 460 1462; x_wconf 85' lang='grc' dir='ltr'><em>οῦκ</em></span> <span class='ocrx_word' id='word_1_98' title='bbox 489 1391 572 1479; x_wconf 81' lang='grc' dir='ltr'><em>εἶχες</em></span> <span class='ocrx_word' id='word_1_99' title='bbox 600 1394 672 1461; x_wconf 84' lang='grc' dir='ltr'><em>υλὸν</em></span> <span class='ocrx_word' id='word_1_100' title='bbox 700 1397 779 1482; x_wconf 83' lang='grc' dir='ltr'><em>πρίν</em></span> <span class='ocrx_word' id='word_1_101' title='bbox 800 1396 981 1484; x_wconf 80' lang='grc' dir='ltr'><em>γεννήσεις,</em></span> <span class='ocrx_word' id='word_1_102' title='bbox 1005 1403 1207 1485; x_wconf 85' lang='grc' dir='ltr'><em>προςθεῒναι</em></span> <span class='ocrx_word' id='word_1_103' title='bbox 1226 1401 1280 1464; x_wconf 81' lang='grc' dir='ltr'><em>καὶ</em></span> <span class='ocrx_word' id='word_1_104' title='bbox 1303 1400 1428 1468; x_wconf 78' lang='grc' dir='ltr'><em>εἰπεῖν·</em></span> 
     </span>
     <span class='ocr_line' id='line_1_12' title="bbox 204 1493 1429 1586; baseline 0.002 -23"><span class='ocrx_word' id='word_1_105' title='bbox 204 1495 260 1564; x_wconf 82' lang='grc' dir='ltr'><em>ἐὰν</em></span> <span class='ocrx_word' id='word_1_106' title='bbox 283 1497 319 1564; x_wconf 75' lang='grc' dir='ltr'><em>δὲ</em></span> <span class='ocrx_word' id='word_1_107' title='bbox 341 1499 420 1584; x_wconf 83' lang='grc' dir='ltr'><em>σχῇς</em></span> <span class='ocrx_word' id='word_1_108' title='bbox 441 1495 528 1577; x_wconf 75' lang='grc' dir='ltr'><em>υἱόν,</em></span> <span class='ocrx_word' id='word_1_109' title='bbox 559 1493 660 1582; x_wconf 85' lang='grc' dir='ltr'><em>άραγε</em></span> <span class='ocrx_word' id='word_1_110' title='bbox 682 1496 807 1576; x_wconf 82' lang='grc' dir='ltr'><em>ἐξωθεν</em></span> <span class='ocrx_word' id='word_1_111' title='bbox 830 1493 940 1582; x_wconf 85' lang='grc' dir='ltr'><em>ώςπερ</em></span> <span class='ocrx_word' id='word_1_112' title='bbox 964 1499 1069 1565; x_wconf 79' lang='grc' dir='ltr'><em>οἰκίαν</em></span> <span class='ocrx_word' id='word_1_113' title='bbox 1091 1496 1113 1582; x_wconf 80' lang='grc' dir='ltr'><em>ἤ</em></span> <span class='ocrx_word' id='word_1_114' title='bbox 1134 1524 1169 1564; x_wconf 87' lang='grc' dir='ltr'><em>τι</em></span> <span class='ocrx_word' id='word_1_115' title='bbox 1190 1499 1300 1582; x_wconf 69' lang='grc' dir='ltr'><em>ἕτερον</em></span> <span class='ocrx_word' id='word_1_116' title='bbox 1321 1503 1429 1586; x_wconf 78' lang='grc' dir='ltr'><em>κτῆμα</em></span> 
     </span>
     <span class='ocr_line' id='line_1_13' title="bbox 150 1592 1426 1694; baseline 0.001 -29"><span class='ocrx_word' id='word_1_117' title='bbox 150 1607 182 1687; x_wconf 76' lang='lat' dir='ltr'><em>j</em></span> <span class='ocrx_word' id='word_1_118' title='bbox 204 1594 373 1684; x_wconf 77' lang='grc' dir='ltr'><em>ἀγοράζεις</em></span> <span class='ocrx_word' id='word_1_119' title='bbox 380 1626 391 1682; x_wconf 90' lang='grc'><em>,·</em></span> <span class='ocrx_word' id='word_1_120' title='bbox 425 1597 481 1664; x_wconf 81' lang='grc' dir='ltr'><em>ἵνα</em></span> <span class='ocrx_word' id='word_1_121' title='bbox 503 1620 559 1664; x_wconf 91' lang='grc' dir='ltr'><em>σοι</em></span> <span class='ocrx_word' id='word_1_122' title='bbox 581 1592 816 1694; x_wconf 65' lang='grc' dir='ltr'><em>ἀποκρίνηται·</em></span> <span class='ocrx_word' id='word_1_123' title='bbox 848 1595 906 1665; x_wconf 84' lang='grc' dir='ltr'><em>οῦκ</em></span> <span class='ocrx_word' id='word_1_124' title='bbox 927 1599 1068 1678; x_wconf 67' lang='grc' dir='ltr'><em>ἔξωθεν,</em></span> <span class='ocrx_word' id='word_1_125' title='bbox 1093 1592 1161 1664; x_wconf 81' lang='grc' dir='ltr'><em>ἀλλ’</em></span> <span class='ocrx_word' id='word_1_126' title='bbox 1186 1597 1222 1677; x_wconf 83' lang='grc' dir='ltr'><em>ἐξ</em></span> <span class='ocrx_word' id='word_1_127' title='bbox 1242 1597 1321 1682; x_wconf 85' lang='grc' dir='ltr'><em>ἐμοῦ</em></span> <span class='ocrx_word' id='word_1_128' title='bbox 1345 1599 1426 1666; x_wconf 84' lang='grc' dir='ltr'><em>ἐστι.</em></span> 
     </span>
     <span class='ocr_line' id='line_1_14' title="bbox 203 1695 1428 1788; baseline 0.004 -23"><span class='ocrx_word' id='word_1_129' title='bbox 203 1698 245 1766; x_wconf 82' lang='grc' dir='ltr'><em>τὰ</em></span> <span class='ocrx_word' id='word_1_130' title='bbox 272 1701 332 1786; x_wconf 75' lang='grc' dir='ltr'><em>μὲν</em></span> <span class='ocrx_word' id='word_1_131' title='bbox 361 1698 423 1786; x_wconf 86' lang='grc' dir='ltr'><em>γὰρ</em></span> <span class='ocrx_word' id='word_1_132' title='bbox 451 1699 576 1779; x_wconf 76' lang='grc' dir='ltr'><em>ἔξωθεν</em></span> <span class='ocrx_word' id='word_1_133' title='bbox 604 1697 752 1786; x_wconf 80' lang='grc' dir='ltr'><em>κτήματά</em></span> <span class='ocrx_word' id='word_1_134' title='bbox 780 1698 926 1766; x_wconf 81' lang='grc' dir='ltr'><em>ἐστικαὶ</em></span> <span class='ocrx_word' id='word_1_135' title='bbox 950 1695 1006 1788; x_wconf 79' lang='grc' dir='ltr'><em>ἀφ’</em></span> <span class='ocrx_word' id='word_1_136' title='bbox 1033 1699 1144 1785; x_wconf 83' lang='grc' dir='ltr'><em>ἑτέρου</em></span> <span class='ocrx_word' id='word_1_137' title='bbox 1168 1699 1215 1777; x_wconf 80' lang='grc' dir='ltr'><em>εἷς</em></span> <span class='ocrx_word' id='word_1_138' title='bbox 1237 1700 1347 1785; x_wconf 74' lang='grc' dir='ltr'><em>ἕτερον</em></span> <span class='ocrx_word' id='word_1_139' title='bbox 1368 1726 1428 1786; x_wconf 84' lang='grc' dir='ltr'><em>με·</em></span> 
     </span>
     <span class='ocr_line' id='line_1_15' title="bbox 202 1794 1430 1890; baseline 0.002 -23"><span class='ocrx_word' id='word_1_140' title='bbox 202 1807 367 1888; x_wconf 85' lang='grc' dir='ltr'><em>τέρχεται,</em></span> <span class='ocrx_word' id='word_1_141' title='bbox 401 1797 420 1868; x_wconf 86' lang='grc' dir='ltr'><em>ό</em></span> <span class='ocrx_word' id='word_1_142' title='bbox 454 1803 490 1868; x_wconf 85' lang='grc' dir='ltr'><em>δέ</em></span> <span class='ocrx_word' id='word_1_143' title='bbox 519 1799 590 1879; x_wconf 84' lang='grc' dir='ltr'><em>υίὸς</em></span> <span class='ocrx_word' id='word_1_144' title='bbox 618 1799 654 1879; x_wconf 83' lang='grc' dir='ltr'><em>ἐξ</em></span> <span class='ocrx_word' id='word_1_145' title='bbox 675 1799 755 1884; x_wconf 83' lang='grc' dir='ltr'><em>ἐμοῦ</em></span> <span class='ocrx_word' id='word_1_146' title='bbox 778 1800 851 1868; x_wconf 85' lang='grc' dir='ltr'><em>ἐστι</em></span> <span class='ocrx_word' id='word_1_147' title='bbox 871 1799 927 1868; x_wconf 82' lang='grc' dir='ltr'><em>καὶ</em></span> <span class='ocrx_word' id='word_1_148' title='bbox 948 1805 1006 1888; x_wconf 79' lang='grc' dir='ltr'><em>τῆς</em></span> <span class='ocrx_word' id='word_1_149' title='bbox 1028 1801 1107 1890; x_wconf 80' lang='grc' dir='ltr'><em>ἐμῆς</em></span> <span class='ocrx_word' id='word_1_150' title='bbox 1129 1794 1244 1880; x_wconf 78' lang='grc' dir='ltr'><em>οὐσίας</em></span> <span class='ocrx_word' id='word_1_151' title='bbox 1265 1801 1353 1880; x_wconf 79' lang='grc' dir='ltr'><em>ἰ’διος</em></span> <span class='ocrx_word' id='word_1_152' title='bbox 1374 1805 1430 1870; x_wconf 84' lang='grc' dir='ltr'><em>καλ</em></span> 
     </span>
     <span class='ocr_line' id='line_1_16' title="bbox 164 1897 1428 1990; baseline 0.002 -22"><span class='ocrx_word' id='word_1_153' title='bbox 164 1897 329 1987; x_wconf 63' lang='grc' dir='ltr'><em>χόμοιος,</em></span> <span class='ocrx_word' id='word_1_154' title='bbox 354 1901 410 1970; x_wconf 85' lang='grc' dir='ltr'><em>οῦκ</em></span> <span class='ocrx_word' id='word_1_155' title='bbox 432 1899 489 1990; x_wconf 79' lang='grc' dir='ltr'><em>ἀφ’</em></span> <span class='ocrx_word' id='word_1_156' title='bbox 514 1903 626 1988; x_wconf 81' lang='grc' dir='ltr'><em>ἑτέρου</em></span> <span class='ocrx_word' id='word_1_157' title='bbox 649 1901 696 1981; x_wconf 84' lang='grc' dir='ltr'><em>είς</em></span> <span class='ocrx_word' id='word_1_158' title='bbox 718 1901 775 1986; x_wconf 78' lang='grc' dir='ltr'><em>ἐμὲ</em></span> <span class='ocrx_word' id='word_1_159' title='bbox 796 1911 807 1938; x_wconf 80' lang='lat'>⁸</span> <span class='ocrx_word' id='word_1_160' title='bbox 814 1901 965 1988; x_wconf 89' lang='grc' dir='ltr'><em>γεγονώς,</em></span> <span class='ocrx_word' id='word_1_161' title='bbox 990 1897 1058 1970; x_wconf 80' lang='grc' dir='ltr'><em>ἀλλ’</em></span> <span class='ocrx_word' id='word_1_162' title='bbox 1084 1901 1119 1982; x_wconf 82' lang='grc' dir='ltr'><em>ἐξ</em></span> <span class='ocrx_word' id='word_1_163' title='bbox 1140 1901 1220 1986; x_wconf 87' lang='grc' dir='ltr'><em>ἐμοῦ</em></span> <span class='ocrx_word' id='word_1_164' title='bbox 1242 1909 1428 1989; x_wconf 79' lang='grc' dir='ltr'><em>γεγεννημέ-</em></span> 
     </span>
     <span class='ocr_line' id='line_1_17' title="bbox 202 1998 1431 2092; baseline -0.001 -20"><span class='ocrx_word' id='word_1_165' title='bbox 202 2029 275 2086; x_wconf 93' lang='grc' dir='ltr'><em>νος,</em></span> <span class='ocrx_word' id='word_1_166' title='bbox 299 2004 352 2072; x_wconf 88' lang='grc' dir='ltr'><em>διὸ</em></span> <span class='ocrx_word' id='word_1_167' title='bbox 374 2007 427 2072; x_wconf 84' lang='grc' dir='ltr'><em>καί</em></span> <span class='ocrx_word' id='word_1_168' title='bbox 451 2004 485 2072; x_wconf 89' lang='grc' dir='ltr'><em>ἐν</em></span> <span class='ocrx_word' id='word_1_169' title='bbox 508 2003 619 2092; x_wconf 82' lang='grc' dir='ltr'><em>ἐκείνην</em></span> <span class='ocrx_word' id='word_1_170' title='bbox 643 1998 720 2083; x_wconf 85' lang='grc' dir='ltr'><em>όλος</em></span> <span class='ocrx_word' id='word_1_171' title='bbox 742 2003 824 2088; x_wconf 78' lang='grc' dir='ltr'><em>εἰμί,</em></span> <span class='ocrx_word' id='word_1_172' title='bbox 846 2010 954 2087; x_wconf 85' lang='grc' dir='ltr'><em>μένων</em></span> <span class='ocrx_word' id='word_1_173' title='bbox 976 1999 1076 2082; x_wconf 80' lang='grc' dir='ltr'><em>αὐτὸς</em></span> <span class='ocrx_word' id='word_1_174' title='bbox 1098 1999 1117 2068; x_wconf 81' lang='grc' dir='ltr'><em>δ’</em></span> <span class='ocrx_word' id='word_1_175' title='bbox 1139 2003 1216 2087; x_wconf 86' lang='grc' dir='ltr'><em>είμι.</em></span> <span class='ocrx_word' id='word_1_176' title='bbox 1261 1999 1348 2070; x_wconf 85' lang='grc' dir='ltr'><em>οῦτω</em></span> <span class='ocrx_word' id='word_1_177' title='bbox 1369 2003 1431 2092; x_wconf 85' lang='grc' dir='ltr'><em>γάρ</em></span> 
     </span>
     <span class='ocr_line' id='line_1_18' title="bbox 97 2100 1430 2194; baseline -0.002 -20"><span class='ocrx_word' id='word_1_178' title='bbox 97 2113 102 2120; x_wconf 87' lang='grc'><strong>’</strong></span> <span class='ocrx_word' id='word_1_179' title='bbox 203 2106 283 2189; x_wconf 72' lang='grc' dir='ltr'><em>ἐχειτ</em></span> <span class='ocrx_word' id='word_1_180' title='bbox 311 2100 371 2194; x_wconf 74' lang='grc' dir='ltr'><em>κᾷν</em></span> <span class='ocrx_word' id='word_1_181' title='bbox 401 2101 419 2172; x_wconf 89' lang='grc' dir='ltr'><em>ό</em></span> <span class='ocrx_word' id='word_1_182' title='bbox 448 2105 561 2192; x_wconf 84' lang='grc' dir='ltr'><em>γονεὺς</em></span> <span class='ocrx_word' id='word_1_183' title='bbox 589 2109 636 2192; x_wconf 80' lang='grc' dir='ltr'><em>τῷ</em></span> <span class='ocrx_word' id='word_1_184' title='bbox 662 2104 769 2192; x_wconf 84' lang='grc' dir='ltr'><em>χρόνῳ</em></span> <span class='ocrx_word' id='word_1_185' title='bbox 791 2108 801 2144; x_wconf 81' lang='lat'><em>¹</em></span> <span class='ocrx_word' id='word_1_186' title='bbox 807 2107 963 2192; x_wconf 73' lang='grc' dir='ltr'><em>διαφέρῃ,</em></span> <span class='ocrx_word' id='word_1_187' title='bbox 996 2100 1041 2183; x_wconf 88' lang='grc' dir='ltr'><em>ώς</em></span> <span class='ocrx_word' id='word_1_188' title='bbox 1062 2101 1248 2192; x_wconf 82' lang='grc' dir='ltr'><em>δι’νθρωπος</em></span> <span class='ocrx_word' id='word_1_189' title='bbox 1270 2103 1303 2170; x_wconf 88' lang='grc' dir='ltr'><em>ἐν</em></span> <span class='ocrx_word' id='word_1_190' title='bbox 1322 2103 1430 2192; x_wconf 84' lang='grc' dir='ltr'><em>χρόνῳ</em></span> 
     </span>
     <span class='ocr_line' id='line_1_19' title="bbox 201 2198 1430 2293; baseline 0 -21"><span class='ocrx_word' id='word_1_191' title='bbox 201 2209 255 2272; x_wconf 84' lang='grc' dir='ltr'><em>καί</em></span> <span class='ocrx_word' id='word_1_192' title='bbox 289 2203 388 2286; x_wconf 78' lang='grc' dir='ltr'><em>αὐτὸς</em></span> <span class='ocrx_word' id='word_1_193' title='bbox 419 2206 574 2293; x_wconf 83' lang='grc' dir='ltr'><em>γεγονώς,</em></span> <span class='ocrx_word' id='word_1_194' title='bbox 608 2201 677 2272; x_wconf 79' lang='grc' dir='ltr'><em>ἄλλ’</em></span> <span class='ocrx_word' id='word_1_195' title='bbox 702 2205 793 2289; x_wconf 79' lang='grc' dir='ltr'><em>ἐσχεν</em></span> <span class='ocrx_word' id='word_1_196' title='bbox 820 2199 859 2271; x_wconf 75' lang='grc' dir='ltr'><em>ἂν</em></span> <span class='ocrx_word' id='word_1_197' title='bbox 888 2205 944 2271; x_wconf 80' lang='grc' dir='ltr'><em>καὶ</em></span> <span class='ocrx_word' id='word_1_198' title='bbox 966 2198 1065 2283; x_wconf 81' lang='grc' dir='ltr'><em>οὗτὸς</em></span> <span class='ocrx_word' id='word_1_199' title='bbox 1087 2200 1138 2272; x_wconf 81' lang='grc' dir='ltr'><em>ἀεί</em></span> <span class='ocrx_word' id='word_1_200' title='bbox 1162 2205 1370 2291; x_wconf 87' lang='grc' dir='ltr'><em>συνυπάρχον</em></span> <span class='ocrx_word' id='word_1_201' title='bbox 1391 2204 1430 2272; x_wconf 89' lang='grc' dir='ltr'><em>τὸ</em></span> 
     </span>
     <span class='ocr_line' id='line_1_20' title="bbox 201 2304 1431 2398; baseline 0 -26"><span class='ocrx_word' id='word_1_202' title='bbox 201 2312 328 2388; x_wconf 78' lang='grc' dir='ltr'><em>τέκνον,</em></span> <span class='ocrx_word' id='word_1_203' title='bbox 362 2307 392 2374; x_wconf 86' lang='grc' dir='ltr'><em>εί</em></span> <span class='ocrx_word' id='word_1_204' title='bbox 423 2308 467 2398; x_wconf 81' lang='grc' dir='ltr'><em>μὴ</em></span> <span class='ocrx_word' id='word_1_205' title='bbox 495 2305 515 2395; x_wconf 80' lang='grc' dir='ltr'>ἡ</span> <span class='ocrx_word' id='word_1_206' title='bbox 546 2307 648 2397; x_wconf 82' lang='grc' dir='ltr'><em>φύσις</em></span> <span class='ocrx_word' id='word_1_207' title='bbox 676 2306 845 2388; x_wconf 77' lang='grc' dir='ltr'><em>ἐνεπόδιζε</em></span> <span class='ocrx_word' id='word_1_208' title='bbox 870 2305 927 2373; x_wconf 87' lang='grc' dir='ltr'><em>καὶ</em></span> <span class='ocrx_word' id='word_1_209' title='bbox 949 2304 1070 2373; x_wconf 85' lang='grc' dir='ltr'><em>ἐκώλυε</em></span> <span class='ocrx_word' id='word_1_210' title='bbox 1091 2305 1130 2372; x_wconf 89' lang='grc' dir='ltr'><em>τὸ</em></span> <span class='ocrx_word' id='word_1_211' title='bbox 1153 2305 1330 2373; x_wconf 82' lang='grc' dir='ltr'><em>δύνασθαι.</em></span> <span class='ocrx_word' id='word_1_212' title='bbox 1375 2305 1431 2374; x_wconf 81' lang='grc' dir='ltr'><em>καλ</em></span> 
     </span>
     <span class='ocr_line' id='line_1_21' title="bbox 201 2399 1430 2497; baseline 0 -23"><span class='ocrx_word' id='word_1_213' title='bbox 201 2407 263 2494; x_wconf 83' lang='grc' dir='ltr'><em>γὰρ</em></span> <span class='ocrx_word' id='word_1_214' title='bbox 284 2407 340 2475; x_wconf 77' lang='grc' dir='ltr'><em>καὶ</em></span> <span class='ocrx_word' id='word_1_215' title='bbox 361 2406 400 2476; x_wconf 61' lang='grc' dir='ltr'><em>*ό</em></span> <span class='ocrx_word' id='word_1_216' title='bbox 415 2412 503 2477; x_wconf 89' lang='grc' dir='ltr'><em>Λευλ</em></span> <span class='ocrx_word' id='word_1_217' title='bbox 526 2410 576 2478; x_wconf 78' lang='grc' dir='ltr'><em>ἐτι</em></span> <span class='ocrx_word' id='word_1_218' title='bbox 596 2399 636 2497; x_wconf 79' lang='grc' dir='ltr'><em>ἦν</em></span> <span class='ocrx_word' id='word_1_219' title='bbox 658 2408 692 2477; x_wconf 79' lang='grc' dir='ltr'><em>ἐν</em></span> <span class='ocrx_word' id='word_1_220' title='bbox 715 2413 755 2497; x_wconf 81' lang='grc' dir='ltr'><em>τῇ</em></span> <span class='ocrx_word' id='word_1_221' title='bbox 778 2404 881 2496; x_wconf 82' lang='grc' dir='ltr'><em>όσφόί</em></span> <span class='ocrx_word' id='word_1_222' title='bbox 901 2410 959 2474; x_wconf 90' lang='grc' dir='ltr'><em>τοῦ</em></span> <span class='ocrx_word' id='word_1_223' title='bbox 981 2405 1209 2493; x_wconf 88' lang='grc' dir='ltr'><em>προπάππου,</em></span> <span class='ocrx_word' id='word_1_224' title='bbox 1233 2409 1313 2492; x_wconf 81' lang='grc' dir='ltr'><em>πρίν</em></span> <span class='ocrx_word' id='word_1_225' title='bbox 1328 2403 1430 2486; x_wconf 77' lang='grc' dir='ltr'><em>αὐτὸς</em></span> 
     </span>
     <span class='ocr_line' id='line_1_22' title="bbox 201 2498 1428 2599; baseline -0.003 -21"><span class='ocrx_word' id='word_1_226' title='bbox 201 2514 354 2599; x_wconf 79' lang='grc' dir='ltr'><em>γεννηθῇ,</em></span> <span class='ocrx_word' id='word_1_227' title='bbox 376 2515 432 2579; x_wconf 87' lang='grc' dir='ltr'><em>καί</em></span> <span class='ocrx_word' id='word_1_228' title='bbox 455 2506 473 2578; x_wconf 85' lang='grc' dir='ltr'><em>ό</em></span> <span class='ocrx_word' id='word_1_229' title='bbox 495 2510 641 2590; x_wconf 89' lang='grc' dir='ltr'><em>πάππος</em></span> <span class='ocrx_word' id='word_1_230' title='bbox 662 2509 818 2597; x_wconf 83' lang='grc' dir='ltr'><em>γεννήσει.</em></span> <span class='ocrx_word' id='word_1_231' title='bbox 851 2505 930 2576; x_wconf 83' lang='grc' dir='ltr'><em>όταν</em></span> <span class='ocrx_word' id='word_1_232' title='bbox 953 2498 1009 2575; x_wconf 84' lang='grc' dir='ltr'><em>οῦν</em></span> <span class='ocrx_word' id='word_1_233' title='bbox 1032 2507 1080 2586; x_wconf 86' lang='grc' dir='ltr'><em>εἰς</em></span> <span class='ocrx_word' id='word_1_234' title='bbox 1100 2503 1195 2575; x_wconf 80' lang='grc' dir='ltr'><em>τοῦθ’</em></span> <span class='ocrx_word' id='word_1_235' title='bbox 1213 2504 1339 2596; x_wconf 78' lang='grc' dir='ltr'><em>ἡλικίας</em></span> <span class='ocrx_word' id='word_1_236' title='bbox 1354 2509 1428 2575; x_wconf 56' lang='grc' dir='ltr'><em>λέλ-</em></span> 
     </span>
     <span class='ocr_line' id='line_1_23' title="bbox 201 2601 1427 2702; baseline -0.002 -24"><span class='ocrx_word' id='word_1_237' title='bbox 201 2615 265 2680; x_wconf 86' lang='grc' dir='ltr'><em>θοι</em></span> <span class='ocrx_word' id='word_1_238' title='bbox 293 2607 311 2679; x_wconf 91' lang='grc' dir='ltr'><em>ό</em></span> <span class='ocrx_word' id='word_1_239' title='bbox 341 2611 539 2702; x_wconf 85' lang='grc' dir='ltr'><em>άνθρωπος,</em></span> <span class='ocrx_word' id='word_1_240' title='bbox 570 2612 604 2680; x_wconf 87' lang='grc' dir='ltr'><em>ἐν</em></span> <span class='ocrx_word' id='word_1_241' title='bbox 631 2601 730 2700; x_wconf 84' lang='grc' dir='ltr'><em>ᾗκαὶ</em></span> <span class='ocrx_word' id='word_1_242' title='bbox 751 2610 790 2676; x_wconf 86' lang='grc' dir='ltr'><em>τὸ</em></span> <span class='ocrx_word' id='word_1_243' title='bbox 814 2609 952 2677; x_wconf 90' lang='grc' dir='ltr'><em>δυνατὸν</em></span> <span class='ocrx_word' id='word_1_244' title='bbox 974 2606 994 2698; x_wconf 83' lang='grc' dir='ltr'>ἡ</span> <span class='ocrx_word' id='word_1_245' title='bbox 1018 2609 1119 2698; x_wconf 85' lang='grc' dir='ltr'><em>φύσις</em></span> <span class='ocrx_word' id='word_1_246' title='bbox 1140 2616 1292 2696; x_wconf 83' lang='grc' dir='ltr'><em>παρέχει,</em></span> <span class='ocrx_word' id='word_1_247' title='bbox 1327 2603 1427 2688; x_wconf 75' lang='grc' dir='ltr'><em>εὐθὺς</em></span> 
     </span>
     <span class='ocr_line' id='line_1_24' title="bbox 202 2706 1428 2804; baseline -0.002 -25"><span class='ocrx_word' id='word_1_248' title='bbox 202 2706 437 2803; x_wconf 84' lang='grc' dir='ltr'><em>άνεμποδίστῳ</em></span> <span class='ocrx_word' id='word_1_249' title='bbox 465 2718 504 2804; x_wconf 81' lang='grc' dir='ltr'><em>τῇ</em></span> <span class='ocrx_word' id='word_1_250' title='bbox 533 2713 633 2803; x_wconf 80' lang='grc' dir='ltr'><em>φύσει</em></span> <span class='ocrx_word' id='word_1_251' title='bbox 660 2710 770 2800; x_wconf 84' lang='grc' dir='ltr'><em>πατὴρ</em></span> <span class='ocrx_word' id='word_1_252' title='bbox 800 2707 819 2777; x_wconf 86' lang='grc' dir='ltr'><em>ό</em></span> <span class='ocrx_word' id='word_1_253' title='bbox 848 2709 1032 2799; x_wconf 74' lang='grc' dir='ltr'><em>ἅνθρωπος</em></span> <span class='ocrx_word' id='word_1_254' title='bbox 1055 2718 1181 2796; x_wconf 83' lang='grc' dir='ltr'><em>γίνεται</em></span> <span class='ocrx_word' id='word_1_255' title='bbox 1202 2713 1273 2776; x_wconf 76' lang='grc' dir='ltr'><em>ἰτοῦ</em></span> <span class='ocrx_word' id='word_1_256' title='bbox 1297 2709 1332 2790; x_wconf 85' lang='grc' dir='ltr'><em>ἐξ</em></span> <span class='ocrx_word' id='word_1_257' title='bbox 1352 2709 1428 2777; x_wconf 85' lang='grc' dir='ltr'><em>ἐαυ-</em></span> 
     </span>
     <span class='ocr_line' id='line_1_25' title="bbox 201 2816 365 2883; baseline 0.03 -5"><span class='ocrx_word' id='word_1_258' title='bbox 201 2819 261 2880; x_wconf 87' lang='grc' dir='ltr'><em>τοῦ</em></span> <span class='ocrx_word' id='word_1_259' title='bbox 283 2816 365 2883; x_wconf 76' lang='grc' dir='ltr'><em>υἱοῦ.</em></span> 
     </span>
    </p>

    <p class='ocr_par' dir='ltr' id='par_1_3' title="bbox 199 2910 1429 3808">
     <span class='ocr_line' id='line_1_26' title="bbox 287 2910 1426 3002; baseline -0.004 -18"><span class='ocrx_word' id='word_1_260' title='bbox 287 2923 339 2984; x_wconf 76' lang='grc'><em>27.</em></span> <span class='ocrx_word' id='word_1_261' title='bbox 388 2912 513 2986; x_wconf 76' lang='grc' dir='ltr'><em>Οὐκοῦν</em></span> <span class='ocrx_word' id='word_1_262' title='bbox 542 2916 571 2984; x_wconf 83' lang='grc' dir='ltr'><em>εἰ</em></span> <span class='ocrx_word' id='word_1_263' title='bbox 598 2920 720 3002; x_wconf 88' lang='grc' dir='ltr'><em>γονέων</em></span> <span class='ocrx_word' id='word_1_264' title='bbox 747 2917 824 3001; x_wconf 83' lang='grc' dir='ltr'><em>περὶ</em></span> <span class='ocrx_word' id='word_1_265' title='bbox 853 2919 973 2981; x_wconf 86' lang='grc' dir='ltr'><em>τέκνων</em></span> <span class='ocrx_word' id='word_1_266' title='bbox 1002 2912 1171 2980; x_wconf 80' lang='grc' dir='ltr'><em>ἐπύθοντο</em></span> <span class='ocrx_word' id='word_1_267' title='bbox 1193 2910 1249 2978; x_wconf 82' lang='grc' dir='ltr'><em>καὶ</em></span> <span class='ocrx_word' id='word_1_268' title='bbox 1271 2912 1426 2998; x_wconf 71' lang='grc' dir='ltr'><em>ἔγνωσαν,</em></span> 
     </span>
     <span class='ocr_line' id='line_1_27' title="bbox 202 3009 1428 3107; baseline -0.002 -25"><span class='ocrx_word' id='word_1_269' title='bbox 202 3012 258 3084; x_wconf 79' lang='grc' dir='ltr'><em>ὅτι</em></span> <span class='ocrx_word' id='word_1_270' title='bbox 277 3019 320 3086; x_wconf 87' lang='grc' dir='ltr'><em>τά</em></span> <span class='ocrx_word' id='word_1_271' title='bbox 342 3020 442 3107; x_wconf 81' lang='grc' dir='ltr'><em>φύσει</em></span> <span class='ocrx_word' id='word_1_272' title='bbox 462 3024 558 3086; x_wconf 84' lang='grc' dir='ltr'><em>τέκνα</em></span> <span class='ocrx_word' id='word_1_273' title='bbox 580 3011 639 3084; x_wconf 83' lang='grc' dir='ltr'><em>οῦκ</em></span> <span class='ocrx_word' id='word_1_274' title='bbox 661 3018 796 3097; x_wconf 84' lang='grc' dir='ltr'><em>ἐξωθεν,</em></span> <span class='ocrx_word' id='word_1_275' title='bbox 821 3009 889 3082; x_wconf 80' lang='grc' dir='ltr'><em>ἀλλ’</em></span> <span class='ocrx_word' id='word_1_276' title='bbox 915 3015 950 3083; x_wconf 83' lang='grc' dir='ltr'><em>ἐκ</em></span> <span class='ocrx_word' id='word_1_277' title='bbox 971 3018 1037 3082; x_wconf 83' lang='grc' dir='ltr'><em>τών</em></span> <span class='ocrx_word' id='word_1_278' title='bbox 1052 3019 1174 3101; x_wconf 90' lang='grc' dir='ltr'><em>γονέων</em></span> <span class='ocrx_word' id='word_1_279' title='bbox 1190 3012 1281 3092; x_wconf 86' lang='grc' dir='ltr'><em>είσίν,</em></span> <span class='ocrx_word' id='word_1_280' title='bbox 1307 3009 1428 3097; x_wconf 81' lang='grc' dir='ltr'><em>ὁμολο-</em></span> 
     </span>
     <span class='ocr_line' id='line_1_28' title="bbox 201 3112 1429 3218; baseline -0.002 -35"><span class='ocrx_word' id='word_1_281' title='bbox 201 3115 363 3202; x_wconf 86' lang='grc' dir='ltr'><em>γείτωοαν</em></span> <span class='ocrx_word' id='word_1_282' title='bbox 383 3123 438 3188; x_wconf 86' lang='grc' dir='ltr'><em>καί</em></span> <span class='ocrx_word' id='word_1_283' title='bbox 459 3123 537 3207; x_wconf 87' lang='grc' dir='ltr'><em>περλ</em></span> <span class='ocrx_word' id='word_1_284' title='bbox 559 3122 618 3218; x_wconf 76' lang='grc' dir='ltr'><em>τοῦ</em></span> <span class='ocrx_word' id='word_1_285' title='bbox 640 3119 739 3205; x_wconf 90' lang='grc' dir='ltr'><em>λόγου</em></span> <span class='ocrx_word' id='word_1_286' title='bbox 761 3121 818 3186; x_wconf 90' lang='grc' dir='ltr'><em>τοῦ</em></span> <span class='ocrx_word' id='word_1_287' title='bbox 840 3120 935 3198; x_wconf 88' lang='grc' dir='ltr'><em>θεοῦ,</em></span> <span class='ocrx_word' id='word_1_288' title='bbox 960 3113 1014 3185; x_wconf 82' lang='grc' dir='ltr'><em>ὅτι</em></span> <span class='ocrx_word' id='word_1_289' title='bbox 1034 3112 1144 3196; x_wconf 51' lang='grc' dir='ltr'><em>1ίόλως</em></span> <span class='ocrx_word' id='word_1_290' title='bbox 1165 3114 1199 3182; x_wconf 86' lang='grc' dir='ltr'><em>ἐκ</em></span> <span class='ocrx_word' id='word_1_291' title='bbox 1220 3117 1278 3180; x_wconf 88' lang='grc' dir='ltr'><em>τοῦ</em></span> <span class='ocrx_word' id='word_1_292' title='bbox 1299 3114 1429 3202; x_wconf 87' lang='grc' dir='ltr'><em>πατρός</em></span> 
     </span>
     <span class='ocr_line' id='line_1_29' title="bbox 203 3214 1428 3308; baseline 0.002 -26"><span class='ocrx_word' id='word_1_293' title='bbox 203 3215 284 3282; x_wconf 77' lang='grc' dir='ltr'><em>ἐστι.</em></span> <span class='ocrx_word' id='word_1_294' title='bbox 328 3219 383 3284; x_wconf 84' lang='grc' dir='ltr'><em>καί</em></span> <span class='ocrx_word' id='word_1_295' title='bbox 404 3219 483 3305; x_wconf 78' lang='grc' dir='ltr'><em>περὶ</em></span> <span class='ocrx_word' id='word_1_296' title='bbox 504 3225 563 3287; x_wconf 86' lang='grc' dir='ltr'><em>τοῦ</em></span> <span class='ocrx_word' id='word_1_297' title='bbox 583 3220 702 3308; x_wconf 89' lang='grc' dir='ltr'><em>χρόνου</em></span> <span class='ocrx_word' id='word_1_298' title='bbox 726 3221 905 3308; x_wconf 84' lang='grc' dir='ltr'><em>ζητοῦντες,</em></span> <span class='ocrx_word' id='word_1_299' title='bbox 929 3218 967 3285; x_wconf 86' lang='grc' dir='ltr'><em>τὸ</em></span> <span class='ocrx_word' id='word_1_300' title='bbox 990 3219 1169 3301; x_wconf 71' lang='grc' dir='ltr'><em>ἐμποδίζον</em></span> <span class='ocrx_word' id='word_1_301' title='bbox 1192 3214 1249 3282; x_wconf 89' lang='grc' dir='ltr'><em>τὸν</em></span> <span class='ocrx_word' id='word_1_302' title='bbox 1271 3214 1354 3284; x_wconf 84' lang='grc' dir='ltr'><em>θεὸν</em></span> <span class='ocrx_word' id='word_1_303' title='bbox 1375 3217 1428 3284; x_wconf 85' lang='grc' dir='ltr'><em>λε-</em></span> 
     </span>
     <span class='ocr_line' id='line_1_30' title="bbox 200 3311 1426 3404; baseline 0.001 -23"><span class='ocrx_word' id='word_1_304' title='bbox 200 3319 356 3400; x_wconf 89' lang='grc' dir='ltr'><em>γέτωσαν.</em></span> <span class='ocrx_word' id='word_1_305' title='bbox 393 3317 453 3402; x_wconf 82' lang='grc' dir='ltr'><em>χρὴ</em></span> <span class='ocrx_word' id='word_1_306' title='bbox 475 3320 536 3404; x_wconf 84' lang='grc' dir='ltr'><em>γὰρ</em></span> <span class='ocrx_word' id='word_1_307' title='bbox 560 3319 596 3398; x_wconf 85' lang='grc' dir='ltr'><em>ἐξ</em></span> <span class='ocrx_word' id='word_1_308' title='bbox 617 3311 663 3385; x_wconf 82' lang='grc' dir='ltr'><em>ὧν</em></span> <span class='ocrx_word' id='word_1_309' title='bbox 686 3317 731 3398; x_wconf 86' lang='grc' dir='ltr'><em>ώς</em></span> <span class='ocrx_word' id='word_1_310' title='bbox 751 3320 961 3402; x_wconf 82' lang='grc' dir='ltr'><em>χλευάζοντες</em></span> <span class='ocrx_word' id='word_1_311' title='bbox 982 3316 1222 3396; x_wconf 78' lang='grc' dir='ltr'><em>ἐπυνθάνοντο,</em></span> <span class='ocrx_word' id='word_1_312' title='bbox 1247 3316 1281 3382; x_wconf 80' lang='grc' dir='ltr'><em>ἐκ</em></span> <span class='ocrx_word' id='word_1_313' title='bbox 1302 3316 1426 3382; x_wconf 82' lang='grc' dir='ltr'><em>τούτων</em></span> 
     </span>
     <span class='ocr_line' id='line_1_31' title="bbox 202 3409 1425 3503; baseline -0.002 -21"><span class='ocrx_word' id='word_1_314' title='bbox 202 3409 544 3502; x_wconf 71' lang='grc' dir='ltr'><em>αῦτοὺςάσεβοῦντας</em></span> <span class='ocrx_word' id='word_1_315' title='bbox 566 3420 750 3503; x_wconf 71' lang='grc' dir='ltr'><em>διελέγχειν.</em></span> <span class='ocrx_word' id='word_1_316' title='bbox 788 3417 979 3483; x_wconf 81' lang='grc' dir='ltr'><em>εἰπάτωσαν</em></span> <span class='ocrx_word' id='word_1_317' title='bbox 1001 3425 1113 3484; x_wconf 89' lang='grc' dir='ltr'><em>τοίνυν</em></span> <span class='ocrx_word' id='word_1_318' title='bbox 1133 3425 1168 3484; x_wconf 94' lang='grc' dir='ltr'><em>τί</em></span> <span class='ocrx_word' id='word_1_319' title='bbox 1188 3417 1227 3484; x_wconf 92' lang='grc' dir='ltr'><em>τὸ</em></span> <span class='ocrx_word' id='word_1_320' title='bbox 1250 3415 1425 3502; x_wconf 80' lang='grc' dir='ltr'><em>ἐμποδίζον</em></span> 
     </span>
     <span class='ocr_line' id='line_1_32' title="bbox 200 3510 1427 3604; baseline -0.002 -20"><span class='ocrx_word' id='word_1_321' title='bbox 200 3515 258 3584; x_wconf 86' lang='grc' dir='ltr'><em>τὸν</em></span> <span class='ocrx_word' id='word_1_322' title='bbox 286 3515 385 3597; x_wconf 86' lang='grc' dir='ltr'><em>θεόν,</em></span> <span class='ocrx_word' id='word_1_323' title='bbox 414 3511 467 3583; x_wconf 82' lang='grc' dir='ltr'><em>άεὶ</em></span> <span class='ocrx_word' id='word_1_324' title='bbox 494 3519 554 3581; x_wconf 87' lang='grc' dir='ltr'><em>τοῦ</em></span> <span class='ocrx_word' id='word_1_325' title='bbox 576 3519 650 3583; x_wconf 76' lang='grc' dir='ltr'><em>υἱοῦ</em></span> <span class='ocrx_word' id='word_1_326' title='bbox 672 3521 802 3600; x_wconf 88' lang='grc' dir='ltr'><em>πατέρα</em></span> <span class='ocrx_word' id='word_1_327' title='bbox 824 3510 924 3584; x_wconf 80' lang='grc' dir='ltr'><em>αὐτὸν</em></span> <span class='ocrx_word' id='word_1_328' title='bbox 948 3511 1050 3599; x_wconf 80' lang='grc' dir='ltr'><em>εἶναι,·</em></span> <span class='ocrx_word' id='word_1_329' title='bbox 1082 3517 1204 3604; x_wconf 86' lang='grc' dir='ltr'><em>τὸγὰρ</em></span> <span class='ocrx_word' id='word_1_330' title='bbox 1228 3518 1263 3585; x_wconf 86' lang='grc' dir='ltr'><em>ἐκ</em></span> <span class='ocrx_word' id='word_1_331' title='bbox 1285 3515 1427 3604; x_wconf 77' lang='grc' dir='ltr'><em>’πατρὸς</em></span> 
     </span>
     <span class='ocr_line' id='line_1_33' title="bbox 201 3611 1427 3703; baseline -0.002 -18"><span class='ocrx_word' id='word_1_332' title='bbox 201 3611 287 3686; x_wconf 86' lang='grc' dir='ltr'><em>ελναι</em></span> <span class='ocrx_word' id='word_1_333' title='bbox 316 3615 356 3683; x_wconf 91' lang='grc' dir='ltr'><em>τὸ</em></span> <span class='ocrx_word' id='word_1_334' title='bbox 387 3614 587 3703; x_wconf 88' lang='grc' dir='ltr'><em>γεννώμενον</em></span> <span class='ocrx_word' id='word_1_335' title='bbox 621 3613 839 3702; x_wconf 77' lang='grc' dir='ltr'><em>ὡμολόγηται.</em></span> <span class='ocrx_word' id='word_1_336' title='bbox 884 3617 940 3684; x_wconf 80' lang='grc' dir='ltr'><em>λ’να</em></span> <span class='ocrx_word' id='word_1_337' title='bbox 969 3619 1006 3684; x_wconf 82' lang='grc' dir='ltr'><em>δέ</em></span> <span class='ocrx_word' id='word_1_338' title='bbox 1033 3621 1088 3684; x_wconf 84' lang='grc' dir='ltr'><em>καί</em></span> <span class='ocrx_word' id='word_1_339' title='bbox 1113 3613 1198 3696; x_wconf 83' lang='grc' dir='ltr'><em>όλως</em></span> <span class='ocrx_word' id='word_1_340' title='bbox 1219 3643 1253 3684; x_wconf 91' lang='grc' dir='ltr'><em>τι</em></span> <span class='ocrx_word' id='word_1_341' title='bbox 1275 3621 1427 3686; x_wconf 87' lang='grc' dir='ltr'><em>τοιοῦτον</em></span> 
     </span>
     <span class='ocr_line' id='line_1_34' title="bbox 199 3713 1428 3808; baseline 0.002 -23"><span class='ocrx_word' id='word_1_342' title='bbox 199 3715 412 3805; x_wconf 85' lang='grc' dir='ltr'><em>λογισάμενοι</em></span> <span class='ocrx_word' id='word_1_343' title='bbox 439 3719 517 3806; x_wconf 79' lang='grc' dir='ltr'><em>περὶ</em></span> <span class='ocrx_word' id='word_1_344' title='bbox 536 3713 595 3783; x_wconf 87' lang='grc' dir='ltr'><em>τὸν</em></span> <span class='ocrx_word' id='word_1_345' title='bbox 616 3714 700 3784; x_wconf 86' lang='grc' dir='ltr'><em>θεὸν</em></span> <span class='ocrx_word' id='word_1_346' title='bbox 721 3719 925 3803; x_wconf 81' lang='grc' dir='ltr'><em>καταγνῶσιν</em></span> <span class='ocrx_word' id='word_1_347' title='bbox 948 3719 1091 3796; x_wconf 81' lang='grc' dir='ltr'><em>ίαυτών,</em></span> <span class='ocrx_word' id='word_1_348' title='bbox 1120 3713 1231 3804; x_wconf 85' lang='grc' dir='ltr'><em>ώςπερ</em></span> <span class='ocrx_word' id='word_1_349' title='bbox 1254 3713 1428 3808; x_wconf 79' lang='grc' dir='ltr'><em>ἠρώτησαν</em></span> 
     </span>
    </p>
   </div>
   <div class='ocr_carea' id='block_1_3' title="bbox 196 3935 1429 4146">
    <p class='ocr_par' dir='ltr' id='par_1_4' title="bbox 196 3935 1429 4146">
     <span class='ocr_line' id='line_1_35' title="bbox 232 3935 1429 4004; baseline 0.001 -15"><span class='ocrx_word' id='word_1_350' title='bbox 232 3955 252 3989; x_wconf 80' lang='grc' dir='ltr'><em>υ.</em></span> <span class='ocrx_word' id='word_1_351' title='bbox 272 3939 372 4000; x_wconf 52' lang='lat' dir='ltr'><strong>Senum.</strong></span> <span class='ocrx_word' id='word_1_352' title='bbox 396 3935 425 4000; x_wconf 79' lang='grc' dir='ltr'><em>ἐξ</em></span> <span class='ocrx_word' id='word_1_353' title='bbox 452 3937 559 3994; x_wconf 78' lang='grc' dir='ltr'><em>ἐαυτοῦ.</em></span> <span class='ocrx_word' id='word_1_354' title='bbox 602 3942 665 3995; x_wconf 80' lang='grc' dir='ltr'><em>Εδίιί</em></span> <span class='ocrx_word' id='word_1_355' title='bbox 695 3949 720 3993; x_wconf 78' lang='grc' dir='ltr'><em>οι</em></span> <span class='ocrx_word' id='word_1_356' title='bbox 745 3941 786 3994; x_wconf 71' lang='lat' dir='ltr'><em>ulii</em></span> <span class='ocrx_word' id='word_1_357' title='bbox 837 3941 894 3992; x_wconf 85' lang='grc' dir='ltr'><em>ωεΙ.</em></span> <span class='ocrx_word' id='word_1_358' title='bbox 911 3955 931 3990; x_wconf 87' lang='grc' dir='ltr'><em>π</em></span> <span class='ocrx_word' id='word_1_359' title='bbox 951 3941 1065 3991; x_wconf 81' lang='grc' dir='ltr'><em>οθείναι.</em></span> <span class='ocrx_word' id='word_1_360' title='bbox 1097 3941 1237 4004; x_wconf 72' lang='grc' dir='ltr'><em>δεςιιεείιο.</em></span> <span class='ocrx_word' id='word_1_361' title='bbox 1256 3943 1313 3993; x_wconf 82' lang='lat' dir='ltr'><strong>ibid.</strong></span> <span class='ocrx_word' id='word_1_362' title='bbox 1332 3935 1429 3990; x_wconf 78' lang='grc' dir='ltr'><em>ἄνκαὶ</em></span> 
     </span>
     <span class='ocr_line' id='line_1_36' title="bbox 196 3997 1190 4077; baseline 0.004 -22"><span class='ocrx_word' id='word_1_363' title='bbox 196 3997 226 4062; x_wconf 76' lang='grc' dir='ltr'><em>ἐξ</em></span> <span class='ocrx_word' id='word_1_364' title='bbox 240 3998 335 4055; x_wconf 70' lang='grc' dir='ltr'><em>αδτοῦ.</em></span> <span class='ocrx_word' id='word_1_365' title='bbox 837 4007 904 4077; x_wconf 74' lang='grc' dir='ltr'><em>σχῇς</em></span> <span class='ocrx_word' id='word_1_366' title='bbox 920 4006 989 4066; x_wconf 85' lang='grc' dir='ltr'><em>σὸν,</em></span> <span class='ocrx_word' id='word_1_367' title='bbox 1009 4000 1064 4077; x_wconf 79' lang='grc' dir='ltr'><em>ἄρα</em></span> <span class='ocrx_word' id='word_1_368' title='bbox 1081 4000 1190 4066; x_wconf 78' lang='grc' dir='ltr'><em>ἔξωθεν.</em></span> 
     </span>
     <span class='ocr_line' id='line_1_37' title="bbox 230 4069 1429 4146; baseline 0.002 -21"><span class='ocrx_word' id='word_1_369' title='bbox 230 4076 253 4125; x_wconf 85' lang='lat' dir='ltr'><em>b.</em></span> <span class='ocrx_word' id='word_1_370' title='bbox 273 4076 381 4138; x_wconf 64' lang='lat' dir='ltr'><em>Gabia..</em></span> <span class='ocrx_word' id='word_1_371' title='bbox 400 4085 423 4126; x_wconf 79' lang='lat' dir='ltr'><em>et</em></span> <span class='ocrx_word' id='word_1_372' title='bbox 440 4078 545 4126; x_wconf 76' lang='lat' dir='ltr'><strong>Felekm.</strong></span> <span class='ocrx_word' id='word_1_373' title='bbox 560 4079 581 4128; x_wconf 86' lang='lat'><em>1.</em></span> <span class='ocrx_word' id='word_1_374' title='bbox 600 4069 788 4146; x_wconf 75' lang='grc' dir='ltr'><em>ἀνθρωπίνων</em></span> <span class='ocrx_word' id='word_1_375' title='bbox 872 4095 893 4128; x_wconf 83' lang='grc' dir='ltr'><em>ε.</em></span> <span class='ocrx_word' id='word_1_376' title='bbox 912 4075 954 4132; x_wconf 75' lang='lat' dir='ltr'><em>Sic</em></span> <span class='ocrx_word' id='word_1_377' title='bbox 972 4093 1031 4129; x_wconf 77' lang='lat' dir='ltr'><em>mss.</em></span> <span class='ocrx_word' id='word_1_378' title='bbox 1066 4077 1128 4126; x_wconf 79' lang='grc' dir='ltr'><em>Εδίῑί</em></span> <span class='ocrx_word' id='word_1_379' title='bbox 1146 4091 1201 4126; x_wconf 80' lang='grc' dir='ltr'><em>τετυ</em></span> <span class='ocrx_word' id='word_1_380' title='bbox 1218 4072 1340 4141; x_wconf 77' lang='grc' dir='ltr'><em>γέγονεν.</em></span> <span class='ocrx_word' id='word_1_381' title='bbox 1376 4076 1429 4127; x_wconf 69' lang='lat' dir='ltr'><em>Mox</em></span> 
     </span>
    </p>
   </div>
   <div class='ocr_carea' id='block_1_4' title="bbox 195 4134 1430 4261">
    <p class='ocr_par' dir='ltr' id='par_1_5' title="bbox 195 4134 1430 4261">
     <span class='ocr_line' id='line_1_38' title="bbox 195 4134 1430 4261; baseline 0.001 -71"><span class='ocrx_word' id='word_1_382' title='bbox 195 4139 369 4212; x_wconf 82' lang='grc' dir='ltr'><em>πραγμάτων</em></span> <span class='ocrx_word' id='word_1_383' title='bbox 385 4136 431 4192; x_wconf 80' lang='grc' dir='ltr'><em>καὶ</em></span> <span class='ocrx_word' id='word_1_384' title='bbox 450 4138 690 4212; x_wconf 79' lang='grc' dir='ltr'><em>παραδειγμάτων.</em></span> <span class='ocrx_word' id='word_1_385' title='bbox 837 4146 959 4206; x_wconf 69' lang='lat' dir='ltr'><em>Anguem.</em></span> <span class='ocrx_word' id='word_1_386' title='bbox 979 4154 1003 4196; x_wconf 81' lang='grc' dir='ltr'><em>εί</em></span> <span class='ocrx_word' id='word_1_387' title='bbox 1020 4145 1124 4195; x_wconf 78' lang='lat' dir='ltr'>Felekm.</span> <span class='ocrx_word' id='word_1_388' title='bbox 1139 4143 1162 4193; x_wconf 73' lang='lat'><em>5.</em></span> <span class='ocrx_word' id='word_1_389' title='bbox 1181 4134 1250 4197; x_wconf 77' lang='grc' dir='ltr'><em>όλως</em></span> <span class='ocrx_word' id='word_1_390' title='bbox 1267 4137 1331 4261; x_wconf 58' lang='grc' dir='ltr'><em>εηιί.</em></span> <span class='ocrx_word' id='word_1_391' title='bbox 1367 4144 1430 4195; x_wconf 69' lang='lat' dir='ltr'><strong>ibid.</strong></span> 
     </span>
    </p>
   </div>
   <div class='ocr_carea' id='block_1_5' title="bbox 1300 4203 1427 4275">
    <p class='ocr_par' dir='ltr' id='par_1_6' title="bbox 1300 4203 1427 4275">
     <span class='ocr_line' id='line_1_39' title="bbox 1300 4203 1427 4275; baseline 0 -15"><span class='ocrx_word' id='word_1_392' title='bbox 1300 4207 1347 4266; x_wconf 80' lang='grc' dir='ltr'><em>λος</em></span> <span class='ocrx_word' id='word_1_393' title='bbox 1362 4203 1427 4275; x_wconf 81' lang='grc' dir='ltr'><em>είμί.</em></span> 
     </span>
    </p>
   </div>
   <div class='ocr_carea' id='block_1_6' title="bbox 189 4205 1425 4614">
    <p class='ocr_par' dir='ltr' id='par_1_7' title="bbox 195 4205 1367 4356">
     <span class='ocr_line' id='line_1_40' title="bbox 230 4205 1260 4276; baseline 0 -14"><span class='ocrx_word' id='word_1_394' title='bbox 230 4227 252 4262; x_wconf 85' lang='grc' dir='ltr'><em>ο.</em></span> <span class='ocrx_word' id='word_1_395' title='bbox 270 4211 311 4261; x_wconf 78' lang='lat' dir='ltr'><em>Sic</em></span> <span class='ocrx_word' id='word_1_396' title='bbox 330 4226 388 4262; x_wconf 77' lang='lat' dir='ltr'><strong>mss.</strong></span> <span class='ocrx_word' id='word_1_397' title='bbox 424 4210 485 4260; x_wconf 64' lang='lat' dir='ltr'><strong>editi</strong></span> <span class='ocrx_word' id='word_1_398' title='bbox 508 4225 563 4260; x_wconf 82' lang='grc' dir='ltr'><em>τοτο</em></span> <span class='ocrx_word' id='word_1_399' title='bbox 588 4206 664 4260; x_wconf 83' lang='grc' dir='ltr'><em>διατί</em></span> <span class='ocrx_word' id='word_1_400' title='bbox 685 4206 742 4276; x_wconf 73' lang='grc' dir='ltr'><em>μὴν</em></span> <span class='ocrx_word' id='word_1_401' title='bbox 758 4205 787 4260; x_wconf 77' lang='grc' dir='ltr'><em>ἒν</em></span> <span class='ocrx_word' id='word_1_402' title='bbox 838 4215 937 4272; x_wconf 73' lang='lat' dir='ltr'>segner.</span> <span class='ocrx_word' id='word_1_403' title='bbox 956 4213 1054 4263; x_wconf 62' lang='grc' dir='ltr'><em>(λυαίου.</em></span> <span class='ocrx_word' id='word_1_404' title='bbox 1078 4221 1102 4261; x_wconf 74' lang='grc' dir='ltr'><em>ει</em></span> <span class='ocrx_word' id='word_1_405' title='bbox 1119 4211 1224 4262; x_wconf 71' lang='grc' dir='ltr'><em>Ρείελω.</em></span> <span class='ocrx_word' id='word_1_406' title='bbox 1239 4213 1260 4262; x_wconf 91' lang='lat' dir='ltr'><em>l.</em></span> 
     </span>
     <span class='ocr_line' id='line_1_41' title="bbox 195 4268 1367 4356; baseline 0.003 -30"><span class='ocrx_word' id='word_1_407' title='bbox 195 4275 254 4326; x_wconf 76' lang='grc' dir='ltr'><em>τοῖν</em></span> <span class='ocrx_word' id='word_1_408' title='bbox 270 4268 370 4329; x_wconf 79' lang='grc' dir='ltr'><em>αῦτιῦν.</em></span> <span class='ocrx_word' id='word_1_409' title='bbox 406 4268 584 4327; x_wconf 71' lang='grc' dir='ltr'><em>αῦτιῦνιλεεῑ</em></span> <span class='ocrx_word' id='word_1_410' title='bbox 606 4293 619 4326; x_wconf 82' lang='grc' dir='ltr'><em>ε</em></span> <span class='ocrx_word' id='word_1_411' title='bbox 638 4277 784 4356; x_wconf 54' lang='grc' dir='ltr'><em>Μία-ηαδ.</em></span> <span class='ocrx_word' id='word_1_412' title='bbox 836 4271 908 4327; x_wconf 82' lang='grc' dir='ltr'><em>οῦτοι</em></span> <span class='ocrx_word' id='word_1_413' title='bbox 925 4273 1045 4346; x_wconf 74' lang='grc' dir='ltr'><em>γάρναί</em></span> <span class='ocrx_word' id='word_1_414' title='bbox 1062 4271 1123 4345; x_wconf 79' lang='grc' dir='ltr'><em>ἔχει.</em></span> <span class='ocrx_word' id='word_1_415' title='bbox 1211 4346 1216 4356; x_wconf 35' lang='grc' dir='ltr'>ι</span> <span class='ocrx_word' id='word_1_416' title='bbox 1362 4343 1367 4354; x_wconf 31' lang='grc' dir='ltr'>ι</span> 
     </span>
    </p>

    <p class='ocr_par' dir='ltr' id='par_1_8' title="bbox 189 4343 1425 4614">
     <span class='ocr_line' id='line_1_42' title="bbox 226 4343 1424 4424; baseline -0.002 -29"><span class='ocrx_word' id='word_1_417' title='bbox 226 4346 241 4395; x_wconf 86' lang='grc' dir='ltr'><em>ιλ</em></span> <span class='ocrx_word' id='word_1_418' title='bbox 268 4347 373 4409; x_wconf 74' lang='grc' dir='ltr'><em>8ἰοίλνρ.</em></span> <span class='ocrx_word' id='word_1_419' title='bbox 394 4346 544 4424; x_wconf 42' lang='lat' dir='ltr'><em>emmer..</em></span> <span class='ocrx_word' id='word_1_420' title='bbox 563 4347 591 4393; x_wconf 84' lang='grc' dir='ltr'><em>λί</em></span> <span class='ocrx_word' id='word_1_421' title='bbox 608 4345 664 4424; x_wconf 62' lang='lat' dir='ltr'>egini</span> <span class='ocrx_word' id='word_1_422' title='bbox 684 4357 784 4420; x_wconf 63' lang='lat' dir='ltr'><strong><em>avfovc</em></strong></span> <span class='ocrx_word' id='word_1_423' title='bbox 870 4347 886 4396; x_wconf 90' lang='grc' dir='ltr'><em>ί.</em></span> <span class='ocrx_word' id='word_1_424' title='bbox 905 4346 947 4424; x_wconf 60' lang='grc' dir='ltr'><em>βία</em></span> <span class='ocrx_word' id='word_1_425' title='bbox 963 4353 1062 4424; x_wconf 66' lang='grc' dir='ltr'><em>δεςσεε.</em></span> <span class='ocrx_word' id='word_1_426' title='bbox 1082 4349 1138 4408; x_wconf 71' lang='lat' dir='ltr'><em>fleg.</em></span> <span class='ocrx_word' id='word_1_427' title='bbox 1163 4345 1236 4395; x_wconf 75' lang='grc' dir='ltr'><em>Βτειί.</em></span> <span class='ocrx_word' id='word_1_428' title='bbox 1260 4353 1284 4394; x_wconf 80' lang='grc' dir='ltr'><em>οι</em></span> <span class='ocrx_word' id='word_1_429' title='bbox 1301 4343 1424 4402; x_wconf 61' lang='lat' dir='ltr'><em>Anathan.</em></span> 
     </span>
     <span class='ocr_line' id='line_1_43' title="bbox 190 4407 1425 4545; baseline -0.001 -15"><span class='ocrx_word' id='word_1_430' title='bbox 190 4407 783 4545; x_wconf 53' lang='lat' dir='ltr'><em>1¹:5²szzziss&#39;‘„‚2&#39;.⁰¹2?3.⁸.&#39;&#39;i;;fiff‚33:332ss</em></span> <span class='ocrx_word' id='word_1_431' title='bbox 833 4407 1425 4545; x_wconf 50' lang='lat' dir='ltr'><em>23:2¹2„⁶:,5?÷:;0222522212122¹.2322}ss</em></span> 
     </span>
     <span class='ocr_line' id='line_1_44' title="bbox 189 4537 1100 4614; baseline 0.003 -19"><span class='ocrx_word' id='word_1_432' title='bbox 189 4560 246 4598; x_wconf 85' lang='grc' dir='ltr'><em>ναι.</em></span> <span class='ocrx_word' id='word_1_433' title='bbox 273 4549 413 4600; x_wconf 61' lang='lat' dir='ltr'><em>falcium</em></span> <span class='ocrx_word' id='word_1_434' title='bbox 430 4543 593 4614; x_wconf 72' lang='grc' dir='ltr'><em>προςθῆνιιι.</em></span> <span class='ocrx_word' id='word_1_435' title='bbox 616 4547 695 4598; x_wconf 83' lang='grc' dir='ltr'><em>Εδίιίο</em></span> <span class='ocrx_word' id='word_1_436' title='bbox 709 4545 781 4596; x_wconf 80' lang='lat' dir='ltr'><strong>Gom·</strong></span> <span class='ocrx_word' id='word_1_437' title='bbox 833 4540 869 4595; x_wconf 82' lang='grc' dir='ltr'><em>ἂν</em></span> <span class='ocrx_word' id='word_1_438' title='bbox 885 4541 932 4596; x_wconf 79' lang='grc' dir='ltr'><em>καί</em></span> <span class='ocrx_word' id='word_1_439' title='bbox 950 4539 1033 4600; x_wconf 71' lang='grc' dir='ltr'><em>αὐτόν</em></span> <span class='ocrx_word' id='word_1_440' title='bbox 1050 4537 1100 4598; x_wconf 84' lang='grc' dir='ltr'><em>άεί.</em></span> 
     </span>
    </p>
   </div>
   <div class='ocr_carea' id='block_1_7' title="bbox 0 0 1622 5286">
    <p class='ocr_par' dir='ltr' id='par_1_9' title="bbox 0 0 1622 5286">
     <span class='ocr_line' id='line_1_45' title="bbox 0 0 1622 5286; baseline 0 0"><span class='ocrx_word' id='word_1_441' title='bbox 0 0 1622 5286; x_wconf 95' lang='lat' dir='ltr'><em> </em></span> 
     </span>
    </p>
   </div>
  </div>
 </body>
</html>
