3226 5280
192 387 233 449 70
591 399 617 442 s.
632 399 786 443 ιτσικιειι
801 399 1025 443 εεεειεειεαονι

106 567 182 612 ουν.
192 543 497 632 ὑπολαμβάνοντες,
528 543 561 610 οἱ
582 551 720 633 ποίησιν
742 539 842 612 αὑτοῦ
864 542 922 631 τήν
943 550 1043 612 θείαν
1064 543 1120 611 καί
1143 543 1284 632 άῤῥητον
1305 551 1417 633 γέννη-

193 671 246 714 σιν
267 647 371 731 λέγειν
393 645 587 729 τολμῶντες.
633 640 699 712 οὔτ’
724 635 781 712 οὑν
803 645 1028 730 καταμερίζειν
1047 645 1108 734 χρή
1132 646 1178 725 εἰς
1192 657 1281 732 τρεῖς
1294 645 1420 734 θεότη-

191 769 251 825 τας
278 745 337 833 τήν
365 746 564 835 θαυμαστὴν
593 744 649 812 καί
676 751 774 812 θείαν
795 745 940 829 μονάδα,
964 743 1040 814 σῦτε
1061 746 1199 834 ποιήσει
1219 746 1356 814 κωλύειν
1376 748 1418 814 τό

192 843 322 931 άξίωμα
343 845 459 915 καὶτὸ
481 843 687 933 ὑπερβάλλον
707 851 850 932 μέγεθος
870 850 930 912 τοῦ
951 854 1074 932 κυρίου,
1099 844 1183 914 άλλὰ
1197 853 1418 916 πεπιστευκέ-

192 973 248 1017 ναι
276 948 324 1029 είς
352 947 434 1016 θεὸν
456 953 585 1032 πατέρα
606 946 872 1032 παντοκράτορα,
902 946 958 1014 καὶ
980 948 1027 1026 είς
1048 947 1196 1034 Χριστὸν
1215 944 1336 1035 ’ίησοῦν
1358 947 1418 1016 τὸν

192 1047 267 1117 υἱόν
297 1045 413 1128 αὑτοῦ,
442 1047 498 1114 καὶ
527 1047 574 1127 είς
594 1045 633 1113 τὸ
655 1043 749 1133 ἅγιον
771 1051 917 1132 πνεῦμα,
950 1045 1107 1135 ἡνῶσθαι
1129 1049 1165 1116 δὲ
1186 1053 1233 1136 τῷ
1256 1051 1327 1136 θεῷ
1349 1053 1417 1118 τῶν

194 1147 280 1218 ῦλανν
301 1147 494 1234 τὸνλόγον·
518 1147 581 1234 ἐγὼ
601 1146 672 1234 γάρ,
696 1155 788 1236 φησί,
811 1149 867 1215 καὶ
890 1145 908 1214 δ
931 1149 1041 1238 πατήρ
1064 1151 1097 1217 έν
1119 1149 1261 1235 ἒσμενὟ
1283 1150 1339 1218 καί
1354 1142 1418 1236 έγῶ

193 1251 227 1320 έν
257 1255 304 1338 τῷ
332 1255 452 1335 πατρί,
481 1247 537 1315 καί
566 1244 583 1314 ό
612 1249 722 1339 πατήρ
746 1250 779 1318 ἰν
801 1250 914 1335 ἐμοί’).
960 1247 1047 1317 οῦτω
1069 1250 1131 1336 γὰρ
1154 1245 1194 1317 άν
1215 1247 1311 1338 καὶή
1333 1257 1417 1318 θεία

191 1351 286 1440 τριάς
306 1353 360 1417 καί
382 1349 421 1416 τό
442 1346 536 1435 άγιον
558 1348 703 1437 κήρυγμα
724 1355 782 1437 τῆς
802 1359 982 1438 μοναρχίας
1004 1351 1211 1433 διασώζοιτο.

277 1457 327 1519 27.
372 1449 460 1536 Περὶ
486 1451 522 1518 δὲ
549 1445 747 1536 τοῦ,όιί“δίως
776 1463 924 1519 συνεῖναι
945 1451 1003 1520 τὸν
1025 1453 1121 1538 λόγον
1142 1457 1189 1540 τῷ
1211 1459 1331 1538 πατρί,
1360 1451 1418 1520 καὶ

190 1553 235 1638 μή
259 1551 372 1636 ἑτέρας
394 1546 509 1630 οὐσίας
529 1545 552 1639 ἢ
572 1546 803 1632 ὑποστάσεως,
833 1549 918 1620 ἀλλὰ
938 1556 996 1643 τής
1017 1557 1075 1620 τοῦ
1098 1553 1225 1640 πατρός
1247 1555 1335 1621 ’ίδιον
1358 1547 1419 1620 αό-

190 1650 248 1720 τὸν
271 1647 365 1733 εἶναι,
389 1648 435 1732 ῶς
457 1651 623 1740 εἰρήκασιν
645 1654 678 1719 οἱ
700 1653 733 1720 έν
748 1656 788 1741 τῇ
805 1654 942 1741 συνόδῳ,
966 1654 1086 1735 ἐξέστω
1100 1655 1203 1724 πάλιν
1218 1651 1304 1741 ὑμᾶς
1318 1650 1412 1722 ἀκοῦ-

193 1773 252 1820 σαι
278 1751 334 1820 καὶ
361 1752 455 1840 παρὰ
481 1757 541 1820 τοῦ
571 1753 758 1841 φιλοπόνου
784 1749 975 1841 Ὠριγενούς.
1022 1755 1044 1823 ἂ
1071 1759 1131 1841 μὲν
1158 1756 1221 1843 γὰρ
1244 1752 1289 1835 ῶς
1311 1757 1417 1844 ζητῶν

107 1856 247 1926 μυωταὶ
268 1853 438 1940 γυμνάζων
460 1853 593 1940 έγραψε,
616 1859 720 1922 ταῦτα
740 1855 784 1943 μή
801 1852 846 1934 ῶς
861 1850 961 1924 αὑτοῦ
973 1861 1174 1946 φρονοῦντος
1185 1858 1334 1940 δεχέσθω
1349 1878 1417 1936 τις·

192 1949 296 2024 Ιοἰλλά
320 1957 387 2022 τῶν
416 1952 502 2041 πρὸς
529 1955 598 2041 ἔριν
620 1957 895 2046 φιλονεικούντων

193 2049 428 2144 ὑποφαίνεται,
450 2059 568 2124 Βτοῦτο
589 2061 649 2123 τοῦ
672 2057 858 2144 φιλοπόνου
881 2057 920 2124 τό
942 2059 1095 2147 φρόνημά
1117 2060 1197 2127 ἐστι.
1234 2059 1319 2144 μετὰ
1340 2061 1420 2145 γοῦν

192 2155 234 2223 τά
255 2152 301 2234 ιὺς
323 2155 356 2223 έν
378 2164 542 2245 γυμνασίᾳ
563 2158 721 2243 λεγόμενα
741 2158 828 2245 πρὸς
849 2157 927 2236 τοὺς
947 2159 1148 2244 αἱρετικούς,
1183 2155 1285 2240 εόθὺς
1318 2155 1418 2238 αὑτός

192 2255 347 2343 ἐπιφέρει
366 2255 408 2326 τὰ
430 2258 503 2325 ἰ’δια
524 2259 625 2344 λέγων
648 2256 770 2337 οὑτως·
793 2258 840 2324 ιεί
862 2258 952 2324 ἔστιν
974 2258 1069 2326 είκῶν
1089 2263 1148 2326 τοῦ
1170 2264 1254 2328 θεοῦ
1276 2264 1335 2326 τοῦ
1359 2255 1418 2328 άο-

191 2354 310 2444 ράτου,
340 2352 482 2445 άόρατος
510 2358 622 2426 είκῶν·
651 2359 713 2445 ίγιὺ
743 2361 778 2426 δὲ
806 2357 974 2442 τολμήσας
995 2365 1179 2452 προςθείην
1201 2360 1256 2441 όν,
1288 2357 1341 2428 ότι
1361 2361 1420 2428 καὶ

192 2453 349 2545 ὁμοιότης
377 2462 542 2544 τυγχάνων
571 2464 629 2526 τοῦ
657 2459 786 2545 πατρὸς
807 2453 866 2525 οῦκ
888 2459 977 2542 ἔστιν
1000 2455 1055 2526 όιε
1077 2455 1135 2526 οόκ
1155 2449 1203 2546 ήν.
1248 2460 1333 2528 πότε
1354 2461 1419 2548 γὰρ

194 2555 211 2626 ό
232 2557 316 2638 θεὸς
338 2555 454 2627 όκατόι
468 2559 526 2628 τόν
537 2554 686 2648 Ἰωάννην
703 2564 775 2650 φῶς
790 2559 972 2646 λεγόμενος,
991 2556 1008 2627 ό
1024 2559 1107 2639 θεὸς
1120 2560 1182 2648 γάρ
1198 2563 1271 2648 φῶς
1285 2561 1416 2641 ἐστιν’),

193 2653 396 2746 άπαύγασμα
418 2651 484 2728 ούκΔ
498 2657 563 2745 εἶχε
583 2665 642 2748 τῆς
664 2658 751 2740 ἰδίας
773 2661 885 2749 δόξης,
909 2661 965 2729 ἵνα
985 2661 1152 2751 τολμήσας
1173 2687 1224 2740 τις
1246 2658 1346 2748 ἀρχὴν
1368 2663 1418 2747 δῷ

193 2756 278 2828 εἶναι
299 2762 372 2828 υἱοῦ
394 2761 576 2849 *πρότερον
599 2758 657 2829 οῦκ
679 2759 791 2846 όντυς;
824 2762 910 2830 πότε
931 2763 967 2831 δέ
988 2758 1008 2849 ή
1030 2766 1088 2851 τῆς
1109 2759 1252 2853 άῤῥήτου
1266 2760 1323 2829 καὶ
1337 2757 1418 2829 άκα-

192 2862 398 2947 τονομάστοο
420 2863 476 2930 καί
497 2860 687 2952 ἀφθέγκτου
709 2861 927 2944 ὑποστάσεως
947 2868 1006 2932 τοῦ
1027 2863 1156 2950 πατρὸς
1177 2864 1299 2945 ἐλεῶν,
1325 2861 1419 2946 όχα-

192 2962 351 3050 ρακτήρί),
374 2964 480 3051 λόγος,
504 2961 522 3032 ό
543 2965 711 3052 γινώσκων
733 2964 791 3032 τὸν
813 2971 951 3053 πατέρα,
975 2961 1034 3034 οῦκ
1048 2956 1106 3054 ἦν,
1140 2973 1340 3034 κατανοείτω
1352 2963 1416 3054 γὰρ

194 3060 212 3130 ὁ
234 3066 364 3149 τολμῶν
384 3066 441 3134 καὶ
463 3069 581 3154 λέγων·
603 3057 642 3152 ἦν
664 3090 749 3134 ποτε
769 3063 826 3134 ὅτε
849 3063 907 3133 οόκ
927 3057 966 3152 ἦν
989 3063 1007 3132 ὑ
1030 3066 1110 3146 υἱός,
1135 3063 1188 3133 ότι
1211 3065 1279 3153 ἐρεῖ
1300 3065 1356 3132 καί
1377 3065 1419 3132 τό

194 3169 404 3253 σοφίαποτὲ
426 3162 482 3236 οῦκ
503 3159 551 3257 ήν,
574 3167 631 3236 καὶ
651 3167 747 3254 λόγος
769 3163 828 3234 οῦκ
848 3157 896 3253 ἦν,
920 3169 974 3234 καί
996 3166 1061 3252 ζωή
1084 3163 1142 3233 οὑκ
1162 3157 1211 3254 ἦν.
1242 3165 1298 3232 καὶ
1313 3166 1419 3233 πάλιν

193 3266 227 3336 ἒν
250 3267 373 3354 ἑτέροις
395 3264 481 3335 οὑτω
503 3271 606 3355 λέγει·
628 3265 697 3337 ἀλλ’
721 3264 758 3336 ού
782 3275 883 3353 θέμις
905 3266 994 3336 ἐστίν
1009 3263 1085 3332 οὐδὲ
1100 3261 1270 3332 όαιόνδυνον
1288 3263 1344 3331 διὰ
1358 3265 1419 3354 τήν

194 3362 372 3436 άσθένειαν
398 3363 491 3453 ήμῶν
517 3369 559 3434 τό
587 3367 667 3437 ὅσον
694 3364 745 3456 ἐφ’
769 3365 862 3454 ’ἡμῖν
886 3365 1154 3453 ἀποστερεῖσθαι
1173 3364 1230 3432 τόν
1252 3365 1336 3432 θεὸν
1357 3369 1419 3432 τοῦ

194 3465 247 3537 όιεί
261 3469 417 3548 συνόντος
432 3467 521 3557 αύτῷ
536 3468 635 3556 λόγου
649 3472 854 3556 μονογενοῦς,
872 3474 995 3556 σοφίας
1009 3464 1104 3545 όντος
1117 3457 1139 3554 ᾗ
1154 3471 1366 3554 προςέχαιρεν
1375 3471 1417 3548 5)·

194 3567 281 3638 οὑτω
308 3571 369 3658 γάρ
392 3565 468 3638 οὑδὲ
490 3565 544 3639 δελ
562 3577 686 3658 χαίρων
709 3569 920 3656 νοηθήσεται.
966 3567 1038 3636 ίδοὺ
1060 3565 1156 3656 ήμεῖς
1176 3570 1236 3653 μέν
1259 3567 1293 3635 ἐκ
1313 3573 1421 3636 πατέ-

193 3697 260 3758 ρων
284 3671 331 3751 εἰς
351 3676 500 3758 πατέρας
521 3659 756 3758 διαβεβηκέναῖ
770 3668 831 3755 τήν
850 3669 1005 3755 τοιαύτην
1027 3669 1177 3736 διάνοιαν
1200 3663 1420 3736 ὑποδεικνύο-

193 3793 269 3858 μεν·
282 3768 392 3856 ’ὑμεῖς
415 3773 466 3853 δέ,
497 3761 524 3840 ῶ
546 3779 616 3840 νέοι
634 3767 789 3838 Ἰουδαῖοι
809 3772 864 3836 καλ
886 3774 945 3836 τοῦ
966 3768 1107 3856 Καιάφα
1128 3775 1295 3857 μαθηταί,
1325 3775 1420 3847 τίνας

195 3871 260 3961 άρα
286 3875 353 3939 τῶν
382 3874 536 3960 ῥημάτων
562 3869 654 3959 ὑμῶν
683 3872 770 3956 έχετε
792 3872 900 3950 δεῖξαι
919 3876 1084 3958 πατέρας,
1117 3864 1185 3937 ἄλλ’
1212 3866 1330 3938 οὐδένα
1351 3871 1422 3936 τῶν

195 3971 366 4064 φρονίμων
386 3974 443 4042 καὶ
464 3979 580 4064 σοφῶν
602 3969 642 4044 άν
657 3973 800 4042 ε’ίιτοιτε·
823 3972 945 4052 πάντες
958 3971 1020 4060 γὰρ
1034 3967 1120 4057 ὑμᾶς
1134 3967 1420 4059 ἀποστρέφονται,

195 4076 282 4162 πλήν
303 4073 407 4161 μόνου
428 4077 487 4142 τοῦ
510 4076 683 4163 διαβόλου·
705 4074 806 4160 μόνος
820 4074 881 4161 γάρ
896 4065 974 4158 ὑμῖν
986 4063 1082 4153 οὗτος
1092 4076 1150 4157 τῆς
1160 4072 1315 4157 τοιαύτης
1329 4067 1420 4138 διπο-

266 4261 493 4324 1)1οιο.10,θθ.
579 4262 690 4322 moun.
712 4261 750 4322 14,
771 4263 809 4312 10.
895 4261 921 4320 3)
940 4260 1039 4310 Mean.
1060 4258 1083 4319 1,
1102 4257 1127 4308 ό.
1212 4257 1329 4318 ⁴wicht.
1350 4258 1416 4320 1,3ι

197 4330 223 4395 ό)
240 4332 308 4382 θεον.
327 4331 351 4391 8,
370 4329 412 4381 30.

230 4478 252 4516 ι.
271 4466 341 4516 certe
359 4464 487 4527 legendnm
506 4453 560 4511 ἄλλ’
581 4453 614 4518 ἃ,
634 4462 706 4526 idque
725 4477 778 4512 om·
832 4463 888 4540 λης.
905 4450 975 4524 μετὰ
992 4441 1076 4523 γοῦν,
1102 4456 1142 4508 uhi
1167 4455 1208 4508 alii
1231 4463 1255 4508 et
1273 4455 1330 4506 ιόίιί
1347 4448 1422 4520 μετὰ

195 4535 253 4588 υἱον
271 4534 343 4596 exigit
356 4547 452 4584 τεοευι.
833 4541 890 4576 ουν.

228 4601 251 4653 b.
270 4601 311 4654 Sic
326 4599 384 4665 Res.
418 4599 463 4653 λΙίί
480 4607 504 4652 ει
521 4597 579 4650 edili
594 4588 703 4654 τούτου.
728 4595 780 4645 Mox
867 4609 888 4645 ε.
907 4585 984 4659 [θυαε
1007 4594 1030 4644 in
1049 4593 1078 4644 ίὶι
1096 4604 1157 4656 ηυντ
1175 4590 1247 4642 hodie
1265 4595 1345 4641 extant
1362 4588 1421 4642 Ori·
