3234 5282
544 315 652 360 nmmo
667 317 699 360 n.
716 315 832 362 oonrm
846 317 983 362 munos.
1303 305 1367 370 417

136 469 175 534 ad
196 483 320 549 regnum
343 464 492 530 caelorum
516 467 603 530 etad
625 485 711 529 sunm
725 466 844 530 Patrem
867 468 1028 532 reducem
1050 469 1198 548 praebuit,
1220 489 1287 536 eum
1309 473 1452 538 nimrim

136 571 201 653 Ego
223 588 291 631 sum
313 569 361 630 ria
382 577 412 631 et
433 567 529 643 ianua,
552 587 587 630 ao
606 585 663 648 per
683 586 731 629 me
754 587 859 632 omnes
873 570 1000 632 introire
1015 579 1142 649 oportet
1176 571 1367 653 Quapropter

134 671 355 755 primogenitus
378 689 414 734 ex
436 671 563 732 mortuis
592 669 716 742 dicitur,
745 687 804 730 non
834 668 913 749 quod
935 672 1050 750 primus
1072 680 1206 736 nostrum
1228 686 1365 738 mortuus

135 783 199 848 est,
233 791 292 836 nos
326 771 404 834 enim
436 771 521 851 prius
547 771 658 832 mortui
687 771 856 843 ineramus,
890 769 944 832 sed
971 769 1041 849 quia
1068 781 1165 834 morte
1192 793 1248 853 pro
1276 775 1365 840 nobie

134 881 274 956 suscepta
297 881 328 935 et
349 873 498 936 destructa
519 871 635 952 primus
657 879 692 933 ut
712 871 803 932 bomo
824 869 946 945 revixit,
976 889 1043 934 cum
1073 889 1159 934 suum
1181 891 1288 953 eorpus
1309 895 1365 955 pro

134 976 223 1040 nobis
247 993 284 1038 ex
305 973 432 1038 mortuis
454 973 601 1036 excitavit.
644 970 721 1034 Hine
742 971 823 1033 enim
843 979 1002 1053 postquam
1016 973 1207 1047 revixit-ille,
1229 975 1287 1036 iam
1308 993 1365 1038 nos

135 1077 276 1158 deinceps
299 1084 329 1139 et
350 1075 386 1138 ab
408 1075 459 1138 illo
482 1083 512 1138 et
531 1081 657 1156 propter
678 1073 760 1136 illum
782 1093 957 1138 revocamur
978 1093 1098 1156 quoque
1120 1074 1157 1138 ad
1179 1075 1280 1138 vitam.

221 1484 273 1547 m.
320 1479 407 1554 Quod
431 1479 457 1541 si
475 1483 698 1560 primogenitae
729 1488 890 1542 ereoturoe
912 1478 1037 1551 dicitur,
1063 1498 1124 1542 non
1152 1479 1242 1544 veluti
1262 1500 1363 1546 rerum

136 1592 300 1646 creatarum
330 1581 460 1661 aequalis
489 1589 540 1642 aut
566 1580 673 1642 iisdem
700 1580 786 1660 prior
815 1589 952 1661 tempore
973 1581 1032 1643 hoe
1052 1582 1214 1662 appellatur
1244 1584 1366 1648 nomine

135 1684 198 1764 (qni
220 1684 300 1746 enim
322 1682 352 1744 id
374 1681 439 1744 lieri
460 1689 575 1762 posset,
599 1699 666 1743 cnm
688 1681 753 1761 ipse
768 1681 809 1744 sit
822 1680 1040 1762 unigenitum),
1062 1683 1116 1746 sed
1132 1685 1171 1746 ob
1185 1685 1365 1764 singularem

133 1783 225 1846 Verbi
246 1803 315 1864 erga
337 1802 386 1844 res
409 1783 524 1844 meins
552 1769 781 1860 benignitatem,
810 1801 866 1862 qna
891 1783 984 1845 etiam
1012 1783 1172 1846 multorum
1195 1786 1289 1848 laetus
1313 1795 1450 1870 estnon.

72 1931 75 1936 -
135 1887 237 1948 irater.
282 1883 433 1964 Siquidem
456 1883 484 1944 is
507 1883 679 1962 unigenitus
701 1882 825 1958 dicitur,
853 1884 901 1946 oui
924 1884 996 1947 nulli
1018 1884 1067 1948 alii
1091 1894 1161 1958 sunt
1182 1887 1307 1974 iratres,
1338 1888 1365 1952 ie

135 1995 236 2050 autem
257 1985 366 2048 dicitur
386 1985 619 2066 primogenitus,
649 1985 696 2046 oni
718 1985 768 2047 alii
790 1991 860 2048 sunt
881 1988 1000 2049 iratres.
1044 1986 1121 2050 ilino
1141 1988 1223 2050 nudo
1245 1988 1276 2076 in
1298 1989 1365 2051 loeo

122 2089 356 2182 ¹scripturarum
389 2089 496 2168 legitur
524 2091 746 2169 primogenitae
774 2087 834 2153 Dei
860 2097 912 2150 aut
946 2097 1090 2152 oreotrero
1117 2088 1186 2164 Ilei,
1221 2091 1274 2153 sed
1295 2091 1365 2153 -ista

138 2189 331 2271 Unr‘gmitne,
362 2189 475 2263 Filius,
513 2189 639 2252 Verbum
669 2197 699 2252 et
726 2187 885 2272 Sapientia
912 2191 949 2252 ad
969 2190 1087 2252 Patrem
1115 2193 1300 2268 referuntur,
1327 2191 1365 2254 ad

134 2311 223 2373 quem
245 2300 385 2374 tanquam
407 2292 477 2373 quid
498 2291 654 2372 proprium
676 2289 837 2370 pertinent.
884 2290 1015 2355 Vidimus
1037 2292 1116 2354 enim
1137 2293 1268 2373 glom'om
1289 2298 1363 2366 einr,

132 2394 264 2476 glorium
286 2398 375 2476 perosi
392 2397 543 2474 unigeniti
562 2411 582 2456 o
603 2392 707 2464 Patre,
732 2397 775 2452 et:
805 2390 889 2455 Misit
910 2391 1127 2468 lleurd'ilium
1149 2413 1239 2457 auum
1259 2397 1366 2472 unige-
1460 2463 1467 2480 ἱ

132 2501 245 2568 mitum,
276 2503 320 2558 et:
356 2494 395 2558 ln
416 2494 587 2565 soeculum,
619 2491 762 2562 Domine,
797 2491 923 2556 Verbum
945 2504 1031 2557 tunm
1047 2508 1226 2576 permonet,
1250 2502 1293 2553 et:
1327 2491 1366 2556 ln

132 2600 285 2675 principio
309 2606 378 2656 erot
404 2595 539 2666 Verbum,
564 2602 593 2654 et
612 2590 739 2654 Verbum
761 2605 835 2656 erot
850 2595 932 2677 opud
951 2597 1060 2671 Deum,
1083 2603 1127 2658 et:
1153 2595 1294 2657 Gloriatur
1309 2592 1368 2655 Dei

135 2697 238 2756 uirtus
261 2704 290 2754 et
311 2693 370 2754 Dei
390 2698 555 2773 snpientia,
578 2699 623 2754 et:
655 2691 712 2756 Hie
734 2707 780 2758 eat
800 2694 897 2760 Filius
920 2716 1004 2760 mem
1027 2696 1170 2766 dilectur,
1195 2703 1239 2756 ot:
1270 2693 1313 2754 Tu
1335 2713 1366 2756 ee

137 2793 278 2856 Christus
301 2790 399 2854 Filius
413 2793 474 2854 liei
492 2797 630 2888 uiuentis.
665 2795 888 2876 Prrinogem'tus
905 2804 1004 2858 eutem
1020 2795 1185 2876 appellatur
1200 2813 1236 2855 ex
1251 2812 1369 2855 summa

134 2913 189 2957 sua
213 2911 283 2973 erga
305 2900 433 2956 ornatam
455 2899 588 2958 naturam
618 2895 817 2970 humanitate;
852 2897 917 2958 eius
946 2896 1056 2974 quippe
1083 2895 1181 2956 dietus
1209 2895 1298 2957 etiam
1321 2900 1372 2956 est.

131 2979 364 3076 primogenitus.
408 2993 543 3056 Dietione
575 3006 672 3058 autem
706 3001 822 3059 ereooit
855 2995 1039 3073 significatur
1072 2993 1181 3074 gratim
1215 3013 1304 3075 quam
1335 2994 1367 3056 in

134 3115 227 3177 opera
255 3095 395 3170 contulit3
410 3079 412 3084 ¹
427 3113 554 3175 namque
580 3097 613 3159 in
640 3098 690 3159 illa
718 3104 845 3160 oreatun
890 3095 921 3155 Si
945 3112 1017 3174 orgo
1040 3095 1210 3175 unigenitus
1234 3102 1294 3168 est,
1322 3095 1366 3156 uti

134 3215 239 3260 revera
263 3205 318 3271 est,
341 3215 399 3258 vox
421 3195 477 3259 ista
496 3203 719 3280 primogenitae
742 3205 791 3257 est
812 3213 884 3258 sane
905 3196 1086 3276 explicanda.
1120 3197 1178 3258 Sed
1201 3197 1226 3259 si
1247 3195 1363 3277 primo·
1391 3231 1395 3236 v

134 3298 253 3379 genitus
283 3306 345 3372 est,
374 3299 545 3378 unigenitus
574 3301 632 3362 diei
655 3317 717 3362 nou
740 3297 838 3360 debet.
881 3298 964 3359 idem
988 3298 1066 3360 enirn
1088 3317 1148 3360 non
1170 3307 1272 3380 potest
1294 3299 1377 3360 uni--

133 3399 251 3478 genitus
275 3407 305 3460 et
325 3398 542 3481 primogenitus
565 3420 644 3476 esse,
667 3399 728 3462 nisi
750 3400 787 3462 ad
810 3399 925 3462 direrea
947 3400 1098 3480 respiciat,
1121 3401 1161 3464 ita
1178 3410 1211 3461 ut
1226 3399 1362 3479 unigeni-

132 3509 181 3563 tus
208 3500 329 3580 quidem
356 3501 484 3576 dicatur,
519 3511 665 3582 quatenus
694 3520 730 3563 ex
758 3501 846 3563 Patre
873 3500 990 3580 genitus
1019 3510 1081 3576 est,
1115 3502 1363 3582 quemadmodum

133 3601 242 3663 dictum
264 3609 321 3676 est,
343 3603 561 3682 primogenitus
575 3624 658 3680 vero,
682 3591 828 3684 quatenus
844 3602 985 3682 singulari
1001 3621 1070 3682 erga
1085 3613 1213 3666 creatam
1228 3591 1364 3664 naturam

132 3701 313 3782 benignitate
343 3722 416 3766 unus
447 3715 494 3766 eet
514 3705 686 3786 multosque
710 3703 767 3766 sibi
789 3705 897 3766 iratres
919 3705 1058 3773 reddidit.
1103 3704 1190 3764 Certe
1213 3722 1280 3764 oum
1302 3703 1362 3763 duo

132 3803 181 3866 illa
202 3803 323 3866 nomina
347 3787 425 3866 inter
447 3823 481 3866 se
509 3807 570 3867 nint
597 3806 764 3878 contraria,
797 3803 876 3866 haud
908 3803 1058 3892 immerito
1086 3803 1185 3881 possit
1211 3801 1361 3875 affirmari,

132 3923 243 3966 nomen
266 3905 409 3984 unigeniti
430 3905 552 3986 proprie
573 3907 668 3985 magis
683 3905 781 3968 Verbo
805 3904 976 3978 convenire,
998 3901 1237 3982 quandoquidem
1253 3901 1364 3965 nullum

168 4047 1364 4123 efflmwffimmmmmmrmfflwmwmmmmwm

132 4119 179 4173 arui
201 4118 232 4174 ἐν
256 4120 328 4194 ἀρχῇ
351 4111 385 4185 ἦν
410 4117 424 4172 d
447 4117 528 4190 λόγος
550 4139 598 4176 neo
621 4141 649 4175 ea
667 4125 725 4188 legit
774 4119 896 4173 reododm
909 4115 1091 4192 πρωτότοκος.
1111 4125 1156 4174 liii
1170 4123 1363 4175 ereditcomm.

133 4195 252 4246 Nunnius.
775 4184 800 4241 εἰ
816 4185 871 4270 μέν’
886 4177 935 4240 οὖν
950 4183 1104 4258 μονογενής
1120 4185 1210 4242 ἐστιν·
1233 4185 1272 4258 μὴ
1290 4183 1362 4239 dureo

774 4273 956 4326 mmmmm

809 4332 833 4380 b.
859 4331 958 4390 Seguer.
983 4330 1039 4391 llog.
1059 4330 1156 4380 Gobler.
1175 4338 1199 4379 et
1217 4326 1320 4378 Felelim.
1341 4323 1363 4374 l.

775 4397 799 4448 l.
824 4406 848 4446 et
872 4398 895 4446 5.
919 4398 1010 4448 addunt
1032 4391 1079 4448 roi
1102 4397 1153 4457 τὴν
1177 4395 1235 4445 roir
1256 4387 1365 4441 πολλῶν

167 4479 189 4528 g.
208 4467 249 4516 Sin
272 4467 373 4530 Seguer.
391 4467 446 4530 lleg·
466 4467 557 4530 Anglie.
576 4476 600 4517 et
617 4465 723 4516 Felckm.
776 4455 1009 4531 ἇδελφοποίησιν,
1029 4481 1090 4530 quae
1109 4467 1133 4514 iu
1151 4466 1205 4514 aliie
1224 4472 1247 4514 et
1265 4463 1288 4511 ln
1307 4457 1365 4510 eun.

131 4527 997 4608 dssmmmmmwmwwfflocmmmm

122 4687 131 4692 ..
168 4620 298 4705 irnonuan
308 4633 441 4668 ormnem
454 4635 502 4668 un.
1127 4613 1159 4664 27

169 4295 189 4346 le
210 4295 306 4345 Feiclrm
325 4295 348 4345 2.
369 4303 392 4345 et
409 4295 465 4348 editi
481 4287 642 4359 κατάβασιν.
678 4293 724 4346 llll

135 4377 192 4414 mro.
212 4358 422 4428 συγκατάβασιν.
