3162 5308
479 393 588 438 celric
605 393 642 438 ιν.
660 393 776 438 cerunt
790 394 924 440 meroe.
1238 383 1299 447 645
1376 399 1384 412 ·

12 547 139 628 apud
154 547 297 610 nedem:
322 545 454 610 Gentcbu
469 543 575 610 dilectu
591 547 739 610 cunctum
753 544 855 608 dilecti
867 549 970 610 creent
984 565 1076 610 mccc.
1113 547 1204 612 Vc'uec
1216 533 1385 630 [urrunnu.

12 661 91 712 est
127 647 250 714 dilecte
273 646 353 726 (quis
374 653 471 708 entem
493 645 616 708 dilectus
638 654 684 708 eet
705 653 823 726 practer
837 645 942 710 Filium
964 648 1150 728 unigenitum
1158 647 1198 727 i),
1220 650 1299 712 utin

12 751 190 814 Psalmo
216 749 380 812 centesimo
402 767 483 810 nono
505 747 644 810 babetur:
677 747 726 810 De
752 758 842 810 utere
863 761 934 813 cute
956 749 1131 831 luciferum
1150 758 1243 832 cenci
1262 763 1299 826 tt,

15 854 78 914 (le
115 871 191 932 que
216 859 322 931 pecten
343 850 460 914 dicendi
480 850 564 912 locus
588 848 655 924 erit,
678 847 760 912 etin
781 847 970 914 Proverbiis:
992 850 1070 914 Ante
1091 869 1191 916 cmm
1208 852 1299 916 culice

19 959 164 1036 yiym't
186 973 245 1026 ure,
270 962 298 1016 et
319 951 397 1032 npud
417 950 583 1014 Danielem:
604 949 644 1012 Iit
666 955 777 1032 rpccc'ee
799 954 907 1032 quarti
926 950 1034 1015 ecbrtltr
1050 951 1127 1016 Fc'b'c
1144 951 1208 1026 Det.
1230 955 1299 1034 plu-

24 1075 161 1137 raque
186 1055 255 1118 elia.
299 1054 331 1116 Si
353 1073 424 1134 ergo
447 1073 483 1118 ex
504 1051 595 1116 reteri
611 1051 803 1116 Testamento
825 1053 937 1132 petitur
958 1053 1125 1134 antiquitus,
1148 1057 1299 1120 latendum

31 1159 176 1239 utique
202 1165 249 1220 est
270 1157 421 1236 antiquum
443 1147 547 1220 Filium
570 1173 654 1230 esse,
688 1173 755 1218 cum
782 1155 882 1218 mutue
911 1155 943 1218 in
963 1156 1038 1218 locis
1060 1158 1168 1221 veteris
1190 1159 1387 1236 Teste-rme.

32 1261 167 1324 menti
191 1267 450 1324 commemoretur.
494 1259 559 1336 „ltu
581 1267 643 1332 est,
671 1257 823 1337 inquiunt,
852 1257 905 1320 sed
933 1257 989 1320 istc
1017 1259 1191 1340 prophetice
1223 1260 1300 1324 dictu

12 1407 13 1410 ,
37 1411 67 1439 ‚‚
82 1369 223 1437 sunt3‘·
247 1380 317 1442 ergo
340 1370 370 1424 et
390 1361 438 1424 ibn
459 1360 570 1441 puriter
591 1360 628 1422 de
642 1358 739 1442 Verbo
754 1358 925 1438 prophetice
946 1371 1109 1422 memoratu
1131 1369 1209 1424 eunt.
1239 1363 1301 1426 Nec

38 1465 151 1528 enim
177 1483 271 1532 unum
294 1463 468 1544 prophetice
490 1470 536 1526 est
557 1462 682 1536 dictum,
711 1460 788 1524 aliud
817 1479 888 1522 vero
915 1477 978 1524 non
999 1463 1182 1545 prophetice.
1225 1463 1300 1528 Nam

38 1570 75 1630 si
109 1568 196 1630 haec
218 1567 325 1630 rerba:
354 1564 451 1628 l'c'b'uc
477 1582 561 1626 utem
584 1583 615 1642 ec
638 1575 687 1640 tu,
714 1563 846 1626 turnum
874 1561 982 1642 eliqeuid
1010 1563 1191 1644 significent,
1219 1565 1299 1630 idem

38 1671 159 1732 etiam
184 1670 224 1730 de
246 1668 305 1731 illis
327 1664 425 1728 verbis
447 1663 604 1726 dicendum
625 1675 685 1726 est:
718 1664 811 1729 Verbo
833 1664 958 1728 Duruiui
985 1665 1060 1729 cuelr'
1078 1668 1197 1749 finuctc'
1215 1680 1298 1732 eunt.
1385 1724 1389 1734 .

41 1773 128 1834 Nee
153 1768 336 1832 enim¹dixit
356 1766 423 1830 lecti
446 1775 517 1828 suut
537 1766 582 1828 vel
602 1765 681 1830 iecit.
737 1767 825 1840 Quod
846 1775 944 1829 autem
966 1767 1140 1832 vocabulum
1162 1771 1300 1852 fimavit

41 1875 95 1936 de
126 1873 235 1934 tuturo
258 1868 479 1949 intelligendum
508 1868 562 1942 sit,
595 1869 741 1932 coniicere
767 1868 835 1932 licet
864 1887 900 1932 ex
927 1869 974 1932 bie
1003 1869 1116 1933 verbis:
1148 1871 1298 1939 Demitur

46 1977 229 2054 remeauit,
258 1970 381 2034 deinde:
409 1969 527 2032 Etenim
547 1972 684 2053 firmcec’t
707 1972 808 2036 orbem
830 1985 946 2044 terrac,
977 1977 1030 2054 qut
1048 1993 1112 2036 uun
1134 1992 1300 2039 commove-

47 2080 168 2140 bitur.
217 2074 249 2136 Si
271 2073 341 2136 item
364 2091 413 2142 eu,
436 2090 511 2151 quae
533 2072 565 2134 in
586 2071 704 2136 Pecbno
726 2073 952 2152 quadragesimo
975 2083 1079 2154 quarte
1099 2095 1159 2158 pre
1182 2077 1297 2142 Dilecto

52 2187 250 2250 narrantur,
278 2176 314 2238 ed
336 2177 465 2238 futurum
489 2183 605 2254 tempus
626 2173 790 2254 pertinent,
819 2175 898 2246 idem
926 2195 1043 2256 qunque
1064 2178 1122 2240 erit
1142 2178 1299 2244 dicendum

51 2284 101 2344 de
131 2279 193 2355 bis,
216 2297 291 2360 quae
313 2284 494 2358 sequuntur:
517 2276 677 2338 Eructavit
699 2295 754 2340 cer
773 2295 872 2342 meum
891 2277 1018 2342 Verbum
1039 2281 1160 2344 benum.
1205 2281 1298 2344 Simi-

56 2385 141 2446 liter
164 2382 191 2446 si
213 2383 287 2444 baec
308 2378 410 2442 rerba:
439 2379 614 2450 deutero,
643 2378 796 2442 bominem
817 2379 975 2455 denotent,
1008 2399 1079 2460 erge
1108 2390 1138 2443 ct
1160 2382 1241 2462 qued
1262 2400 1300 2444 ex

58 2484 166 2546 eorde
199 2482 324 2567 eructcri
352 2482 469 2544 dicitur.
519 2479 651 2560 Namque
678 2479 704 2542 ei
732 2490 836 2542 uterus
863 2481 1025 2544 humanum
1054 2483 1124 2561 quid
1152 2491 1213 2558 eet,
1246 2501 1299 2546 cor

64 2584 167 2646 etiem
187 2601 332 2662 corporea
353 2601 403 2646 ree
426 2591 482 2646 eet.
526 2583 584 2644 Sed
617 2581 744 2662 siquod
767 2601 802 2644 cx
823 2583 912 2646 corde
934 2583 1124 2664 profunditur
1145 2593 1298 2648 ueternum

65 2690 136 2759 est,
158 2683 228 2746 iliud
250 2684 347 2755 etiem,
371 2683 451 2762 quud
473 2702 508 2746 ex
530 2695 614 2746 utero
638 2685 791 2760 nescitur,
812 2692 965 2748 ueternum
988 2703 1057 2746 cese
1078 2685 1300 2765 intelligendum

69 2793 136 2848 est.
180 2783 320 2848 Similiter
341 2784 367 2846 si
389 2785 561 2863 Unigenitue
585 2795 630 2848 est
652 2787 682 2850 in
705 2786 783 2861 eine,
804 2785 935 2850 Dilectus
958 2803 1076 2865 quoque
1098 2785 1129 2846 in
1150 2787 1219 2849 einu
1241 2792 1298 2848 eet.
1385 2823 1389 2834 ·

67 2887 161 2950 Idem
183 2887 261 2948 enim
283 2896 328 2947 est
347 2885 523 2965 Unigenitus
545 2897 575 2950 et
588 2887 727 2976 Dilectus,
750 2897 783 2948 ut
804 2905 840 2950 ex
862 2887 1025 2965 bie'liquet
1044 2885 1159 2950 verbis:
1182 2887 1239 2950 Hic
1253 2897 1300 2952 eet

70 2988 176 3052 Filius
196 3007 279 3050 meur
302 2987 447 3050 Dilectus.
491 2987 551 3050 Nec
572 2987 650 3052 enim
672 2997 705 3052 ut
726 3006 810 3050 uuam
831 2988 862 3049 in
884 3005 952 3050 eum
975 2987 1125 3052 caritatem
1147 2987 1297 3067 signitica-

70 3099 136 3164 ret,
158 3087 299 3152 Dilectum
321 3089 418 3168 ipsum
441 3090 605 3170 appellarit,
628 3107 667 3154 ne
688 3088 762 3152 elios
778 3089 849 3150 edic
864 3087 973 3152 bebere
987 3089 1130 3165 rideatur,
1153 3090 1207 3154 sed
1222 3089 1297 3152 Uni-

71 3193 208 3274 genitum
231 3190 378 3254 indicnbnt
399 3209 481 3262 eece,
511 3199 544 3252 ut
566 3190 662 3252 uelum
685 3209 754 3252 eum
775 3209 811 3254 ex
833 3190 934 3270 seipso
957 3208 1026 3253 esee
1048 3192 1178 3256 doceret.
1221 3191 1298 3256 llinc

73 3295 204 3358 Verbum
227 3295 338 3373 ipsum,
367 3311 434 3354 cum
460 3291 642 3371 unigenitum
663 3290 796 3354 Abrahae
818 3291 908 3354 tilium
932 3292 1018 3353 vellet
1038 3292 1209 3372 designare,
1237 3293 1295 3356 ait:

75 3399 166 3480 Offer
186 3395 283 3477 fidium
304 3405 389 3458 tuum
411 3395 560 3458 dilectum.
604 3393 720 3466 Nemini
747 3401 844 3456 cutem
873 3393 993 3458 dubium
1022 3403 1069 3458 eet
1095 3395 1192 3460 selum
1214 3395 1298 3460 lenae

75 3520 112 3564 er
136 3499 207 3560 Sera
228 3497 358 3576 genitum
379 3496 428 3560 btc
448 3495 582 3576 intelligi.
625 3494 727 3574 ltaque
749 3494 875 3558 Verbum
899 3503 946 3558 est
966 3495 1073 3571 Vilius,
1105 3516 1167 3560 non
1188 3515 1296 3560 reeens

76 3603 171 3664 laetus
191 3599 235 3662 vel
258 3599 427 3662 nominatus
448 3598 556 3672 Filius,
589 3596 643 3660 sed
670 3614 789 3680 semper
809 3596 912 3660 Filius.
955 3598 1029 3662 Nem
1057 3599 1082 3662 si
1112 3599 1204 3662 Filius
1233 3617 1296 3662 non

78 3712 141 3776 eet,
169 3715 222 3764 nec
243 3701 370 3763 Verbum
392 3719 461 3761 esee
481 3707 592 3780 petest.
634 3697 671 3764 Et
691 3698 822 3762 vicissim
849 3700 876 3762 ei
906 3700 1031 3764 Verbum
1061 3719 1121 3764 nen
1149 3709 1211 3776 eet,
1240 3719 1298 3764 nec

37 3837 42 3852 ·
77 3803 169 3868 Filius
190 3811 388 3883 potestesse.
432 3800 584 3880 Siquidem
613 3800 692 3879 qnod
720 3819 755 3863 ex
783 3801 870 3863 Putre
898 3810 958 3876 eet,
989 3801 1080 3866 Vilius
1109 3801 1210 3882 ntique
1237 3811 1295 3867 est.

82 3907 159 3980 Quid
180 3921 268 3984 perro
291 3910 337 3966 εει
358 3919 394 3964 ex
412 3902 510 3974 Patre,
533 3901 593 3964 nisi
609 3899 745 3975 Verbum,
768 3902 849 3980 quod
871 3921 906 3962 ex
929 3901 1018 3964 cerde
1037 3920 1232 3982 progressum
1248 3911 1296 3966 est

82 4019 166 4070 etex
187 4015 268 4067 uteru
290 4000 445 4082 genitum?
488 4001 549 4064 Nec
569 4001 649 4063 enim
670 4001 757 4064 Peter
771 4001 900 4065 Verbum
923 4011 980 4078 est,
1002 4013 1051 4066 eut
1065 4001 1193 4066 Verbum
1207 4005 1295 4070 Peter
1407 3986 1410 3995 ¹

84 4119 138 4184 eet,
160 4106 208 4170 sed
230 4106 278 4168 ilie
298 4105 396 4178 Peter,
419 4103 468 4166 bic
488 4103 579 4166 Filius
602 4109 658 4178 εει,
679 4102 728 4166 ille
749 4102 851 4183 gignit,
875 4104 923 4166 bie
936 4097 1080 4184 'gignitun

89 4289 126 4348 eb,
144 4285 301 4360 ἐξηρεόξατο.
337 4292 381 4342 dlii
400 4301 423 4342 et
441 4291 497 4342 editi
515 4283 546 4338 cd
564 4281 659 4356 ἔνηφε·
710 4284 760 4350 τὴν
776 4281 815 4343 eir
832 4275 923 4342 udr‘c'v.
950 4292 993 4342 etti
1004 4304 1027 4344 et
1037 4293 1093 4344 editi
1103 4291 1141 4358 τῷ
1153 4287 1191 4350 ric
1200 4284 1293 4344 εὔιόν.

90 4357 203 4425 ρόμενον,
223 4353 389 4430 identitare.
744 4360 767 4408 b.
785 4359 1061 4423 decucurrerunt.
1079 4362 1176 4414 Gobler.
1188 4361 1292 4412 ethsd.

124 4431 137 4477 t.
154 4430 309 4508 deusquner.
328 4429 425 4482 Gcbier.
444 4428 516 4478 Decii.
534 4427 657 4488 ctlnfllie.
709 4421 781 4508 φησί
804 4437 826 4478 ct
851 4443 904 4480 uren
927 4421 1045 4496 Σάρῤαε.
1090 4431 1170 4484 Ceteri
1193 4437 1217 4479 et
1235 4429 1293 4479 editi

91 4487 133 4540 cui
148 4491 160 4555 ἢ
176 4491 274 4563 rendra.
311 4499 388 4548 cuturn
412 4506 436 4548 et
459 4497 515 4547 editi
532 4489 577 4544 crui
593 4508 657 4564 καρ-
707 4509 762 4562 εφη
781 4503 805 4546 ct
821 4489 921 4564 Σάρας.

94 4557 143 4611 dtu.
173 4565 255 4616 ibidem
272 4567 369 4618 Gcbler.
388 4557 536 4631 σωματικά.
742 4565 757 4614 i.
776 4565 831 4628 Deg.
849 4555 948 4628 Seguer.
973 4565 1045 4618 Decii.
1064 4573 1087 4616 et
1104 4565 1194 4682 lnglic.
1212 4551 1237 4609 εἰ
1256 4555 1290 4590 ”²

126 4645 144 4692 g.
162 4631 207 4692 leg.
223 4633 498 4696 Stanecbueillnglrc.
518 4641 540 4682 et
559 4631 656 4684 Gobler.
706 4623 793 4698 λόγος.
830 4633 907 4684 Ceteri
925 4641 949 4684 ct
966 4633 1023 4686 editi
1040 4623 1064 4682 ei
1079 4625 1117 4697 μὴ
1155 4623 1227 4693 ‚ttyu
