3226 5280
455 393 601 436 nrrsrou
614 394 652 436 ns
666 393 811 438 nscnnrrs
826 395 970 445 murenas
986 398 1104 443 smonr.
1353 385 1394 448 55

160 544 223 606 Nec
257 543 337 606 enim
365 543 465 604 omnio
492 551 563 605 sunt
584 551 617 606 ut
637 544 744 620 Filius,
776 565 832 608 nec
852 549 980 610 Verbum
1005 569 1094 612 uuum
1118 559 1162 612 est
1185 569 1221 612 ex
1244 550 1480 624 annibonius.

161 647 215 708 sed
239 646 375 708 omnium
398 653 445 706 eet
467 645 606 706 dominus
629 655 659 707 et
679 647 786 726 opilea.
832 649 985 729 Siquidem
1008 651 1117 712 idcirco
1140 663 1239 712 sancta
1255 653 1393 730 Synodus

160 747 298 828 apertius
321 745 411 818 dixit,
434 747 515 808 illum
538 765 574 808 ex
596 747 760 810 substantia
782 750 877 811 Patris
901 769 987 820 esse,
1017 759 1050 811 ut
1073 751 1200 812 l'erbum
1223 753 1299 812 aliud
1323 773 1392 814 esse

158 871 177 911 a
200 859 309 910 natura
331 867 432 910 renum
453 850 595 910 lectarum
618 851 799 918 crederetur,
823 870 889 912 curn
912 850 1011 912 solum
1033 870 1104 911 vere
1128 853 1169 910 sit
1190 870 1226 910 ex
1247 853 1323 924 ben,
1345 863 1392 914 et·

159 971 222 1031 qne
255 957 289 1012 ut
322 949 410 1011 etiam
444 950 542 1012 nudus
571 951 629 1011 iam
658 951 741 1012 locus
772 951 877 1012 dolose
905 952 1012 1029 agendi
1040 951 1140 1030 impiis
1169 951 1392 1029 relinqueretur.

158 1053 244 1114 Haec
265 1069 338 1130 crgo
361 1051 415 1113 luit
436 1069 532 1122 eausa,
557 1069 610 1112 cur
632 1069 671 1114 eor
691 1053 866 1114 substantia
888 1052 1031 1132 scriptum
1054 1053 1104 1112 sit.

250 1155 303 1217 20.
349 1151 420 1213 Eum
443 1161 541 1214 nutem
564 1171 669 1214 rursus
691 1152 834 1232 Episcopi
856 1154 999 1226 dicerent,
1023 1153 1216 1216 scribendum
1239 1172 1306 1214 esse
1322 1153 1394 1214 l’er-

159 1255 235 1318 bum
256 1254 395 1314 uirtutem
418 1272 517 1314 reram
540 1253 757 1332 imaginemque
780 1254 876 1316 Putris
900 1275 983 1328 esse,
1007 1256 1092 1333 eique
1115 1256 1144 1315 in
1168 1255 1308 1316 omnibus
1331 1255 1395 1316 siue

159 1357 220 1418 ulla
244 1372 370 1433 prorsus
392 1356 533 1416 uarietate
556 1373 624 1414 esse
648 1353 839 1428 simillimum,
863 1357 991 1436 denique
1014 1357 1194 1418 immutabile
1217 1375 1395 1436 semperque
1426 1377 1434 1394 ·

161 1477 246 1530 esse,
268 1475 303 1517 ao
324 1455 390 1516 sine
413 1455 559 1516 divisione
581 1457 612 1516 in
634 1456 700 1535 ipso
724 1477 792 1518 esse
814 1463 882 1529 (nec
904 1457 982 1520 enim
1006 1477 1133 1536 unquam
1157 1476 1215 1518 tion
1244 1459 1314 1528 luit,
1341 1457 1394 1518 sed

158 1559 218 1620 luit
240 1577 360 1636 semper
381 1557 520 1631 Verbum,
543 1557 623 1636 quod
646 1567 676 1618 et
696 1559 733 1619 ab
756 1560 936 1620 aeternitate·
951 1559 1027 1638 apud
1044 1560 1160 1620 Patrem
1183 1559 1302 1628 exstitit,
1327 1567 1393 1620 lan-

161 1679 253 1740 quom
276 1659 349 1720 lucis
373 1658 545 1738 splendor),
568 1658 615 1718 bis
639 1667 736 1720 autem
758 1679 824 1720 cum
846 1659 1006 1740 Eusebium
1029 1679 1194 1740 repugnare
1217 1679 1277 1720 non
1299 1661 1392 1722 aude·

160 1769 246 1833 rent,
276 1769 481 1839 utpote.quos
514 1759 702 1838 suppudebat
730 1761 879 1822 convictos
907 1771 937 1824 et
964 1763 1132 1823 consulates
1157 1761 1266 1830 luisse,
1296 1769 1391 1822 tamen

163 1861 345 1943 deprebeosi
374 1871 445 1922 sunt
472 1860 549 1921 inter
579 1879 612 1920 se
635 1860 742 1922 iterum
764 1881 948 1924 murmurare
971 1863 1123 1942 oculisque
1147 1863 1289 1930 innuere,
1322 1861 1393 1922 istas

161 1982 251 2024 voces
275 1962 388 2032 Simile,
411 1980 540 2042 semper,
564 1967 718 2033 uirtutem,
742 1975 771 2024 et
793 1967 825 2024 in
847 1967 914 2044 ipso
937 1963 1026 2024 nobis
1049 1983 1114 2024 cum
1128 1963 1201 2024 Filio
1225 1980 1294 2021 esse
1310 1979 1394 2022 com·

161 2083 281 2136 munes,
304 2083 339 2124 ac
359 2063 486 2143 proinde
509 2063 580 2124 nibil
603 2063 660 2124 illis
683 2063 841 2126 molestum
865 2065 967 2134 rideri,
992 2063 1017 2124 si
1041 2065 1113 2124 baec
1135 2083 1190 2124 nos
1210 2061 1393 2142 approbare·

104 2158 107 2164 ’
161 2185 241 2226 mus.
287 2165 359 2226 Nam
382 2165 463 2244 quod
486 2164 522 2226 ad
546 2183 649 2226 rocem
664 2165 772 2226 similis
789 2173 913 2245 spectat,
938 2184 985 2237 ea,¹
1005 2163 1187 2244 inquiebant,
1211 2164 1297 2224 nobis
1315 2183 1392 2242 quo-

161 2287 220 2347 que
243 2265 426 2340 attribuitur,
456 2267 564 2346 quippe
588 2286 654 2328 cum
678 2269 821 2346 scriptum
844 2267 900 2328 sil:
930 2267 1020 2328 bomo
1044 2271 1140 2344 sinopa
1164 2275 1193 2326 et
1214 2267 1313 2345 plorio
1338 2265 1396 2328 lter·

160 2381 217 2432 est.
263 2369 325 2429 Vox
351 2387 469 2449 semper
495 2370 583 2430 nobis
613 2369 683 2430 ilem
707 2367 863 2440 convenit3
897 2386 964 2428 nam
997 2368 1140 2445 scriptum
1174 2376 1236 2426 est:
1270 2366 1394 2446 Semper

161 2474 241 2535 enim
263 2487 318 2532 nos
341 2475 486 2532 uiuentes.
530 2470 592 2531 Nec
613 2471 685 2530 baec
707 2472 795 2532 rerba
818 2475 851 2530 in
875 2475 940 2550 ipso
962 2489 978 2532 a
1002 2470 1089 2530 nobis
1113 2476 1183 2530 suut
1198 2467 1302 2534 aliena.
1326 2467 1393 2544 quia

160 2577 195 2634 in
217 2575 435 2650 ipso'uiuimus
458 2580 486 2631 et
507 2589 664 2630 movemur
686 2581 714 2631 st
736 2592 851 2634 sumus.
898 2571 1101 2634 immutabiles
1125 2589 1242 2648 quoque
1258 2567 1394 2638 dicimur,

163 2671 217 2729 ubi
240 2670 382 2746 scriptum
405 2678 467 2728 est:
488 2668 572 2730 Nibil
594 2687 651 2730 nos
674 2674 825 2750 separabit
848 2691 867 2734 o
889 2677 1018 2736 corileto
1034 2672 1099 2732 Dei.
1131 2670 1263 2747 [lenique
1287 2685 1395 2726 nomen

169 2771 295 2828 uirtutis
325 2766 390 2826 aliis
418 2764 504 2826 etiarn
532 2766 623 2826 rebus
645 2769 791 2832 tribuitur.
836 2773 909 2832 Nam
932 2791 1019 2832 eruca
1043 2781 1074 2831 et
1094 2769 1227 2832 brucbus
1251 2767 1345 2826 virtus
1368 2773 1397 2824 et
1453 2827 1459 2842 ,

169 2862 289 2944 quidem
310 2865 406 2926 virtus
429 2883 531 2942 magna
554 2867 698 2929 dicuntur.
743 2871 823 2932 idem
846 2872 933 2932 etiam
954 2892 1042 2950 saepe
1065 2872 1101 2932 de
1124 2870 1235 2948 populo
1256 2865 1396 2940 scriptum

164 2975 230 3040 est,
261 2973 306 3028 ut':
336 2965 469 3044 Epresso
499 2976 544 3028 est
574 2971 670 3028 omnis
699 2974 800 3030 virtus
825 2971 946 3031 Domini
967 2991 1004 3032 ec
1027 2983 1115 3032 terro
1139 2971 1273 3046 depppti.
1319 2964 1397 3025 Aliae
1445 3007 1450 3014 -

162 3070 235 3131 item
259 3068 405 3130 caelestes
428 3075 498 3128 sunt
519 3066 659 3128 uir-mles:
683 3067 768 3140 Nom,
787 3068 890 3147 inquit,
909 3071 1054 3132 Dominus
1067 3075 1218 3129 cirninum
1233 3067 1396 3136 nobiscnm,

162 3181 324 3250 susceptor
355 3181 462 3230 noster
484 3169 567 3230 dens
597 3169 695 3231 Iacob.
741 3169 856 3230 Similia
884 3171 962 3230 enim
992 3170 1079 3229 etiam
1101 3167 1234 3228 Asterius
1257 3167 1395 3244 Sopbista

162 3271 259 3340 dictus
290 3270 428 3348 scripsit,
458 3289 533 3350 quae
562 3287 670 3348 nempe
697 3269 734 3332 ab
765 3272 810 3330 eis
834 3270 990 3338 didicerat,
1022 3279 1106 3349 atque
1129 3281 1195 3328 ente
1217 3287 1284 3330 eum
1306 3269 1393 3330 Arius

161 3373 225 3452 ipse
254 3389 390 3450 quoque,
419 3371 667 3450 quemadmodum
697 3390 787 3452 supro
818 3371 1006 3432 dictumest.
1054 3372 1157 3433 l'erum
1181 3370 1228 3430 ubi
1253 3363 1392 3450 Episcopi

161 3473 279 3534 illorum
313 3473 368 3533 bac
395 3472 425 3532 in
453 3489 486 3534 re
514 3473 733 3534 simulationem
762 3473 1050 3542 animaduerterunt,
1086 3472 1245 3557 notumque
1269 3491 1337 3532 esse
1360 3477 1477 3540 inrum,

162 3575 303 3636 cordibus
325 3573 487 3652 impiorum
507 3573 590 3636 molo
614 3581 816 3653 eoqitnntium,
834 3583 866 3634 ut
881 3575 921 3636 ait
936 3575 1104 3654 Scriptura;
1126 3573 1305 3634 senteutiam
1322 3589 1388 3632 rur-

162 3693 213 3736 sus
244 3674 304 3754 ipsi
331 3693 365 3736 er
389 3675 551 3754 Scripturis
581 3675 718 3754 colligere
750 3685 821 3738 sunl
848 3677 956 3746 coacti,
990 3686 1020 3736 et
1042 3695 1117 3754 quae
1139 3685 1223 3734 aruea
1247 3675 1392 3740 dixerant,

162 3776 264 3838 eedem
294 3775 467 3839 clarioribus
496 3777 593 3838 verbis
622 3776 790 3855 significare
812 3796 847 3838 ac
868 3778 994 3855 denique
1018 3776 1160 3844 scribere,
1184 3774 1288 3834 Filium
1314 3773 1392 3832 Petri

163 3895 231 3938 esse
253 3876 550 3950 consubstantialem,
572 3887 607 3938 ut
627 3877 738 3938 scilicet
761 3877 977 3955 significarent.
999 3875 1105 3934 Filium
1130 3893 1189 3932 non
1214 3883 1325 3934 tatinum
1348 3873 1392 3933 si-

162 3978 272 4050 milem,
295 3977 348 4038 sed
371 3978 495 4038 eandem
518 3995 582 4038 rem
604 3977 797 4036 simditudine
819 3996 887 4036 esse
910 3995 945 4036 ex
969 3975 1065 4042 Patre,
1088 3984 1174 4051 atque
1198 3984 1230 4035 ut
1253 3974 1390 4034 similitu-

164 4079 263 4140 dinem
292 4086 322 4140 et
348 4075 616 4138 immutabilitatem
638 4075 703 4136 Filii
732 4075 818 4136 aliam
848 4075 970 4136 omniuo
995 4093 1062 4136 esse
1085 4076 1278 4136 ostenderent
1299 4073 1335 4134 ab
1358 4093 1392 4134 ea

163 4179 337 4252 imitatione,
359 4197 435 4256 quae
457 4177 489 4238 iu
510 4177 599 4240 nobis
623 4195 690 4238 esse
712 4175 828 4244 diciunr.
851 4195 939 4256 quam
962 4177 1078 4256 quidem
1095 4196 1151 4238 nos
1167 4185 1291 4256 propter
1306 4195 1390 4236 nian-

164 4279 301 4340 datorum
323 4277 560 4340 observationem
584 4297 619 4340 ex
643 4279 748 4340 virtute
772 4277 993 4357 consequimur.
1029 4278 1161 4357 Namque
1184 4277 1263 4354 quod
1280 4284 1394 4354 spectat

164 4381 200 4442 nd
229 4397 373 4460 corpora,
401 4399 476 4459 quae
499 4381 633 4444 intense
655 4388 726 4442 sunl
747 4379 871 4454 similia,
894 4380 942 4441 illa
964 4388 1043 4442 certe
1065 4378 1178 4440 distare
1201 4384 1231 4438 et
1251 4375 1354 4456 procul
1376 4393 1393 4436 a

197 4615 218 4650 ι.
237 4601 293 4664 lien.
311 4592 482 4660 monuerat
