3094 5318
486 355 631 402 ertsrous
645 357 689 400 ut.
705 357 742 400 so
758 321 955 404 ssstrtousu.
1269 353 1331 417 773
1400 415 1402 420 .

42 508 160 590 paulo
197 515 306 588 post:
340 505 379 570 Ic
410 525 472 570 uno
495 505 616 589 Spiritu
644 525 745 571 omncs
764 495 829 572 'nos
856 513 890 572 is
916 529 1011 586 usum
1042 530 1155 594 corpus
1184 518 1416 598 baptizasses.
1490 559 1495 572 .

47 629 197 681 wotos,
228 619 266 672 et
293 627 394 674 omncs
415 627 477 672 uso
493 608 615 688 Spiritu
632 613 736 689 potati
756 629 873 672 somus.
917 612 959 672 Ac
979 631 1111 687 mrsuun,
1134 616 1275 694 quonism
1297 637 1332 681 cx

50 710 147 774 Filio
178 709 332 790 Spiritus
355 709 485 790 cognitio
508 709 678 789 accipiendo
700 719 757 784 est,
781 711 922 772 convenit
944 713 1033 774 etiam
1056 731 1092 775 ex
1114 715 1181 794 ipso
1195 717 1332 782 -demon-

52 813 263 875 strutiones
290 812 437 892 proferre.
481 810 574 890 igitur
595 809 705 890 ubique
727 810 821 872 Filius
845 820 900 880 εει
923 830 989 874 cum
1012 813 1044 874 iu
1064 813 1152 878 Patre
1174 816 1214 878 sit
1234 818 1331 880 etPr-

51 923 111 978 ter
140 914 180 976 in
208 914 303 995 ipso.
347 913 421 976 Num
449 913 548 974 omnis
570 921 652 974 tenet
672 921 703 974 et
724 911 946 991 complectitur,
966 915 1180 996 ‘scriptumque
1202 925 1265 979 est:
1292 920 1332 983 Ic

54 1021 143 1097 ipso
183 1019 305 1080 omniu
334 1024 475 1078 constant
501 1031 567 1076 cum
595 1011 722 1074 risibilis
749 1021 812 1074 tum
841 1013 1017 1089 invisibilis,
1050 1027 1085 1078 et
1109 1021 1173 1098 ipse
1195 1028 1240 1080 est
1262 1030 1332 1083 asts

57 1137 199 1182 omnes.
257 1116 419 1178 creaturae
441 1124 539 1177 sutem
561 1114 592 1176 in
615 1113 719 1176 divisis
742 1122 813 1176 sunt
833 1114 916 1188 locis,
940 1115 986 1178 soi
1008 1117 1127 1195 qudem
1151 1118 1264 1182 etluns
1279 1137 1331 1182 cs-

59 1228 215 1298 tersque
242 1218 404 1280 luminaris
426 1218 456 1280 in
477 1217 677 1290 memento,
699 1215 730 1278 in
753 1215 834 1278 cneio
855 1216 970 1297 Angeli,
993 1226 1023 1280 et
1040 1218 1179 1280 homines
1194 1219 1225 1280 in
1240 1227 1330 1283 term

65 1321 177 1394 Quod
206 1320 239 1383 si
252 1319 358 1393 Filius,
381 1337 447 1381 cum
469 1337 529 1380 non
552 1319 583 1379 iu
605 1316 709 1380 divisis
730 1317 805 1378 locis
829 1317 883 1380 sed
906 1317 937 1378 in
958 1317 1048 1380 Petro
1069 1321 1119 1393 sit,
1141 1319 1250 1400 ubique
1273 1327 1331 1394 est,

64 1431 103 1485 et
130 1441 214 1484 cum
242 1429 328 1484 extro
351 1421 451 1482 omnin
473 1417 529 1492 sit,
552 1437 614 1480 nou
637 1428 685 1480 est
706 1427 857 1492 oresturs,
887 1429 1104 1500 consequenter
1125 1439 1182 1484 nec
1201 1422 1330 1504 Spiritus
1432 1403 1439 1412 ⁸

66 1531 219 1586 sanctus
250 1533 384 1585 creatura
406 1521 512 1594 merit,
542 1537 608 1582 cum
630 1537 692 1580 non
716 1519 756 1582 sit
777 1519 807 1581 in
830 1519 933 1582 divisis
954 1519 1045 1596 locis,
1075 1522 1129 1584 sed
1151 1519 1251 1585 omnis
1271 1523 1331 1585 im-
1400 1541 1403 1546 ·

65 1625 164 1704 pleat
206 1643 249 1685 ac
285 1633 368 1685 extra
396 1623 496 1683 omnia
524 1622 573 1682 sit.
617 1621 660 1682 its
687 1622 766 1682 enim
788 1622 932 1701 scriptum
954 1631 1016 1684 est:
1048 1622 1187 1704 Spiritus
1208 1624 1335 1689 Donsini

70 1727 230 1806 repleuit
256 1725 359 1787 orbem
387 1734 558 1794 terrorum,
588 1721 737 1800 Doridque
765 1723 858 1784 osuit:
895 1723 962 1797 Quo
992 1725 1040 1787 ito
1070 1723 1230 1805 oSpiritu
1253 1723 1332 1790 teo?

71 1825 178 1905 qussi
205 1841 276 1886 non
298 1823 339 1886 sit
358 1825 424 1903 ipsc
446 1824 477 1886 in
498 1823 577 1898 ioco,
600 1823 653 1885 sed
676 1831 758 1885 exus
781 1824 890 1896 omnis,
914 1831 1003 1902 atque
1024 1825 1056 1884 in
1078 1823 1154 1885 iilic
1177 1825 1231 1899 sit,
1255 1826 1332 1888 siout

75 1926 190 1988 Filius
218 1925 320 1988 estin
344 1925 447 2000 Patre,
469 1925 537 1988 ideo
559 1927 638 1988 enim
660 1943 716 1987 nec
737 1924 804 2003 ipso
819 1932 953 1987 uectura
970 1933 1027 1998 est,
1050 1934 1083 1986 nt
1096 1925 1332 1988 demonstratum

75 2027 153 2090 suit.
206 2027 256 2088 tu
288 2027 362 2088 hoec
390 2026 488 2088 omnis
515 2026 585 2088 hinc
611 2027 736 2088 validius
766 2025 965 2087 conuincitur
991 2025 1097 2087 Ariana
1119 2024 1269 2102 haeresis,
1291 2009 1333 2088 sc

79 2147 225 2191 rursum
250 2147 286 2189 ox
300 2127 374 2189 Filio
395 2128 553 2207 perspicus
574 2128 625 2190 flet
639 2127 768 2206 Spiritus
793 2126 886 2188 sancti
910 2125 1049 2205 cognitio.
1095 2126 1218 2190 Creator
1231 2127 1332 2207 itaquo

79 2239 134 2292 est
158 2228 265 2292 Filius
288 2229 375 2291 sicuti
397 2229 499 2292 Peter:
532 2229 617 2303 Quos
640 2233 733 2299 enim,
755 2228 874 2306 iuquit,
903 2227 1134 2314 uideoi’ctrem
1159 2230 1330 2309 socictttert,

83 2333 166 2395 hose
192 2341 226 2393 ει
248 2349 301 2412 epo
321 2332 414 2411 socio.
462 2331 571 2392 omnio
598 2328 688 2407 igitur
704 2347 765 2410 per
786 2333 885 2409 ipsum
906 2330 992 2409 suctu
1012 2339 1100 2400 sunt,
1127 2340 1156 2391 ct
1177 2335 1243 2391 stite
1264 2333 1330 2408 ipso

80 2435 216 2511 suctum
241 2444 287 2497 est
307 2432 395 2494 citit.
440 2429 472 2492 Si
494 2447 565 2492 sero
587 2428 689 2502 Filius,
713 2437 831 2490 nestor
852 2448 919 2492 cum
940 2429 980 2491 sit
1001 2427 1249 2508 quemadmodum
1271 2428 1331 2490 Ps-

87 2541 157 2604 ter,
183 2549 249 2592 non
272 2541 318 2594 est
339 2539 491 2605 creature,
514 2531 590 2593 etsi
613 2531 680 2610 quis
703 2531 802 2592 omnis
824 2548 878 2609 per
900 2531 999 2610 ipsum
1022 2537 1176 2601 creantur,
1199 2537 1332 2592 nonest

86 2629 160 2707 ipse
185 2647 225 2689 ex
248 2630 338 2693 rebus
361 2633 479 2706 orestis,
502 2650 573 2711 ergo
595 2651 652 2694 nec
673 2631 801 2712 Spiritus
824 2641 944 2694 sanctus
968 2637 1103 2691 cresturs
1125 2637 1179 2691 est
1224 2630 1419 2703 Quen-nott.

86 2729 264 2808 doquidem
287 2731 324 2794 de
345 2733 395 2794 illo
418 2735 561 2813 scriptum
584 2742 631 2796 est
652 2734 769 2796 Psalmo
793 2732 957 2795 contesimo
981 2729 1087 2792 tertio:
1110 2731 1243 2810 Auferes
1259 2729 1331 2810 Sp'i-
1439 2773 1447 2782 .
1528 2767 1529 2780 ,

88 2835 196 2894 ritum
220 2849 328 2895 comm
349 2846 378 2897 et
401 2835 545 2915 deficient,
569 2847 599 2898 ct
619 2839 652 2898 in
670 2835 829 2916 pulverem
853 2851 941 2895 soum
963 2840 1172 2894 reuertentur.
1206 2829 1331 2894 Emitte

92 2931 256 3013 Spiritum
279 2945 364 2998 tuum
386 2945 415 2997 et
437 2936 632 3006 nectuntur.
655 2949 684 3000 ct
706 2935 868 2997 renovatis
889 2933 997 3011 sonem
1021 2943 1134 2996 terroe.

186 3539 218 3602 5.
263 3507 336 3597 Cum
356 3535 417 3596 hoc
438 3498 529 3613 initur
550 3533 589 3596 itu
605 3533 749 3613 scriptum
766 3534 815 3607 sit,
838 3533 1026 3597 manifestum
1043 3542 1098 3610 est,
1115 3534 1258 3615 Spiritum
1270 3551 1332 3597 non

99 3657 169 3701 esse
198 3645 382 3710 creaturam,
411 3636 465 3698 sed
492 3635 522 3696 in
551 3635 680 3698 ucsndo
702 3633 818 3697 adesse.
862 3634 951 3698 Peter
973 3635 1052 3698 enim
1073 3654 1128 3716 per
1149 3637 1279 3700 Verbum
1300 3635 1333 3698 in

101 3737 219 3818 Spiritu
242 3743 324 3799 crcut
345 3737 463 3812 omnia,
485 3735 724 3816 quandoquidem
745 3735 796 3798 ubi
818 3735 965 3809 Verbum,
995 3735 1054 3798 illic
1076 3746 1106 3798 et
1128 3735 1274 3820 Spiritus,
1303 3743 1333 3797 ει

96 3857 175 3920 quse
202 3837 400 3916 portorium
420 3845 569 3910 creamur,
590 3835 702 3898 habent
715 3853 750 3898 ex
763 3835 877 3918 Spiritu
893 3854 949 3918 per
963 3835 1070 3898 Filium
1091 3835 1150 3898 vim
1174 3835 1331 3900 existendi.

1035 3939 1043 3971 t

100 4023 193 4073 Eodem
219 4021 273 4072 loco
299 4021 322 4070 iu
347 4019 433 4070 iisdem
457 4027 481 4070 ει
504 4021 529 4070 in
547 4019 646 4080 Scruer.
663 4013 694 4068 ἐν
744 4021 819 4072 hoec:
842 4014 873 4069 tr
895 4019 934 4086 τῷ
957 4015 1097 4086 ἕκατρσιῷ
1115 4016 1200 4086 τρίτῳ
1212 3980 1348 4090 ,εικιιμςίΙ

102 4089 265 4140 desideratur.
299 4087 327 4137 ln
352 4087 411 4166 ipsis
430 4087 486 4136 item
505 4087 651 4166 quiterisno
670 4097 694 4137 ct
744 4087 796 4138 iios
819 4089 877 4168 fleg.
901 4091 1001 4170 Sequor.
1026 4090 1123 4140 Gobisr.
1150 4097 1174 4139 ει
1190 4087 1332 4159 retunt.

104 4157 209 4206 Fsieim.
224 4155 246 4205 1.
265 4167 319 4204 mcx
336 4167 395 4202 των
412 4162 607 4209 coisnanus,
629 4162 690 4219 pout.
743 4149 775 4202 rt
793 4167 899 4221 πνευμα
916 4169 1015 4205 curus.

103 4217 152 4272 καί
167 4230 225 4273 onte
242 4216 398 4286 γέγραπται
424 4229 447 4272 ει
470 4223 543 4287 panio
567 4229 624 4287 post
649 4235 692 4272 ror
777 4225 793 4273 t.
819 4223 1004 4275 Gobtsrisn.·et
1021 4223 1127 4274 Feltini.
1148 4224 1170 4274 l.
1188 4215 1265 4340 παὲἆ
1281 4219 1332 4271 ruti

103 4285 295 4354 ostenderunt
303 4291 394 4340 incurii
402 4291 582 4341 amanuensium
593 4290 690 4340 omisso.
743 4283 857 4359 πατρός,
877 4292 957 4342 miuus
976 4299 1049 4342 recte.
1065 4337 1070 4347 ,
1084 4291 1138 4342 iios
1155 4292 1212 4354 iisg.
1250 4303 1331 4353 eruor.

145 4375 166 4410 e.
182 4359 226 4408 Sic
243 4357 299 4420 iter.
319 4362 342 4408 et
360 4358 458 4434 Ques.
493 4349 692 4408 Editiscroorix·
743 4357 817 4408 Basti.
834 4349 907 4406 οὕτω
917 4351 962 4406 καὶ
970 4349 1135 4424 γέγραπὲαιῖ
1152 4358 1215 4408 Editi
1225 4367 1249 4408 ει
1258 4359 1331 4408 ceteri
1391 4355 1397 4362 '

106 4422 153 4474 ist.
194 4425 269 4476 Penio
288 4425 413 4490 portitor.
432 4427 532 4490 Segncr.
552 4426 650 4476 Gobter.
669 4433 693 4476 et
743 4417 816 4474 οὕτω
832 4419 887 4491 γὰρ
904 4422 1079 4541 γέἔραπτειι.Ι
1104 4425 1233 4486 Morinos
1250 4418 1333 4488 ἐντῷ

108 4485 443 4554 ῖειειω.1.ἱπειδὴκαι’.
480 4495 543 4545 tutti
561 4485 618 4543 insi
634 4487 689 4542 καί.
743 4491 898 4559 τριακοστῷ
945 4489 1053 4560 mtpp'
1075 4489 1178 4560 ψαλμῷ
1204 4493 1332 4543 obsunt·

109 4557 158 4612 iios
175 4562 314 4614 Gobteriru.
333 4571 356 4614 et
373 4561 479 4614 istcin.
496 4561 517 4612 1.
537 4573 585 4612 non
603 4561 693 4612 hubent
744 4561 842 4614 Gottsr.
861 4567 886 4612 ct
902 4561 1039 4613 Feltini·
