3234 5282
227 355 290 418 344
628 323 1064 412 αἰτιιαιειιιισσιεειτεοει

140 515 314 592 Νασίδιος
342 493 459 596 λόγος,Ι
480 514 547 578 τῶν
576 511 613 577 δέ
633 513 777 599 γενητῶν
799 511 1005 599 δημιουργός.
1043 507 1113 580 ἄλλ’
1138 512 1303 600 εἰρήκασι·
1331 524 1455 605 κτίσμα

163 641 168 648 ·
225 620 285 700 μέν
313 611 386 679 ἐστι
406 614 460 678 καί
481 613 548 678 τῶν
569 615 730 699 γενητῶν,
763 608 808 691 ῶς
830 612 866 678 δέ
888 612 982 700 παρὰ
1004 614 1207 682 διδασκάλου
1228 615 1284 683 καί
1305 625 1454 700 τεχνίτου

223 712 397 801 μεμάθηκε
417 712 456 778 τὸ
478 714 698 800 δημιουργεῖν,
721 715 776 780 καί
799 709 905 792 οῦτως
920 711 1105 804 ὑπηρέτησε
1118 719 1165 802 τῶ
1181 715 1354 797 διδάξαντι
1367 722 1450 806 θεηῦ,

222 815 327 882 ταῦτα
358 812 420 900 γάρ
449 816 503 881 καί
522 808 694 900 Ἀστέριος
722 809 741 879 ό
771 814 948 902 σοφιστής,
983 811 1029 894 ῶς
1049 815 1172 900 μαθὼν
1194 811 1374 904 άρνεῖσθαι
1393 819 1457 886 τόν

224 915 345 1000 κόριον,
367 913 498 1002 γράψαι
518 913 723 1002 τετόλμηκεν,
747 909 786 980 οῦ
809 919 956 1002 συνορῶν
977 916 1035 1003 τήν
1051 916 1086 983 ἐκ
1099 914 1225 984 τούτων
1240 914 1386 1006 ἀλογίαν.
1421 920 1452 988 εί

223 1015 284 1104 γὰρ
307 1015 460 1084 διδακτόν
483 1015 554 1083 ἐστι
575 1015 614 1083 τό
637 1017 856 1103 δημιουργεῖν,
880 1023 1110 1086 σκοπείτωσαν
1130 1017 1176 1106 μή
1197 1025 1252 1088 καί
1274 1015 1375 1088 αῦτὸν
1392 1020 1451 1088 τόν
1490 1069 1495 1074 -

223 1115 307 1185 θεὸν
329 1114 454 1186 εἴπωσι
473 1117 519 1206 μὴ
542 1115 642 1206 φύσει
663 1111 733 1183 ἀλλ’
758 1117 923 1206 ἐπιστήμη
947 1117 1144 1207 δημιουργὸν
1167 1114 1268 1203 εἶναι,
1292 1117 1374 1201 ῶςτε
1394 1121 1452 1189 καλ

224 1215 363 1286 δυνατόν
389 1224 613 1302 μεταπίπτειν
635 1213 693 1285 ἄπ’
718 1211 829 1284 αῦταῦ.
869 1219 986 1287 ’ἔπειτα
1008 1220 1038 1287 εί
1058 1216 1078 1306 ή
1101 1228 1207 1309 σοφία
1228 1226 1287 1290 τοῦ
1307 1225 1392 1290 θεοῦ
1415 1223 1451 1290 έκ
1548 1217 1555 1224 ’

224 1320 438 1406 διδασκαλίας
459 1319 616 1406 ἐκτήσατο
638 1317 678 1386 τὸ
693 1319 912 1407 δημιουργεῖν,
935 1324 1010 1400 πῶς
1024 1321 1074 1389 ἐτι
1089 1321 1287 1410 σοφία-ἐστί,
1312 1309 1482 1410 δεομένη-ὶ

222 1419 452 1509 μαθημάτιονς
483 1426 518 1487 τί
545 1420 581 1488 δὲ
609 1409 649 1506 ἦν
677 1419 732 1489 καὶ
760 1419 828 1506 πρὸ
856 1423 915 1488 τοῦ
942 1427 1086 1506 μαθεῖνς
1119 1429 1225 1512 σοφία
1244 1423 1306 1510 γὰρ
1329 1419 1387 1490 οῦκ
1408 1415 1454 1510 ἦν,

223 1522 408 1608 λειπομένη
425 1522 647 1600 διδασκαλίας.
685 1521 778 1588 κενόν
806 1520 889 1608 Ιδίρα
908 1548 943 1588 τι
964 1526 1103 1608 πρᾶγμα
1122 1513 1177 1610 ήν,
1199 1521 1336 1592 καλοῦν
1357 1525 1451 1592 ἐστιν

224 1616 387 1708 οῦσιῶδης
408 1629 522 1710 σοφία,
547 1616 616 1689 ἀλλ’
641 1622 675 1689 ἐκ
696 1626 871 1710 προκοπῆς
893 1623 966 1707 ἔσχε
987 1623 1026 1690 τὸ
1048 1621 1154 1709 ὄνομα
1167 1627 1370 1714 τῆςσοφίας,
1392 1629 1447 1694 καί

175 1737 180 1745 “
224 1721 281 1790 ἐπὶ
302 1725 463 1789 τοσοῦτον
485 1723 580 1790 ἔσται
601 1730 721 1810 σοφία,
747 1723 809 1802 ἕως
831 1719 872 1790 ἂν
895 1723 913 1790 ὃ
933 1724 1108 1813 μεμάθηκε
1129 1725 1307 1814 ιφυλάττῃ.
1346 1723 1365 1792 ό
1386 1723 1448 1813 γάρ

221 1822 266 1910 μή
299 1823 399 1912 φύσει
429 1826 495 1890 τινί
528 1817 597 1890 ἀλλ’
627 1823 663 1890 ἐκ
687 1824 870 1912 μαθήσεως
898 1830 1110 1913 προςγέγονε,
1140 1825 1278 1893 δυνατόν
1301 1824 1449 1893 ἐστικαὶ

223 1919 417 2008 ἀπομαθεῖν
439 1946 532 1990 ποτε.
569 1928 709 1992 τοιαῦτα
731 1927 767 1994 δέ
789 1928 895 2013 λέγειν
910 1928 994 2012 περὶ
1016 1930 1075 1994 τοῦ
1096 1925 1194 2012 λόγου
1216 1930 1275 1994 τοῦ
1290 1925 1384 2006 θεοῦ,
1409 1921 1446 1993 οῦ

93 2043 96 2050 ’
223 2027 437 2110 Χριστιανῶν
459 2018 543 2092 άλλά
560 2021 718 2112 Ἑλλήνων
741 2026 821 2094 ἐστί.
1572 2103 1578 2111 ,

305 2130 356 2192 29.
401 2123 470 2191 Καὶ
490 2123 552 2211 γὰρ
576 2126 606 2194 εί
628 2127 663 2194 ἐκ
684 2129 898 2205 διδασκαλίας
918 2125 958 2193 τὸ
981 2128 1191 2214 δημιουργεῖν
1213 2137 1297 2196 οτινι
1311 2133 1447 2213 προςγί-

220 2249 320 2304 νεται,
342 2225 477 2312 φθόνον
498 2225 554 2293 καὶ
575 2221 754 2296 ἀσθένειαν
776 2230 852 2314 περί
874 2226 1029 2295 τὸνθεόν
1046 2226 1446 2316 εέςάγουσινοίόφρυνες,

222 2323 354 2414 φθόνον
374 2331 444 2411 μέν,
469 2323 522 2395 ὅτι
534 2328 579 2416 μή
596 2328 742 2409 πολλοὺς
757 2330 987 2415 ’δημιουργεῖν
1003 2328 1159 2410 ἐδίδαξεν,
1175 2325 1216 2396 ἵν’
1235 2325 1345 2415 ῶςπερ
1360 2331 1447 2396 πολ-

221 2427 274 2494 λοὶ
295 2423 488 2514 άρχάγγελοι
509 2427 565 2495 καὶ
586 2428 727 2515 άγγελοι,
751 2427 838 2497 οῦτοι
860 2430 916 2498 καὶ
936 2429 1059 2498 πολλοὶ
1079 2431 1271 2516 δημιουργοί
1293 2431 1371 2515 περί
1386 2424 1447 2496 αὖ·

219 2527 278 2596 τὸν
301 2517 392 2610 ῶσιν,
417 2523 596 2597 άσθένειαν
618 2530 664 2611 δέ,
688 2525 741 2597 ότι
762 2530 807 2618 μή
829 2530 931 2615 μόνος
950 2525 1099 2620 ἠδυνήθη
1115 2532 1264 2616 ποιήσαι,
1288 2533 1445 2615 συνεργοῦ

221 2629 258 2697 δὲ
289 2623 311 2716 ἢ
342 2625 510 2716 όπονργοῦ
534 2636 648 2717 χρείαν
674 2630 762 2713 ἔσχε,
797 2639 854 2698 καί
874 2656 928 2700 τοι
951 2634 1138 2721 δειχθείσης
1158 2633 1214 2699 καλ
1234 2634 1292 2718 τῆς
1312 2633 1448 2718 γενητής

220 2729 352 2818 φάσεως
374 2732 513 2818 δυνατῆς
535 2728 635 2819 οῦσης
656 2735 829 2817 ’γίνεσθαι
850 2732 944 2818 παρὰ
964 2732 1068 2818 μόνου
1090 2736 1148 2801 τοῦ
1170 2735 1265 2813 θεοῦ,
1289 2731 1360 2816 είγε,
1377 2727 1445 2798 κατ’
1549 2799 1553 2810 ,
1608 2772 1617 2797 .

219 2825 340 2912 αὐτοὺς
370 2827 388 2898 ό
415 2831 488 2912 υίὸς
515 2832 648 2920 γενητὸς
676 2826 722 2900 ῶν
749 2827 898 2920 ἠδυνήθη
925 2833 1019 2919 παρὰ
1047 2827 1150 2919 μόνον
1172 2837 1231 2900 τοῦ
1253 2835 1337 2900 θεοῦ
1359 2837 1449 2918 γενέ-

219 2936 313 2998 σθαι.
352 2927 421 3000 ἀλλ’
447 2927 580 3013 οῦδενός
606 2932 696 3000 ἐστιν
724 2933 834 3020 ἐνδεὴς
856 2930 875 3000 ό
897 2933 996 3015 θεός,
1019 2933 1064 3021 μή
1085 2940 1230 3021 γένοιτο,
1264 2931 1364 3013 αὐτὸς
1384 2932 1447 3020 γὰρ

219 3025 309 3099 εἷπε·
324 3031 453 3120 πλήρης
468 3035 574 3120 είμί“),
598 3029 675 3102 οῦδὲ
690 3034 725 3102 ἐκ
739 3034 954 3114 διδασκαλίας
968 3041 1080 3121 γέγονε
1095 3035 1290 3122 δημιουργὸς
1306 3032 1324 3102 ό
1340 3034 1446 3120 λόγος,

131 3123 289 3194 mm
320 3132 416 3198 εἰκῶν
443 3136 497 3200 καί
526 3143 633 3223 σοφία
662 3131 708 3204 ῶν
738 3140 799 3204 τοῦ
821 3135 949 3223 πατρὸς
971 3135 1013 3204 τὰ
1035 3139 1093 3202 τοῦ
1116 3135 1244 3223 πατρὸς
1266 3135 1445 3222 ἐργάζεται,

206 3220 297 3298 ,οῦδὲ
323 3232 382 3312 τῆς
402 3234 469 3298 τῶν
490 3238 632 3320 γενητῶν
655 3237 760 3304 ἕνεκεν
783 3237 938 3323 ἐργασίας
959 3235 1017 3302 τὸν
1039 3237 1111 3304 υίὸν
1132 3239 1347 3324 ’πεποίηκεη
1372 3235 1444 3304 ίδοῦ

218 3323 358 3411 γὰρκαὶ
378 3330 437 3392 τοῦ
459 3330 533 3396 υίσῦ
556 3330 651 3411 ὄντος
673 3342 829 3420 φαίνεται
850 3337 952 3404 πόλιν
975 3336 1187 3423 ἐργαζόμενος
1209 3334 1228 3404 ό
1251 3336 1376 3424 πατήρ,
1399 3334 1447 3416 ῶς

114 3481 117 3490 ,
218 3421 317 3503 αότδς
350 3420 368 3490 ό
401 3423 511 3510 κόριός
533 3452 651 3516 φησιν·
686 3429 836 3522 όπαιήρ
865 3459 930 3518 μου
960 3437 1021 3516 ἕως
1045 3434 1128 3524 ’άρτι
1157 3439 1332 3526 ἐργάζεται,
1355 3432 1444 3525 κᾷγῶ

218 3523 434 3610 έργάζομαιἿ.
472 3525 502 3593 εί
530 3528 567 3594 δέ
593 3525 670 3597 καθ’
703 3527 789 3616 ῦμᾶς
822 3534 880 3602 διὰ
900 3539 1008 3603 ’τοῦτο
1041 3543 1170 3624 γέγονεν
1196 3535 1236 3606 *ό
1264 3539 1350 3621 υἱός,
1387 3539 1445 3616 ἵνα
1520 3539 1524 3554 ’

215 3625 259 3694 τὰ
291 3621 359 3712 μετ’
390 3620 490 3694 αῦτὸν
522 3626 716 3717 ἐργάσηται,
751 3640 907 3722 φαίνεται
939 3637 975 3704 δὲ
993 3633 1026 3708 ,ό
1059 3639 1170 3726 πατὴρ
1197 3644 1252 3708 καὶ
1276 3638 1360 3726 μετὰ
1386 3638 1445 3706 τὸν

216 3725 288 3794 υἱὸν
327 3726 556 3816 ἐργαζόμενος·
593 3731 733 3818 περιττή
772 3730 849 3801 καθ’
884 3731 970 3821 ῦμᾶς
995 3741 1050 3806 καί
1082 3740 1166 3807 κατὰ
1197 3745 1296 3809 τοῦτο
1327 3738 1345 3807 r‘
1383 3744 1443 3808 τοῑ

215 3827 369 3897 τοιοῦτον
390 3830 486 3898 1“υίοῦ
508 3839 653 3921 ποίησις.
693 3831 801 3915 άλλως
821 3863 859 3905 τε
879 3838 971 3905 διατί
993 3834 1079 3920 ὅλως
1099 3843 1211 3910 θέλων
1232 3839 1319 3932 ήμῦς
1333 3849 1445 3911 κτίσαι

217 3923 307 4040 ζηῖεῖ
326 3929 385 3998 τόν
405 3940 558 4023 μεσίτην,
582 3930 628 4014 ῶς
649 3929 707 4003 σῦκ
728 3931 929 4025 ἀρκουμένου
951 3943 1011 4008 τοῦ
1032 3942 1241 4029 βουλήματος
1262 3939 1362 4012 αῦτοῦ
1386 3969 1446 4012 συ·-

215 4041 337 4105 στησαι
366 4029 446 4115 περὶ
478 4023 523 4100 ῶν
556 4030 612 4102 ἰδν
644 4031 734 4126 αὐτῷ
766 4038 845 4128 δοκῇ
852 4071 864 4124 ,·
902 4044 957 4110 καί
984 4042 1049 4128 μὴν
1077 4045 1113 4111 αί
1140 4044 1268 4133 γραφαί
1295 4048 1445 4133 λέγουσι·

282 4205 306 4262 l)
324 4207 380 4260 Ειι.
400 4213 423 4274 1,
444 4215 483 4265 11.
552 4219 578 4281 2)
595 4223 662 4272 loen.
681 4223 706 4283 5,
727 4221 765 4271 17.

245 4349 269 4384 ι.
284 4337 376 4400 λαςΙίε.
393 4340 472 4398 κενόν
489 4340 553 4415 ἄρτι
569 4351 693 4417 πρᾶγμα.
852 4363 877 4404 ει
894 4356 950 4404 odit.
970 4356 1259 4414 ῦοαπε1.υιαὶιιὶιτινι.
1279 4363 1442 4427 Ιοτδεςσιτ.
1481 4375 1486 4378 “
1506 4325 1507 4329 ¹
1607 4376 1617 4405 ⁴

236 4401 269 4482 ,λ
288 4404 389 4466 Sessuer.
412 4413 503 4474 λαςΙίι.
529 4419 633 4467 ΙῖιΙιΙισι.
653 4418 677 4467 5.
699 4409 800 4480 διαφσ-
851 4415 963 4485 ηθόνον
981 4413 999 4480 ἢ
1014 4417 1060 4469 καὶ
1077 4415 1233 4476 ἀσθένειαν.

210 4463 310 4548 δαίτῃ..
885 4489 907 4538 δ.
927 4489 968 4538 Sic
986 4489 1073 4548 angius
1092 4501 1116 4540 εί
1134 4493 1276 4546 Pristin-⁴.
1311 4498 1340 4547 At
1358 4499 1398 4548 ιίέἰ
1417 4509 1445 4551 ελ·

244 4552 266 4586 ι.
283 4537 326 4589 Sne
349 4553 407 4591 ινιτ.
432 4553 529 4606 praeter
546 4547 652 4600 ῖιίελσι.
669 4546 693 4596 2
712 4548 753 4612 ηαί
771 4557 798 4602 οι
850 4555 908 4606 editi
926 4548 1117 4626 δημιουργούς.
1153 4561 1247 4616 ibidem
1260 4567 1360 4628 ὃεςιιιτ.
1372 4551 1454 4642 δορί.-Ι

150 4730 257 4760 Δ
