3226 5280
511 381 705 426 srisrnmns
720 383 1039 430 snurcnrnnrnrrsn.
1323 373 1383 436 tot

157 531 339 612 dionysium
373 531 405 592 in
434 531 560 612 epistola
587 551 640 596 sua
669 532 793 606 dixisse,
816 553 890 613 opus
917 543 946 596 et
974 553 1038 596 rem
1061 535 1162 598 iactam
1186 554 1253 600 esso
1275 535 1469 600 Filiumraut

156 632 226 702 nei,
250 650 313 694 non
335 641 438 694 natura
460 633 624 712 proprium,
646 633 700 696 sed
723 634 848 698 alienum
863 653 881 696 a
894 634 982 696 Patre
998 635 1161 698 secundum
1174 636 1380 714 substantiam,

158 731 260 812 qualis
291 741 336 794 est
355 731 483 812 agricola
505 750 521 792 a
547 733 605 795 rite
635 743 664 796 et
684 733 766 796 inber
787 753 805 796 a
827 735 954 813 scapha,
981 733 1091 794 etenim
1119 753 1184 796 cnm
1205 736 1245 798 sit
1264 756 1313 800 res
1336 738 1382 800 la-

158 841 220 906 cta,
245 850 306 894 uon
329 840 393 894 erat
412 842 568 913 antequam
587 834 681 896 deret.
724 835 822 896 Etiam
844 833 1155 915 scripsitreiusmodi
1178 833 1255 896 illius
1270 837 1382 914 episto·

155 934 221 996 lam
245 951 313 994 esse
336 941 367 994 et
385 952 443 996 nos
464 934 540 996 uiuo
563 936 700 998 latemur.
744 936 804 998 Sed
825 945 859 996 ut
879 935 957 996 lianc
977 933 1108 1012 scripsit,
1131 931 1170 996 its
1193 943 1222 996 et
1236 933 1385 1016 aliaspiu·

158 1033 256 1096 rimas
279 1034 456 1115 conscripsit
478 1035 636 1116 epistolas,
666 1053 739 1114 quas
762 1035 850 1098 etiam
874 1034 911 1096 ab
932 1033 989 1096 illis
1010 1034 1101 1096 lectas
1125 1035 1275 1116 oportuit,
1298 1043 1332 1096 ut
1351 1055 1387 1100 ax

158 1133 319 1206 omnibus,
351 1152 411 1195 non
443 1139 493 1197 ex'
510 1136 596 1198 unica
628 1136 767 1198 duntaxat
798 1135 948 1214 explorata
976 1133 1031 1197 riri
1057 1134 1132 1197 fides
1161 1145 1251 1200 essct.
1300 1135 1386 1200 Fabri

158 1253 292 1313 namque
313 1234 432 1315 peritia,
466 1233 515 1314 qni
539 1234 647 1298 multas
670 1237 804 1296 triremes
827 1235 985 1308 exstruxit,
1013 1254 1075 1298 non
1099 1255 1134 1298 ex
1154 1237 1252 1308 unica,
1276 1236 1330 1300 sed
1353 1255 1387 1300 ex

160 1335 303 1398 omnibus
325 1335 413 1398 simtd
434 1337 627 1398 aestimanda.
672 1336 706 1396 Si
726 1335 815 1414 igitur
836 1335 1008 1416 simpliciter
1029 1344 1062 1397 ut
1081 1335 1169 1400 tidem
1191 1355 1277 1402 suam
1293 1356 1388 1420 expu-

158 1453 240 1498 nens
262 1436 339 1498 hanc
360 1455 447 1518 quam
470 1436 573 1500 dicunt
594 1435 715 1515 scripsit
737 1435 906 1514 epistolam,
929 1443 979 1501 aut
999 1437 1026 1498 si
1047 1436 1123 1498 hanc
1144 1455 1230 1500 unam
1253 1437 1385 1518 scripsit,

159 1544 304 1598 accusent
332 1555 399 1603 eum
427 1555 482 1616 pro
504 1536 644 1610 libidine,
671 1554 773 1598 rerum
795 1536 904 1618 quippe
926 1555 962 1596 eo
984 1555 1055 1598 casu
1077 1537 1207 1618 suppetit
1228 1539 1385 1602 scursandi

161 1647 382 1716 argumentum.
426 1638 513 1712 Quod
540 1639 568 1700 si
591 1637 734 1718 temporis
758 1645 787 1698 et
807 1654 952 1717 personae
973 1637 1048 1700 ratio
1071 1635 1138 1700 eum
1160 1639 1197 1700 ad
1219 1638 1286 1700 talis
1306 1640 1385 1704 scri·

161 1737 261 1800 benda
283 1737 439 1818 compulit,
470 1737 599 1816 aliasque
620 1737 814 1817 postmodum
835 1738 954 1820 scripsit
975 1737 1117 1818 epistolas
1139 1738 1175 1799 ad
1199 1757 1263 1800 eam
1284 1740 1385 1820 suspi-

161 1838 283 1902 cionem
305 1837 515 1911 amovendam,
538 1856 599 1900 non
621 1837 736 1912 decuit,
759 1837 878 1900 omissis
900 1838 1048 1900 scribendi
1070 1838 1168 1900 causis
1191 1838 1253 1898 viro
1276 1847 1387 1900 mmerc

161 1936 308 2000 inuidiam
330 1938 468 2010 conflare,
491 1948 582 2000 utne
603 1938 755 2000 rideantur
776 1937 815 1998 nil
836 1938 896 2000 nisi
917 1937 1036 2000 ronulas
1058 1938 1211 2020 aucupari,
1234 1938 1388 2000 veritatem

164 2045 266 2100 antem
297 2056 371 2116 quas
399 2038 429 2100 in
458 2039 522 2102 aliis
553 2039 618 2102 eius
646 2038 782 2120 epistolis
809 2057 879 2101 sese
904 2039 1004 2118 prodit
1025 2039 1268 2118 praetermittere.
1313 2037 1388 2102 Nam

165 2147 195 2202 et
226 2138 353 2218 agricola
382 2139 514 2202 eiusdem
544 2140 663 2222 generis
692 2139 817 2202 arbores
846 2138 919 2201 alias
947 2139 1004 2202 alio
1032 2139 1122 2202 modo
1144 2159 1199 2218 pro
1221 2139 1386 2218 praesentis

166 2235 230 2301 suli
245 2240 361 2302 ratione
383 2241 465 2316 colit3
487 2260 543 2303 nec
564 2241 630 2320 quis
653 2241 736 2304 illum
758 2260 795 2304 eu
818 2241 940 2302 nomine
961 2247 1073 2320 arguet,
1096 2239 1176 2320 quod
1191 2241 1266 2302 hanc
1279 2259 1385 2323 ampu-

164 2349 216 2414 tet,
239 2339 280 2402 illi
302 2360 373 2402 vero
396 2343 545 2406 surculum
567 2341 687 2414 inserat,
711 2342 799 2404 istam
823 2341 945 2422 plantet,
966 2341 1052 2404 aliam
1076 2339 1189 2415 evolat,
1211 2341 1264 2405 sed
1285 2341 1386 2422 potins

164 2459 231 2504 cnm
263 2460 382 2506 cansam
415 2443 566 2518 didicerit,
598 2443 710 2504 variam
739 2442 871 2504 hominis
906 2442 1041 2521 peritiam
1069 2439 1233 2504 mirabitur.
1285 2441 1388 2522 itaque

166 2542 226 2604 nisi
249 2543 346 2604 obiter
368 2543 432 2602 eius
455 2542 566 2621 scripta
586 2541 726 2620 legerint,
754 2543 898 2623 epistolae
920 2549 1126 2622 argumentum
1146 2541 1278 2604 indicent
1299 2540 1390 2614 mihir

166 2641 238 2701 hinc
267 2641 346 2702 enim
375 2659 479 2700 corum
506 2640 649 2704 calumnia
670 2643 873 2722 propositique
893 2643 1024 2722 pravitas
1047 2649 1199 2721 comperta
1221 2640 1287 2702 erit.
1333 2639 1391 2700 Ce-

173 2745 268 2798 terum
291 2740 359 2816 qrtia
381 2739 427 2799 rel
448 2740 586 2816 ignorant
604 2740 649 2802 rel
671 2741 798 2804 indicare
820 2743 1015 2816 erubescunt,
1042 2760 1101 2804 nos
1124 2757 1263 2804 enarrare
1284 2755 1391 2800 neces·
1469 2805 1475 2816 ,

172 2853 242 2898 sum
266 2845 320 2898 est.

252 3349 282 3407 5.
335 3341 369 3402 ln
402 3339 555 3420 Pentapoli
590 3339 757 3419 superioris
786 3337 896 3418 libyae
926 3337 1044 3420 quidam
1074 3337 1289 3418 Episcopomm
1322 3347 1391 3402 tunc

166 3441 312 3522 temporis
336 3459 402 3504 cnm
425 3440 758 3532 Sabelliotsentiebant,
781 3447 953 3524 tantumque
976 3439 1038 3502 suis
1060 3439 1237 3506 commentis
1258 3439 1389 3500 invalue-

166 3551 249 3614 rant,
280 3550 313 3605 ut
340 3543 387 3602 vis
416 3541 491 3604 ultra
513 3541 604 3602 Filius
626 3539 679 3602 Ilei
708 3541 738 3605 in
760 3539 900 3602 Ecclesiis
927 3541 1157 3620 praedicaretur.
1201 3539 1255 3602 Rei
1284 3539 1392 3600 certior

167 3643 264 3706 lactus
286 3641 455 3721 dionysius,
478 3641 525 3706 cui
549 3660 649 3704 carum
672 3659 741 3704 cura
762 3639 958 3706 Ecclesiarum
981 3641 1187 3713 incumbebat,
1210 3637 1300 3700 mittit
1320 3655 1391 3708 sua·

170 3825 194 3874 3.
214 3839 287 3874 anon,
306 3818 399 3892 ἑτέρας
416 3815 496 3878 ἄλλας
510 3858 516 3871 .
532 3858 538 3870 .
557 3859 562 3870 .
582 3818 628 3876 καὶ
652 3819 756 3873 δεῖκαὶ
806 3826 852 3874 rin.
872 3823 941 3874 colb.
961 3823 1007 3872 les.
1025 3823 1065 3870 Fr.
1078 3821 1097 3874 l.
1116 3819 1254 3870 eti'elcism.
1269 3819 1293 3870 d.
1312 3835 1393 3880 anon,

168 3885 292 3944 vuisara-
330 3891 382 3942 linx
399 3893 463 3942 idem
479 3884 579 3956 καὶμὴ
598 3887 694 3956 μόνον.
808 3893 850 4002 ppt
868 3899 1009 3952 postrenus
1027 3889 1066 3939 ric
1081 3886 1168 3936 ubet:
1191 3879 1223 3934 τὸ
1240 3882 1393 3958 numerat·

207 3976 227 4008 e.
247 3959 346 4008 laurio.
371 3957 441 4008 uoto.
467 3957 513 4006 les.
532 3958 570 4006 Fr.
587 3958 606 4006 l.
633 3949 759 4014 iniussa
841 3945 1393 4018 vairdumriprcirnmmu'lrtnmimir

169 4023 296 4089 γνωσθῇ.
333 4024 439 4074 Fulcitur.
458 4021 483 4072 3.
506 4037 578 4071 scon.
605 4035 663 4085 γνω
683 4019 759 4088 culfi.
810 4021 894 4070 multis
920 4021 950 4068 de
968 4034 1043 4070 more.
1079 4019 1130 4071 iios
1157 4021 1213 4082 lies.
1231 4021 1329 4070 Tsnrin.
1348 4020 1394 4069 ies.

173 4093 238 4140 inira
257 4091 321 4140 idem
339 4083 354 4150 ἢ
374 4083 473 4138 τούτου
489 4083 569 4153 τέχνη
587 4035 759 4153 γνωρῖζεται.
809 4087 879 4136 rer.
897 4085 955 4138 sois
969 4077 1140 4152 γράμμασιν.
1177 4087 1238 4138 sciri
1263 4101 1318 4136 raro
1337 4085 1396 4142 vok

170 4157 248 4208 Punic
267 4164 324 4222 post
341 4157 404 4208 idem
423 4147 439 4216 ἢ
456 4151 547 4220 pom
565 4149 674 4216 ταύτην.
810 4145 1033 4219 συγγράμμασιν.

206 4223 231 4276 d.
249 4223 331 4272 Feirk.
349 4222 372 4272 3.
391 4237 462 4272 anon.
485 4215 548 4290 περὶ
565 4205 605 4270 air
622 4213 761 4272 dnuursd·
846 4223 863 4270 i.
881 4221 922 4270 Sic
939 4221 997 4282 lies.
1021 4227 1045 4271 rt
1069 4219 1140 4270 editi:
1162 4207 1208 4274 ‚sed
1228 4219 1330 4298 joarin.
1347 4217 1394 4267 lei.

171 4289 220 4348 aa,
240 4284 269 4338 τί
284 4281 396 4348 ramim
418 4283 468 4337 καὶ
484 4283 541 4356 γὰρ
559 4283 606 4338 καὶ
621 4281 760 4358 γεωργός·
812 4297 836 4338 et
853 4287 891 4337 Fr.
902 4288 921 4336 l.
939 4282 1034 4352 nyso,
1054 4278 1205 4350 ἂναγκαῖυν
1223 4282 1294 4351 ημᾶς
1302 4283 1396 4332 rursm.

169 4358 272 4408 omissis
291 4356 449 4408 intermediis.
845 4371 868 4418 p.
886 4353 985 4403 Trosio.
1003 4351 1071 4404 colb.
1092 4353 1137 4401 les.
1156 4351 1196 4400 Fr,
1206 4349 1228 4400 1.
1246 4359 1271 4400 et
1290 4349 1396 4400 Felclm.

207 4439 229 4472 s.
254 4423 360 4473 lelclm.
385 4421 409 4473 3.
433 4437 504 4472 anun.
531 4411 566 4469 ἄν
596 4435 638 4476 τις
664 4413 758 4480 uitia,
811 4421 836 4472 3.
855 4435 928 4471 suun.
944 4420 1109 4469 amanium.
1143 4417 1192 4466 Sed
1209 4417 1267 4468 editi
1285 4424 1309 4466 st
1328 4415 1396 4466 mdi-

173 4480 240 4537 etta
266 4483 312 4538 arui
339 4485 446 4556 μᾶλλον
474 4489 572 4540 omissis
601 4489 760 4555 interpositis.
812 4501 852 4541 esa
872 4487 928 4548 lter.
948 4493 973 4535 et
989 4485 1061 4534 dasii.
1080 4477 1229 4536 ἐπινοίαις,
1248 4496 1310 4547 qnos
1327 4479 1399 4545 sequi

174 4555 238 4606 inlra
256 4564 314 4622 post
329 4551 455 4606 ποικίλον
471 4555 540 4606 deest
557 4545 642 4605 uisuri
660 4555 684 4629 in
695 4553 760 4607 Trn-
811 4555 889 4605 risum
906 4560 953 4614 cst,
972 4552 1028 4625 prii
1048 4549 1103 4600 aliis
1121 4555 1253 4612 praestant
