3234 5282
579 377 688 422 omno
703 379 735 422 n.
752 377 866 422 conrna
882 379 1018 424 ammos.
1336 365 1400 430 377

171 531 288 594 nmen
312 528 426 590 scilicet
447 525 564 590 Domini
585 528 684 590 noemi
706 528 775 591 iesu
797 529 907 592 sorim
929 549 990 592 non
1011 542 1188 610 agnoscunt.
1230 533 1281 596 Sic
1302 533 1487 596 Meni-nuc

171 629 270 704 cinaei,
303 630 434 710 Phryges
457 637 487 690 ct
507 629 730 692 samosatensis
752 629 907 710 discipuli,
936 631 1070 710 quamvis
1091 635 1246 710 proiciunt
1267 633 1398 710 nomino,

171 731 364 796 nihilominus
392 739 463 792 aunt
489 729 641 792 haeretici.
686 729 736 792 Sic
765 729 852 791 etiam
875 729 984 792 deinde
1006 732 1053 804 hi,
1075 733 1124 810 qui
1146 753 1211 795 cum
1233 735 1304 798 Ario
1326 749 1488 800 sen-ron.
1550 717 1562 730 ’

171 834 259 906 tium,
282 833 350 894 iicet
371 851 446 912 quae
461 831 571 910 scripta
581 829 658 894 'suot
672 830 797 894 recitent
811 841 842 892 ct
857 831 977 892 nomina
993 833 1201 911 pronuncient,
1221 853 1275 896 eos
1291 847 1400 912 umen,

172 935 224 1015 qui
246 933 362 1002 abillis
385 931 740 1014 accipiuutBaptiemnm‚
762 931 915 1010 decipiunt
936 937 966 992 ct
988 929 1120 1004 eludunt,
1143 949 1210 994 urm
1227 933 1315 1012 longe
1336 957 1401 1000 ma·

43 1039 51 1050 .
172 1035 220 1100 ier
241 1035 281 1096 sit
301 1035 437 1114 ipsorum
459 1033 595 1113 impietae
618 1051 705 1112 quam
728 1040 896 1096 ceterorum
918 1032 1152 1108 haereticorum,
1186 1053 1262 1114 quos
1291 1037 1402 1100 mosim

172 1135 481 1218 praetergrediuntur,
512 1143 545 1196 ut
571 1135 661 1197 etiam
690 1152 742 1195 sua
771 1151 842 1213 proc
870 1133 1049 1214 loquacitate
1078 1133 1164 1215 culpa
1185 1134 1271 1198 iibcri
1293 1136 1334 1200 iiii
1357 1138 1403 1199 ri·

173 1239 308 1302 deantur.
352 1237 511 1300 Enimuero
534 1235 583 1298 aiii
606 1235 746 1298 haeretici
769 1233 908 1314 quiddam
928 1243 1048 1314 praeter
1063 1236 1218 1298 recitotem
1234 1247 1304 1300 sunt
1318 1255 1403 1300 com-

171 1340 283 1413 menti,
313 1341 352 1402 ita
374 1348 409 1402 ut
428 1339 473 1401 rei
497 1355 601 1400 corum
624 1355 709 1400 error
731 1336 809 1398 circe
829 1335 948 1398 Domini
970 1355 1079 1418 corpur
1101 1346 1253 1414 versetur,
1277 1359 1404 1421 eumque

174 1459 211 1502 ea
231 1440 323 1504 diaria
336 1439 456 1520 Virgine
477 1457 597 1502 carnem
619 1447 728 1518 negent
748 1437 903 1510 habuisse,
924 1437 971 1499 vei
992 1439 1173 1502 contendant
1193 1449 1320 1504 nortem
1343 1460 1405 1506 noa

173 1541 312 1616 subiisse,
336 1561 393 1604 uec
413 1543 520 1604 semum
543 1539 602 1602 uilo
624 1540 715 1602 modo
738 1557 807 1602 esse
828 1537 997 1610 hominem,
1021 1538 1075 1600 sed
1097 1539 1195 1602 aoldm
1217 1544 1415 1622 apparuisse,-

108 1647 111 1658 ’
173 1662 235 1706 non
257 1654 355 1707 autom
377 1661 481 1705 rerem
502 1637 628 1714 inisse‚'
641 1660 751 1721 corpus
772 1639 911 1702 similiter
931 1641 1048 1719 specio,
1078 1658 1139 1702 uon
1161 1661 1231 1704 uero
1252 1643 1403 1721 inbuimur

175 1743 305 1823 deniqne
326 1741 479 1804 hominem
500 1741 598 1802 uisum
621 1740 762 1803 dumtaxat
782 1741 888 1814 fuisse,
911 1759 948 1801 eo
970 1741 1061 1802 modo
1082 1760 1142 1822 quo
1163 1742 1227 1805 visa
1249 1747 1404 1808 somnian-

175 1841 256 1904 tibus
287 1849 456 1906 occurrunt.
499 1841 600 1904 Ariani
627 1849 727 1904 autem
755 1849 856 1920 operte
885 1842 915 1902 io
948 1841 1045 1921 ipsum
1072 1843 1192 1904 Patrem
1220 1843 1303 1924 impii
1325 1853 1405 1921 cnut,

178 1941 263 2005 curius
285 1943 479 2018 divinitatem,
502 1959 590 2021 quam
612 1942 642 2004 in
662 1941 738 2002 Filio
761 1949 899 2022 tanquam
921 1942 951 2004 in
973 1942 1102 2022 imagine
1125 1942 1288 2024 Scriptun's
1310 1953 1405 2008 tentat

175 2054 236 2106 tam
257 2043 397 2118 audiunt,
426 2041 617 2124 blasphemiis
643 2042 753 2105 audent
773 2042 964 2124 impugnare,
994 2063 1059 2106 eam
1081 2053 1209 2106 creatam
1233 2063 1301 2108 osee
1323 2047 1404 2110 affir-

173 2155 308 2220 mantes,
338 2153 368 2208 et
396 2163 582 2226 quocumque
605 2164 639 2206 se
660 2144 857 2218 contulerint,
888 2144 1021 2207 voculam
1043 2146 1120 2208 hauc
1140 2165 1204 2210 non
1226 2159 1295 2210 erut
1314 2147 1407 2212 veluti

174 2265 302 2310 coenrnu
324 2247 355 2309 iu
376 2265 448 2328 pero
470 2265 572 2310 semum
595 2246 817 2339 circumierunt,¹
840 2246 943 2325 sicque
965 2255 998 2308 ut
1015 2265 1140 2328 sorpcm
1154 2247 1237 2310 virus
1252 2249 1404 2314 evomunt.

172 2347 287 2412 lieinde
307 2367 378 2411 vero
401 2349 518 2429 quondo
541 2346 659 2410 illorum
682 2346 831 2408 sontemia
854 2365 994 2410 nauseam
1015 2347 1094 2427 perit
1121 2349 1276 2422 omnihus,
1306 2351 1405 2412 conti·

171 2469 234 2513 nuo
256 2451 418 2536 humanum
439 2449 621 2531 praesidium
651 2448 917 2528 auctoritatemque
938 2449 1064 2511 labantis
1086 2449 1220 2514 haeresis
1241 2450 1406 2516 iniciendae

171 2571 261 2616 cama
283 2553 468 2614 substituunt
489 2559 521 2612 ct
542 2559 724 2629 supponunt,
748 2557 780 2613 ut
801 2551 867 2612 eius
889 2560 1010 2630 aspectu
1033 2559 1085 2612 cut
1106 2561 1186 2614 metu
1209 2569 1296 2630 mom
1319 2551 1407 2614 noxio

176 2653 217 2713 sit
237 2653 328 2730 impia
348 2656 485 2732 ipsorum
507 2649 641 2712 doctriua
663 2669 724 2712 non
746 2651 911 2731 intelligint
935 2653 1124 2714 incautiores.
1168 2651 1213 2714 dn
1236 2669 1297 2714 nou
1319 2651 1408 2731 igitur

175 2749 369 2812 miseratione
390 2751 469 2830 digni
491 2751 584 2823 ount‚'
599 2751 712 2829 quiite
733 2751 942 2832 decipiuntur?
985 2753 1030 2812 dn
1052 2769 1114 2812 nou
1137 2769 1190 2814 eos
1213 2769 1340 2829 aequom
1362 2759 1410 2812 eet

178 2849 308 2922 dedere,
337 2849 387 2930 qui
414 2851 565 2930 praesenti
593 2851 785 2930 mendacique
807 2853 989 2931 voluptatum
1013 2851 1113 2930 specie
1136 2851 1202 2914 victi
1227 2869 1312 2912 suum
1334 2865 1408 2930 pro·

177 2950 258 3012 dont
278 2950 466 3014 commodum
490 2958 520 3012 et
540 2951 638 3012 tuturo
664 2969 721 3031 spe
751 2951 882 3014 cadumi
928 2951 986 3022 Qui
1021 2951 1100 3012 onim
1130 2951 1160 3011 in
1191 2950 1312 3012 numine
1334 2950 1409 3025 eius,

177 3051 230 3132 qui
253 3049 352 3113 nuilus
374 3059 428 3124 eut¹
450 3051 633 3130 Baptismum
655 3051 791 3114 ridentur
812 3037 957 3128 decipere,
980 3049 1052 3112 nihil
1075 3060 1156 3112 certe
1179 3051 1332 3130 recipient,
1356 3050 1422 3114 aed'

176 3152 224 3214 rei
247 3159 363 3214 creatae
391 3151 544 3214 coniuncti
563 3151 676 3214 auitum
698 3151 735 3212 eh
758 3169 792 3212 ca
807 3160 1028 3229 consequentur
1049 3151 1197 3215 euxiiium.
1243 3151 1407 3216 Comitem
1465 3227 1468 3235 Ι

176 3253 296 3340 iurem
326 3256 431 3316 ueteri
459 3272 476 3314 a
506 3252 596 3316 Patre
616 3251 745 3318 alienam
765 3260 803 3324 et
813 3251 988 3314 dissimilem
1010 3252 1097 3314 iidem
1127 3253 1263 3328 credant,
1297 3253 1407 3316 nullam

177 3337 298 3435 duoque
318 3372 384 3416 cum
406 3373 442 3416 eo
464 3353 705 3426 coniunctionem
728 3361 797 3415 suut
816 3351 965 3427 babituri,
997 3354 1106 3434 quippe
1128 3355 1177 3434 qui
1200 3355 1354 3436 proprium
1377 3363 1407 3418 et

174 3459 282 3517 natum
304 3473 339 3516 er
361 3455 447 3518 Putre
469 3455 602 3535 genitum
624 3471 684 3516 non
707 3453 835 3520 habeant
856 3453 971 3530 Filium,
994 3455 1045 3535 qui
1068 3465 1097 3518 et
1118 3455 1184 3536 ipso
1205 3456 1236 3518 in
1250 3455 1338 3518 Patre
1360 3461 1408 3518 eet
1529 3500 1533 3515 .

176 3563 207 3618 et
227 3557 259 3618 in
281 3575 341 3636 quo
363 3564 409 3617 cst
431 3555 568 3619 similitor
595 3555 700 3629 Pater,
733 3563 767 3616 ut
793 3553 871 3618 idern
895 3564 1021 3620 testetur
1049 3555 1158 3632 Filium
1192 3558 1246 3620 sed
1274 3556 1407 3620 infelices

176 3655 294 3718 iliorum
321 3655 511 3720 circumventi
540 3656 730 3736 improbitate
751 3656 822 3720 nudi
845 3658 932 3738 plano
953 3667 984 3720 et
1006 3658 1137 3721 destituti
1162 3658 1314 3720 divinitate
1335 3673 1406 3736 pcr-

176 3765 305 3820 mancnt
350 3758 410 3820 Nec
439 3757 529 3832 enim¹
551 3758 635 3838 ipsos
666 3758 829 3822 morientes
864 3745 1026 3838 repnentur
1053 3755 1166 3822 fallacia
1194 3767 1290 3820 terroe
1318 3757 1407 3832 bona,

178 3934 318 4052 coponium,
337 3970 461 4054 dirorum
478 3962 762 4052 udriveiuccfriupao,
817 3974 875 4036 legit
897 3973 1014 4092 Nannilucs.
1035 3973 1180 4052 'niiirero'
1203 3990 1262 4054 mse.
1286 3985 1311 4027 et
1335 3977 1408 4028 editio

177 4039 504 4171 “titttttttnft?
519 4053 663 4166 iiiiii?
681 4049 766 4156 ‘iios
818 4040 993 4168 “iiiiii
1010 4053 1068 4174 itt.
1083 4053 1407 4162 tttttttttftn.

179 4183 204 4225 et
221 4177 324 4228 Foieim.
343 4178 368 4230 4.
386 4173 486 4224 τοῦτον
502 4167 713 4252 προβάλλονταιὶ
742 4235 749 4252 .
818 4165 935 4252 druogo
950 4171 990 4240 uqi
1007 4169 1099 4244 πατρί.
1136 4177 1180 4227 Atti
1200 4187 1223 4229 et
1241 4181 1315 4229 editio
1335 4180 1409 4228 Com-

182 4302 194 4321 ,
212 4259 234 4306 p.
253 4245 357 4294 isicium.
377 4243 442 4294 ieet
459 4244 532 4322 editio
551 4241 668 4324 qpmmci.
686 4241 768 4296 nodva
819 4244 874 4293 mei.
894 4256 961 4290 οντα
979 4241 1018 4310 τῷ
1036 4239 1127 4313 παιρί.
1162 4247 1214 4297 tior
1232 4247 1408 4324 segonnam.

178 4323 300 4396 suscep«.
313 4313 766 4376 uererimss.co:rvoumapapawpu
818 4311 916 4390 fluiter.
941 4311 1049 4428 Feteihm
1067 4313 1088 4363 t.
1108 4321 1131 4390 5²
1148 4314 1171 4364 o.
1195 4325 1407 4434 “iivisrirmiisviff

212 4381 235 4496 i·
248 4379 766 4508 istit·ttitt'tnitsst'ttf·n
817 4379 1186 4514 iiii'riiiipoic'iw'
1251 4397 1257 4432 ¹
1348 4500 1356 4519 ,
1400 4412 1406 4425 ’

178 4507 229 4568 τὰς
246 4505 355 4592 rideatis.
380 4506 766 4594 ,iiiiii‘iffiii‘issiffgittifl'wiss
852 4515 869 4564 i.
887 4517 959 4578 Sego.
984 4508 1047 4564 eddi
1064 4508 1119 4592 γᾶς
1139 4506 1203 4563 addi
1220 4507 1407 4566 ἇκολονθησει.

178 4582 236 4632 tior
249 4583 341 4644 turtio.
360 4595 389 4630 oc
402 4595 458 4650 γαρ
475 4593 526 4632 aar
543 4593 592 4632 noa
608 4595 686 4656 prro,
704 4591 732 4632 oa
743 4589 766 4632 et
818 4581 878 4634 inid.
897 4583 1003 4633 ietctm.
1023 4584 1046 4632 o.
1065 4593 1185 4633 romanu
