3162 5308
237 276 298 342 668
572 350 579 362 ¹
622 291 649 334 s.
659 291 811 334 srmsssn
824 291 1043 334 momastssost

153 447 320 514 merebere,
350 454 448 505 tamen
479 461 545 504 oum
571 446 603 503 in
632 443 766 505 omnibns
794 461 867 523 quos
895 443 1021 505 viduans
1051 444 1264 521 manuscriptis
1295 442 1478 504 mdtctbns

238 544 366 606 secundo
387 542 525 624 Epistola
546 548 578 605 in
601 545 674 606 duos
698 543 793 606 oeluti
811 543 964 624 Epistolas
987 545 1196 613 distinctosit,
1218 561 1279 604 non
1301 546 1372 604 ansi
1400 563 1473 606 sss-

235 665 301 708 mns
316 644 407 706 simul
423 649 611 726 eoninnqere,
634 647 686 706 sed
700 663 772 716 eom,
786 653 883 724 pront
895 648 928 705 in
941 648 1018 724 ipsis
1032 665 1103 706 ross.
1121 645 1255 716 babetur,
1278 645 1472 708 divisimus.

320 747 365 807 tv.
410 739 627 809 Feloltmannns
649 748 809 808 secundom
823 745 988 826 Epistolom
1003 751 1065 807 sioe
1080 751 1211 826 primum
1233 750 1294 808 eius
1313 758 1471 826 partem,

236 849 366 930 qseaede
388 848 465 912 Filio
489 850 624 920 disserit,
656 853 801 928 synopsin
823 867 887 910 esse
911 848 1090 909 Orationnm
1120 857 1227 909 contra
1249 847 1384 908 Arianos
1417 861 1474 912 est

129 997 134 1008 .
236 949 444 1027 arbitratus¹).
489 951 526 1012 At
548 951 616 1011 lmic
637 953 774 1029 opinioni
793 951 994 1029 refraqantnr
1017 969 1081 1010 mem
1101 952 1302 1028 manuscripti
1316 943 1470 1020 Codices,

238 1056 290 1132 qni
315 1070 378 1114 eam
406 1056 553 1131 epitomen
578 1069 640 1112 esse
667 1054 782 1128 primae
809 1051 849 1111 ad
876 1049 1069 1130 Serapionem
1095 1050 1248 1131 Epistolae
1276 1051 1464 1122 observant,

238 1167 302 1218 tum
329 1171 399 1215 nero
425 1157 523 1233 ipsum
551 1153 679 1213 eiusdem
706 1151 878 1222 exordium,
910 1153 964 1214 ubi
985 1157 1101 1232 primae
1123 1161 1238 1213 tontum
1260 1155 1400 1214 mnrium
1426 1153 1465 1213 S.

239 1255 438 1330 Athanasius,
468 1271 554 1334 qnam
583 1272 614 1314 se
635 1256 678 1313 ait
700 1257 732 1313 in
753 1254 883 1314 secunda
903 1257 963 1314 isto
984 1265 1093 1332 roqstn
1115 1251 1290 1342 Serapionis
1312 1255 1465 1316 nonnul-

240 1357 335 1436 lisque
358 1355 529 1434 optantibus
544 1354 697 1433 {ratribus
714 1357 911 1416 contraxisse.
955 1353 1023 1416 Non
1047 1353 1212 1434 diffitemur
1227 1364 1332 1426 tomen,
1352 1374 1466 1435 prae-

240 1461 327 1536 cipuo
349 1474 422 1535 qnae
445 1459 477 1515 in
500 1455 697 1524 Orationibus
720 1467 827 1518 contro
848 1455 977 1518 Arianos
1004 1456 1105 1534 [usim
1132 1467 1328 1536 eoputuntur
1354 1475 1463 1536 arqu-
1533 1473 1534 1538 q

238 1567 337 1620 mmta
359 1559 488 1621 strictim
518 1558 563 1619 bic
584 1575 746 1638 presseque
768 1562 911 1628 tractari,
944 1569 978 1621 at
1005 1557 1223 1632 contendimus,
1252 1556 1329 1618 illud
1353 1557 1460 1639 Opus,

153 1647 161 1667 ⁹
239 1659 317 1740 quod
338 1657 485 1720 secundae
507 1657 658 1738 Epistolae
671 1662 823 1738 principio
846 1663 889 1721 ait
910 1678 941 1721 se
961 1663 994 1720 in
1015 1661 1160 1738 epitomen
1181 1658 1339 1740 redeqisse,
1366 1659 1464 1722 aliud
1533 1673 1534 1710 t

239 1760 359 1822 nullum
380 1779 444 1822 asse
466 1777 555 1840 qnam
575 1759 741 1840 Epistolom
759 1764 888 1840 primam
910 1761 948 1822 ad
970 1757 1172 1839 Serapionem.

324 1861 357 1922 V.
405 1859 514 1922 Ultima
543 1862 664 1942 deniqne
692 1859 828 1940 Epistola
859 1865 903 1923 ito
925 1858 1063 1922 orditur:
1092 1855 1236 1940 ἐνέτυχον
1258 1857 1314 1924 καὶ
1334 1861 1375 1946 τῇ
1399 1875 1455 1926 ete.
1533 1869 1534 1946 l

240 1963 341 2026 Euius
363 1972 461 2026 antem
486 1981 562 2042 pars
587 1973 742 2041 postremo
769 1965 830 2022 siue
857 1961 950 2022 aelecti
974 1962 1125 2042 appendis
1148 1963 1240 2039 [num.
1257 1965 1286 2028 8.
1310 1965 1385 2046 sqq]
1407 1975 1456 2028 est
1533 1949 1534 1952 ¹

244 2063 401 2126 Tractatns
417 2068 449 2125 in
465 2062 609 2126 Mattbaei
628 2064 719 2124 verba
735 2062 916 2141 Quicumque
931 2062 1037 2123 dixerit
1058 2062 1146 2140 etad),
1170 2067 1223 2144 qni
1241 2065 1318 2128 male
1332 2071 1365 2128 in
1380 2067 1451 2129 bac-
1533 2051 1534 2126 l

242 2175 329 2227 tenus
357 2165 443 2226 editis
472 2166 507 2226 ab
536 2165 658 2228 illaesi
680 2163 827 2226 divulsus.
870 2163 1021 2245 Siquidem
1046 2183 1109 2226 non
1136 2163 1234 2227 solnm
1261 2171 1293 2228 in
1314 2168 1446 2230 ortubus

241 2271 455 2346 manuscriptis
480 2266 627 2328 codicibus
650 2266 725 2328 bana
747 2271 847 2328 statim
869 2265 1062 2344 subsequitur
1084 2265 1266 2346 Epistolom,
1293 2270 1341 2330 sed
1356 2271 1437 2327 mass
1533 2265 1534 2288 ¹

242 2373 274 2430 in
297 2373 423 2448 optimae
445 2376 532 2430 notae
553 2365 643 2446 lieqio
665 2366 693 2428 e't
714 2366 898 2446 Sequeriono
920 2377 999 2432 recte
1022 2371 1174 2448 cumipse
1196 2370 1299 2450 absque
1315 2367 1373 2428 ulla
1395 2370 1434 2426 ti-

243 2468 307 2531 tulo
332 2473 532 2548 coninnqitnr,
556 2479 727 2547 tantumque
749 2470 780 2528 in
801 2473 934 2546 marqine
956 2469 1047 2530 uerba
1069 2472 1134 2546 ipsu
1150 2468 1293 2534 Matthaei
1310 2469 1441 2550 afferun-

243 2581 310 2642 tur,
343 2575 391 2633 nti
416 2571 452 2650 fit
480 2579 508 2630 et
537 2569 604 2630 aliis
633 2573 665 2630 in
695 2569 776 2632 locis.
821 2567 858 2630 ln
881 2569 1061 2630 Gobleriano
1089 2583 1186 2632 ontrm
1214 2582 1244 2632 et
1266 2569 1450 2633 Eelclsmanni

148 2707 151 2718 ·
240 2675 340 2754 primo
369 2672 440 2734 baec
467 2689 562 2733 novae
583 2675 670 2750 quusi
690 2667 841 2749 Epistolae
859 2675 1063 2749 praeponitur
1084 2674 1261 2751 inscriptio:
1291 2667 1375 2755 πρὸς
1395 2665 1452 2733 τὸν
1533 2673 1534 2696 ¹

243 2765 342 2837 αὐτὸν
364 2775 569 2856 Σεραπίωνα.
615 2771 723 2852 Nempe
746 2788 811 2832 cum
831 2773 863 2830 in
883 2775 982 2849 prima
1005 2770 1141 2851 Epistola
1162 2789 1243 2834 num.
1256 2773 1285 2836 ³.
1305 2783 1333 2834 et
1347 2777 1380 2834 in
1394 2773 1456 2853 fine

242 2881 344 2958 partis
370 2879 552 2956 posterioris
581 2876 726 2936 secundae
750 2871 815 2953 [Ep.
833 2870 891 2933 lll.
914 2891 994 2933 num.
1014 2873 1055 2948 7.]
1086 2872 1157 2933 baec
1181 2871 1339 2954 annqelii
1363 2875 1457 2936 uerbo

126 2995 133 3012 ¹
245 2989 354 3041 contra
377 2978 570 3039 adversarios
593 2974 815 3066 adunarunt,
830 2974 1022 3043 Athanasius,
1045 2975 1142 3052 spsr'cm
1162 2979 1280 3052 roqooit
1294 2973 1455 3056 Serapion,

245 3090 280 3140 ut
297 3081 393 3142 locnm
404 3078 491 3140 illum
506 3081 772 3158 interpretaretur,
795 3075 1015 3158 explicaretque
1031 3093 1086 3136 cnr
1101 3078 1153 3154 qui
1173 3078 1204 3135 in
1219 3075 1368 3155 Spiritum
1383 3097 1456 3139 san-

245 3188 325 3239 atum
343 3183 520 3256 peccauerit,
543 3183 667 3257 qrooins
686 3179 857 3258 puniendus
879 3183 928 3248 sit,
952 3195 1038 3256 qnam
1060 3180 1161 3256 quiin
1181 3176 1306 3252 Filinm3
1331 3181 1382 3240 cni
1399 3195 1457 3259 po·

246 3275 420 3342 stnlotiom'.
442 3278 569 3339 multum
592 3279 672 3348 licet,
695 3291 730 3341 ut
751 3279 864 3347 scribit,
887 3276 1054 3348 reluctans,
1087 3282 1118 3338 in
1138 3279 1199 3358 qino
1220 3279 1343 3341 nltisnae
1367 3280 1457 3342 buius

245 3375 397 3456 Epistoloe
420 3380 575 3458 satisfecit.
1357 3384 1361 3392 '

328 3477 375 3539 Vl.
419 3478 487 3542 Non
508 3478 635 3539 multum
657 3477 881 3539 immorabimur
895 3481 926 3536 in
945 3476 1110 3555 refellendo
1122 3485 1284 3562 praecipiti
1304 3492 1334 3542 et
1355 3485 1458 3563 iniquo
1533 3461 1534 3480 ¹

246 3579 403 3642 admodum
423 3581 547 3642 Erosmi
574 3577 608 3639 de
633 3580 734 3657 prema
759 3578 797 3637 od
818 3575 1012 3656 Serapionem
1034 3577 1170 3659 Epistola
1196 3583 1314 3644 indicio.
1359 3581 1458 3655 Salso,

246 3685 342 3761 inquit
363 3680 428 3753 ille,
458 3688 488 3743 et
508 3679 621 3758 integro
645 3679 798 3740 doctorum
826 3676 951 3752 iudicio,
981 3697 1034 3760 ego
1062 3699 1168 3743 censeo
1196 3683 1253 3744 hoo
1280 3683 1362 3763 Opus
1389 3701 1459 3745 esse

246 3781 375 3844 hominis
398 3784 487 3844 otiosi
510 3781 650 3862 nulloque
672 3779 789 3860 ingenio
812 3779 945 3860 praebiti,
968 3783 1017 3862 qui
1031 3782 1157 3843 soluerit
1171 3783 1277 3846 imitari
1292 3785 1350 3846 divi
1363 3784 1456 3846 Atha-

247 3884 323 3946 nasii
344 3884 459 3946 libellos
474 3884 516 3946 ad
540 3885 739 3965 Serapionem.
783 3882 837 3944 Hic
858 3885 931 3944 miss
953 3885 1105 3964 congeries
1126 3883 1273 3960 locorum,
1301 3893 1332 3948 et
1361 3884 1456 3946 ratio·

247 4003 317 4048 num
340 3987 472 4047 conlusio
495 3985 763 4066 modestissimoque
786 3984 877 4046 semel
899 3985 1043 4048 dictorum
1065 3969 1219 4065 iteratim).
1264 3986 1364 4050 Eidem
1385 4005 1457 4050 sen-

316 4206 339 4266 i)
356 4204 412 4253 Vide
431 4205 486 4254 item
504 4203 622 4272 Almonis.
640 4206 663 4253 in
682 4203 757 4266 Epist.
776 4202 804 4252 ed
823 4206 906 4270 Sersp.
925 4205 954 4254 de
973 4213 1049 4255 morte
1062 4207 1118 4256 Arii.
1149 4205 1247 4257 Tomi.
1266 4223 1319 4272 psq.
1327 4205 1384 4258 337.
1401 4206 1454 4258 nb.

288 4345 291 4350 ,
315 4289 339 4350 2)
358 4289 437 4339 Metto.
456 4287 494 4347 12,
514 4285 554 4336 ³2.
1001 4291 1007 4298 ’·

316 4374 341 4435 3)
360 4373 456 4424 losoois
474 4371 638 4434 chrysostomi
662 4377 684 4420 et
701 4369 820 4423 lthsnssii
845 4371 1021 4423 locobrstioues
1045 4374 1135 4438 sliquot
1157 4377 1259 4439 primum
1283 4391 1366 4426 vesssc
1392 4383 1415 4426 et
1433 4376 1455 4424 ia

249 4441 326 4494 lacem
352 4441 443 4492 sedites
466 4455 509 4506 per
534 4439 588 4489 lies.
613 4439 745 4489 Erssmora.
768 4439 839 4491 basii.
858 4439 930 4490 1527.
954 4455 977 4504 p.
993 4441 1042 4491 tto
1065 4443 1136 4505 (Opp.
1161 4443 1198 4493 sd.
1224 4445 1286 4494 cler.
1311 4445 1379 4494 Tam.
1398 4442 1454 4492 itit.

248 4525 272 4577 p.
290 4509 366 4572 coss.
