3234 5282
227 379 289 446 :382
628 395 655 440 ε.
670 395 824 444 numu
839 397 1060 442 ιιιαειεειεαοει

141 561 217 608 νεα.
312 547 363 610 46.
400 526 474 609 Ὅτι
500 543 561 626 μὲν
590 531 648 608 σύν
675 545 718 609 τά
745 542 846 631 φύσει
872 543 931 631 τήν
953 539 1070 614 ούσίαν
1092 544 1208 629 έχοντα
1229 547 1453 636 κτιστήνικτί-

227 665 338 728 σματα
368 643 496 728 λέγεται
523 642 598 709 ·καί
618 643 775 724 κτίζεται,
806 639 899 730 ἀρκεῖ
919 647 1025 711 ταῦτα
1045 645 1132 732 πρὸς
1151 643 1341 737 ὑπόμνησιν
1364 649 1452 736 είρή·

225 747 320 822 σθαι,
344 741 490 830 πλήρους
511 742 611 831 ούσης
631 746 690 831 τῆς
711 747 857 832 γραφῆς·
880 740 934 812 ὅτι
955 746 992 812 δὲ
1013 741 1033 834 ἡ
1055 751 1114 814 τοῦ
1138 747 1245 816 λ’κτισε
1265 748 1348 836 μάνη
1365 750 1458 829 λέξις·

225 844 380 930 λεγομένη
409 840 447 912 ού
470 843 606 924 πάντως
626 844 686 934 τήν
707 840 831 914 ούσίαν
846 844 903 912 καὶ
923 844 982 934 τήν
1004 852 1131 933 γένεσιν
1153 857 1320 937 σημαίνει,
1349 847 1449 935 δμὲν

224 945 336 1029 Δαβίδ
356 944 496 1030 ψάλλει·
519 947 678 1035 γραφήτω
700 943 804 1032 1ὀιύτη
827 947 874 1026 είς
895 947 1007 1033 γενεάν
1031 949 1153 1035 ἑτέραν,
1177 951 1230 1018 καὶ
1253 950 1333 1031 λαὸς
1347 949 1366 1017 ὁ
1381 979 1451 1020 κτι-

140 1043 360 1130 ε.ωι,ζόμενος
381 1046 506 1115 αίνέσει
526 1047 584 1114 τὸν
605 1047 717 1135 κύριον
725 1051 764 1128 ¹),
787 1045 843 1114 καὶ
864 1047 984 1117 πάλιν·
1006 1051 1144 1136 καρδίαν
1164 1051 1317 1138 καθαρὰν
1337 1059 1450 1122 κτίσον

225 1145 259 1214 ἐν
281 1146 365 1231 έμσί,
389 1143 408 1214 δ
430 1147 556 1229 θεοῖς’),
580 1145 616 1215 ⁸6
640 1150 676 1217 δὲ
697 1150 834 1235 Παῦλος
856 1147 951 1238 ἕκτῇ
973 1149 1060 1237 πρὸς
1077 1146 1247 1239 Ἐφεσίους
1269 1160 1369 1241 φησί·
1390 1154 1449 1222 τὸν

223 1245 325 1332 νόμον
346 1251 414 1315 τῶν
436 1249 577 1318 ἐντολῶν
600 1250 634 1318 έν
657 1249 801 1336 δόγμασι
822 1249 1037 1338 καταργήσας,
1061 1252 1117 1320 ἵνα
1138 1251 1215 1332 τούς
1230 1253 1289 1320 δύο
1303 1261 1398 1343 κτίσῃ
1414 1256 1449 1324 έν

224 1347 330 1436 ἑαυτῷ
353 1349 401 1428 είς
423 1350 480 1418 ένα
500 1352 614 1432 καινὸν
636 1349 859 1437 άνθρωπον’),
882 1351 940 1420 καὶ
959 1351 1079 1419 πάλιν·
1103 1351 1289 1422 ἐνδύσασθε
1302 1353 1361 1422 τὸν
1375 1381 1448 1424 και-

223 1447 495 1538 νὸνάνθρωπον,
519 1453 576 1520 τὸν
598 1451 682 1520 κατὰ
702 1451 786 1519 θεὸν
807 1455 987 1518 κτισθέντα
1008 1452 1043 1519 έν
1066 1453 1255 1542 δικαιοσύνῃ
1277 1458 1331 1523 καί
1355 1453 1448 1524 δσιύ-

106 1627 109 1634 ,
142 1597 149 1602 -
222 1575 297 1637 τητι
322 1555 381 1639 τῆς
408 1548 608 1642 άληθείαςἿ.
648 1550 725 1622 ούτι
751 1552 812 1639 γάρ
842 1548 860 1618 δ
889 1552 1002 1639 Δαβὶδ
1027 1551 1107 1621 λαόν
1134 1580 1210 1623 τινα
1237 1553 1305 1624 κατ’
1330 1553 1446 1626 ούσίαν

222 1650 411 1738 κτιζύμενον
433 1655 549 1742 ἔλεγεν,
573 1653 650 1722 οὔτε
670 1654 807 1740 καρδίαν
829 1653 941 1742 ἑτέραν
963 1652 1079 1743 ηύχετο
1102 1657 1215 1742 λαβεῖν
1237 1653 1315 1744 παρ’
1339 1657 1378 1744 ήν
1400 1654 1446 1726 εί-

108 1769 120 1786 ·
220 1779 292 1837 χεν,
323 1749 409 1824 ἀλλὰ
437 1756 496 1846 τήν
515 1755 601 1824 κατὰ
621 1755 704 1824 θεὸν
726 1749 909 1823 ἀνανέωσιν
930 1758 985 1823 καί
1007 1750 1234 1825 ιιοἰνακαίνισιν
1257 1759 1448 1846 ἐσήμαινεν·

222 1853 299 1924 ούτε
321 1857 357 1924 δέ
380 1853 398 1924 ὃ
420 1859 556 1937 Παῦλος
577 1851 645 1925 κατ’
670 1851 788 1924 ούσίαν
809 1843 1018 1942 κτιζομένους
1041 1857 1075 1926 ἐν
1097 1861 1144 1945 τῷ
1165 1866 1265 1948 κυρίῳ
1282 1860 1341 1929 δύο
1355 1861 1449 1942 τινάς

157 2033 166 2041 ,
222 1955 356 2045 ἐδήλου,
381 1953 450 2025 ἀλλ’
475 1953 552 2026 οὐδὲ
574 1955 675 2028 άλλον
696 1955 772 2026 τινὰ
795 1957 1002 2026 ἐνδύσασθαι
1023 1955 1110 2046 ἡμᾶς
1132 1958 1316 2046 ἄνθρωπον
1338 1973 1448 2032 οσυνε-

220 2057 385 2143 βούλευεν,
409 2054 494 2126 ἀλλὰ
513 2059 572 2127 τὸν
592 2061 653 2144 μὲν
673 2059 757 2127 κατὰ
777 2058 861 2126 θεὸν
883 2058 1069 2146 άνθρωπον
1084 2061 1141 2127 τὸν
1157 2057 1224 2130 κατ’
1242 2058 1359 2150 άρετήν
1372 2071 1448 2150 βίον

222 2156 324 2243 ἔλεγε,
358 2159 435 2240 τοὺς
463 2162 499 2229 δέ
526 2161 734 2246 κτιζομένους
762 2159 795 2228 έν
816 2163 955 2246 Χριστῷ
984 2160 1061 2239 τούς
1083 2157 1392 2247 άνακαινιζομένους
1413 2164 1447 2233 έν

221 2253 311 2346 αύτῷ
342 2260 401 2328 δύο
428 2262 528 2341 λαοὺς
550 2262 713 2352 ἐσήμαινε.
743 2258 903 2328 τοιοῦτόν
926 2259 1074 2327 ἐστικαὶ
1095 2261 1133 2327 τὸ
1155 2263 1331 2348 λεγόμενον
1353 2266 1449 2354 νεαρὰ

220 2363 272 2447 τῷ.
287 2356 440 2450 Ἱερεμίᾳ·
461 2363 585 2432 ’ἔκτισε
604 2363 716 2451 κύρως
738 2368 903 2451 σωτηρίαν
924 2361 1037 2447 καινήν
1060 2361 1108 2440 εἰς
1128 2363 1386 2451 καταφύτευσιν,
1410 2365 1454 2432 ἔν’

219 2450 409 2551 ήσωτηρίηι
430 2465 720 2551 Ιπεριελεύσονται
742 2463 968 2550 metonom-
996 2465 1094 2530 τοῦτο
1122 2464 1159 2530 δὲ
1182 2465 1283 2550 λέγων
1306 2460 1364 2531 ούκ
1386 2459 1442 2530 ού-

221 2569 296 2632 σίαν
317 2565 393 2632 τινὰ
414 2572 593 2651 κτίσματος
615 2571 784 2654 σημαίνει,
813 2559 898 2632 ἀλλὰ
919 2564 978 2652 τήν
1001 2563 1036 2632 ἐν
1057 2559 1254 2651 άνθριάποις
1276 2559 1445 2633 άνακαινι-

222 2664 357 2753 ζυμίτην
373 2674 537 2754 σωτηρίαν
559 2664 764 2756 προφητεύει
784 2664 843 2752 τήν
858 2672 1033 2751 γενομένην
1049 2665 1083 2733 ίν
1096 2669 1235 2754 Χριστῷ
1250 2665 1336 2754 πρὸς
1349 2663 1447 2752 ἡμᾶς.

219 2767 374 2852 τοιαύτης
394 2767 454 2855 ὶδή
478 2766 578 2856 ούσης
599 2769 653 2835 καί
674 2769 733 2853 τής
755 2766 921 2853 διαφορᾶς
941 2773 1022 2852 περί
1043 2792 1079 2834 τε
1099 2771 1168 2834 τῶν
1188 2767 1377 2850 κτισμάτων
1391 2767 1448 2834 καὶ

219 2870 277 2934 τοῦ
300 2869 474 2955 λεγομένου
493 2868 596 2954 μόνον
618 2869 752 2948 ἔκτισεν,
776 2865 806 2934 εί
826 2867 886 2950 μὲν
908 2863 1038 2952 ῑεύρητέ
1058 2891 1126 2932 που
1148 2866 1206 2932 τὸν
1226 2865 1338 2953 κύριον
1354 2866 1447 2953 λιγύ-

218 2992 317 3054 μενον
347 2969 380 3037 έν
401 2974 441 3059 τῇ
463 2977 545 3058 θείᾳ
566 2971 676 3058 γραφῇ
698 2974 835 3050 κτίσμα,
866 2966 995 3045 δείξατε
1016 2965 1072 3034 καὶ
1092 2965 1259 3051 μάχεσθε·
1290 2967 1319 3035 εί
1342 2969 1378 3035 δὲ
1399 2967 1446 3055 μή

219 3076 403 3157 γέγραπταί
424 3095 491 3139 που
513 3077 634 3156 κτίσμα
657 3065 743 3138 εἶναι
765 3063 875 3150 αὐτόν,
900 3068 986 3154 λέγει
1008 3068 1045 3134 δὲ
1068 3062 1167 3148 αύτὸς
1183 3071 1260 3154 περὶ
1276 3067 1395 3136 ἑαυτοῦ
1411 3069 1447 3136 έν

27 3164 37 3180 “
142 3165 144 3168 ’
220 3179 435 3257 παροιμίαις·
464 3172 598 3259 1νκύριος
620 3171 727 3240 ίκτισέ
746 3197 804 3257 με,
834 3168 1018 3259 έντράπητε
1038 3165 1106 3236 ύπὸ
1128 3172 1186 3255 τῆς
1207 3175 1445 3258 προειρημένης

221 3270 386 3357 διαφορᾶς
406 3275 460 3338 καί
482 3277 548 3340 τῶν
570 3274 812 3359 παροιμιωδιύς
834 3271 1021 3360 είρημένων,
1043 3271 1096 3335 καὶ
1119 3267 1239 3334 λοιπὸν
1260 3267 1299 3334 τὸ
1322 3270 1446 3338 1ἔκτισε

141 3388 144 3394 ’
219 3369 264 3457 μή
292 3357 590 3457 κτίσμαύκούετε,
620 3368 704 3440 ἀλλὰ
731 3373 770 3441 τὸ
793 3372 872 3459 περὶ
894 3367 993 3438 αύτδν
1015 3366 1188 3454 γενόμενον
1210 3361 1443 3456 ἀνθρώπινον·

219 3470 337 3538 τούτου
365 3471 426 3558 γάρ
455 3473 543 3541 ίδιύν
565 3474 638 3541 έστι
658 3472 774 3542 καὶτὸ
796 3472 978 3552 κτίζεσθαι.
1017 3467 1091 3537 ἐπεὶ
1112 3469 1187 3546 πῶς
1209 3464 1268 3536 ούκ
1290 3465 1441 3551 ἀδικεῖτε,

220 3567 274 3638 ὅτι
295 3572 389 3659 παρὰ
409 3576 470 3658 μὲν
491 3578 550 3641 τοῦ
566 3576 678 3661 Δαβίδ
698 3577 752 3641 καί
774 3575 833 3639 τοῦ
848 3569 985 3636 Παύλου
1009 3562 1182 3648 ἀκούοντες
1203 3568 1242 3637 τὸ
1265 3572 1390 3640 ἐ’κτισεν
1405 3566 1442 3639 ού

218 3673 277 3760 τὴν
300 3670 416 3742 ούσίαν
438 3678 492 3742 καί
514 3674 572 3762 τήν
594 3681 720 3762 γένεσιν
743 3683 857 3750 νοεῖτε,
882 3665 967 3736 ἀλλὰ
987 3667 1046 3734 τίν
1070 3663 1269 3752 ἀνανέωσιν,
1292 3671 1386 3759 παρὰ
1407 3673 1443 3739 δέ

218 3778 278 3842 τού
307 3782 418 3863 κυρίου
449 3771 622 3856 ἀκούοντες
649 3777 687 3844 τὸ
717 3775 824 3842 ἔκτισε
850 3769 909 3854 τήν
931 3765 1048 3836 ούσίαν
1070 3764 1179 3838 αύτού
1193 3781 1267 3852 τοῖς
1287 3780 1445 3858 κτίσμασι

219 3884 475 3964 συναριθμεῖτε,·
513 3878 616 3945 πάλιν
649 3903 685 3970 τε
718 3870 905 3949 ἀκούοντες·
938 3865 957 3966 ή
987 3878 1092 3958 σοφία
1113 3865 1322 3960 ᾠκοδόμησεν
1345 3875 1443 3962 ἑαυτῇ

287 4067 312 4128 1)
331 4067 394 4116 Pul.
415 4065 464 4117 102
482 4051 652 4134 [10111141.
673 4063 712 4113 ¹9.
737 4071 742 4078 ”
764 4061 790 4123 λ)
809 4061 871 4111 Pul.
890 4061 920 4110 51
943 4057 1094 4125 [50.LXX.]‚
1116 4062 1155 4112 12.
1206 4063 1233 4120 3)
1250 4063 1340 4129 Ephe&
1359 4064 1383 4127 ²,
1405 4065 1443 4116 15.

218 4134 244 4197 4)
262 4135 352 4201 ΕρΙιεε.
370 4134 396 4197 4,
415 4133 470 4198 24.Δ
525 4136 551 4218 θ)
571 4136 656 4186 levem.
674 4129 704 4180 31
724 4123 778 4195 [30.
797 4125 946 4192 1.le‚22

251 4283 273 4318 ι.
292 4269 392 4330 Εεςυιτ.
402 4269 579 4320 Molem&
596 4259 643 4316 καλ
658 4260 806 4321 νοτίζεσθαι.
857 4265 956 4326 δεςσετ.
981 4279 1009 4314 τε
1031 4265 1087 4326 λος.
1105 4257 1144 4317 είς
1159 4255 1208 4311 ἕνα
1224 4257 1320 4312 καινάν
1336 4259 1447 4343 ἄνδρα·

217 4325 804 4400 Μαι8οςκει.ειῖε1σ1ω.ῦ.σλιὶρετούσητ,
857 4345 919 4379 πον.
957 4331 1019 4382 aditi
1043 4339 1068 4382 et
1090 4332 1132 4382 nni
1154 4323 1193 4384 εἷς
1215 4323 1265 4380 ἓνσ
1286 4327 1332 4380 καλ
1349 4346 1445 4381 καινσν

217 4403 342 4454 mendose.
859 4389 1016 4476 ἄνθρωπον,
1053 4399 1112 4448 lbid.
1125 4399 1185 4446 Ιυυεε
1201 4401 1271 4447 verba
1289 4393 1336 4446 καὶ
1350 4391 1443 4452 πάλιν,

172 4473 174 4476 ’
251 4461 488 4538 1.8εςυει.αύηῖ.
857 4457 1010 4516 ἐνδύσασθε
1027 4459 1078 4514 τὸν
1087 4457 1184 4513 καινὸν
1193 4454 1344 4528 ἄνθρωπον
1357 4465 1446 4516 dosunt

251 4554 273 4588 c.
292 4539 430 4588 numerian.
455 4547 480 4588 ει
504 4536 608 4588 Felekm.
635 4535 658 4584 1.
674 4526 806 4600 καὶπρὸς
857 4537 882 4585 in
900 4535 973 4584 Βεείί.
991 4534 1089 4584 Gobler.
1107 4539 1131 4580 ει
1148 4529 1252 4579 ΡεΙεΙιι.
1272 4530 1294 4580 1.

213 4595 356 4672 ’Πφισίινς
373 4597 481 4659 Παῡλδε
496 4613 591 4672 φησιν.
627 4602 679 4652 Nox
697 4603 769 4656 iidem
782 4608 807 4651 ετ
877 4601 915 4660 δ.
932 4603 1032 4662 δεςυει.
1050 4588 1243 4646 maium.
