3176 5304
426 399 572 444 rrrsrou
586 401 624 444 or
639 401 784 444 armaris
801 401 944 444 armaria
959 403 1076 445 sraom.
1327 385 1363 448 31

47 560 50 571 '
127 553 229 628 pietate
264 551 329 612 dici
360 571 421 612 uou
450 561 560 630 potest.
603 551 764 612 Neeeuim
786 559 831 612 eet
853 551 967 612 iubeo
990 552 1145 630 superbia,
1174 553 1276 631 quiet
1302 551 1453 629 ipseeeu.

205 649 332 713 Iacobo
355 653 386 712 iu
409 652 570 731 Aegyptum
593 651 743 731 proiectus
766 661 830 724 est,
859 663 890 713 et
911 661 1034 732 propter
1055 652 1252 714 Abrabamum
1274 653 1366 712 Sarae

123 771 206 813 eausa
232 753 469 816 Ahimelecbum
499 751 663 831 castigavit,
692 753 743 832 qui
772 753 851 814 idem
885 771 952 812 urm
974 753 1076 829 Moyse
1107 754 1222 812 tametsi
1246 753 1366 814 bomine

123 871 153 911 os
175 853 217 912 ad
244 874 290 914 os
313 853 500 932 loquebatur,
523 863 552 914 et
574 855 603 914 iu
626 865 759 914 montem
783 853 855 912 Sina
878 852 1049 912 descendit:
1072 869 1105 912 ac
1117 852 1244 930 denique
1257 855 1368 914 occulta

120 953 310 1036 grauajqua
332 953 475 1033 populum
498 954 617 1028 adiurit,
640 953 747 1014 devicit
762 952 940 1013 Amalecum.
976 953 1083 1013 chru
1108 953 1180 1013 salsa
1204 953 1276 1012 baec
1291 963 1371 1026 suut,

120 1073 194 1130 quae
222 1055 447 1135 propugnatio:
470 1055 617 1133 siquidem
640 1058 704 1136 ipae
725 1055 800 1132 feeit
822 1071 877 1114 aas
899 1066 929 1114 et
951 1073 1011 1115 nou
1035 1059 1098 1133 e'pst
1119 1073 1185 1115 noe.
1230 1053 1298 1132 lpse
1314 1063 1370 1126 est,

118 1155 167 1231 qui
200 1175 270 1233 per
294 1173 381 1216 suum
404 1155 532 1216 Verbum
555 1155 655 1216 oruuia
677 1163 703 1214 et
727 1173 816 1233 parva
837 1163 867 1214 et
889 1174 994 1233 magua
1016 1156 1102 1226 iecit;
1133 1175 1187 1215 uec
1211 1174 1261 1216 res
1285 1174 1369 1216 crea-

20 1314 23 1323 ,
120 1265 166 1314 tas
192 1258 247 1316 tas
276 1264 323 1316 est
344 1255 484 1328 dividere,
507 1256 546 1316 ita
570 1263 603 1316 ut
625 1255 739 1316 dicatur
760 1255 818 1316 boc
839 1255 950 1326 Patris,
973 1255 1044 1316 iilud
1067 1257 1131 1316 titii
1154 1275 1239 1327 esse;
1268 1275 1371 1316 rerum

120 1359 232 1417 omnia
260 1363 331 1417 sunt
353 1357 441 1418 unius
457 1355 520 1428 Dei,
543 1355 593 1434 qui
616 1357 739 1434 proprio
756 1355 852 1417 b'erbo
876 1365 1023 1434 tamquam
1045 1375 1133 1416 mauu
1156 1357 1259 1426 utitur,
1281 1365 1371 1434 atque

121 1457 234 1518 omnia
267 1457 297 1517 in
326 1477 362 1518 eo
389 1457 474 1528 iacit,
508 1465 540 1518 ut
567 1459 632 1536 ipse
657 1456 735 1518 Deus
757 1457 806 1516 bis
829 1456 928 1516 verbis
950 1457 1053 1516 docet:
1078 1457 1186 1518 ,uanus
1208 1477 1273 1518 meo
1294 1459 1369 1536 serit

123 1557 200 1619 boec
228 1561 344 1620 omnio.
387 1558 467 1618 idem
491 1558 578 1620 etiam
601 1557 704 1617 didicit
726 1565 756 1618 ct
776 1557 877 1618 docuit
890 1557 1008 1618 Paulus.
1044 1556 1136 1626 ttius,
1152 1559 1256 1637 iuquit,
1274 1558 1366 1628 Deua,

124 1677 167 1718 em
202 1677 267 1740 quo
298 1664 412 1730 omnio,
441 1669 471 1719 et
500 1677 581 1720 unas
605 1657 754 1720 Doene'reus
778 1658 863 1720 Iecur
887 1659 1040 1728 chrisme,
1066 1663 1367 1739 perquirendorum.

7 1770 10 1783 ·
124 1757 201 1836 lpse
227 1760 319 1836 igitur
341 1769 370 1820 et
392 1777 512 1838 semper
534 1769 563 1819 et
585 1777 664 1820 uuuc
680 1759 805 1837 imperat
819 1759 885 1829 soti,
908 1769 939 1820 et
960 1759 1104 1832 exoritur,
1127 1759 1256 1820 nubibus
1278 1779 1367 1837 prae·

125 1859 218 1938 cipit,
244 1870 273 1920 et
294 1860 325 1920 in
349 1850 437 1921 uuam
460 1870 555 1920 terrae
577 1869 691 1938 partem
714 1861 912 1934 effunduntur,
936 1881 1011 1940 quae
1027 1870 1125 1922 autem
1142 1879 1204 1920 uou
1219 1859 1368 1937 irrigatur,
1408 1847 1423 1868 ”

126 1961 273 2022 siccatur.
318 1960 404 2022 lubet
430 1958 567 2021 similiter
596 1970 704 2022 terram
732 1962 844 2022 tructus
868 1962 974 2032 edere,
1003 1971 1032 2022 et
1054 1961 1207 2022 teremiam
1229 1961 1261 2021 iu
1284 1967 1369 2022 utero

128 2061 254 2122 tor-ruat.
300 2061 332 2122 Si
354 2080 447 2142 porro
470 2061 541 2122 bae'c
563 2079 643 2123 nuuc
664 2061 729 2141 ipse
752 2063 852 2127 edicit.
876 2061 1000 2122 dubium
1023 2069 1103 2121 certe
1126 2079 1186 2122 nou
1210 2071 1271 2133 est,
1294 2061 1368 2140 quio

129 2163 202 2240 ipse
236 2163 324 2224 otiam
357 2163 394 2224 ab
422 2163 507 2224 initio
533 2163 686 2242 iudignum
714 2183 747 2224 se
777 2183 837 2224 uuu
865 2163 1011 2244 putaverit
1041 2162 1140 2222 omuia
1162 2180 1215 2240 per
1238 2163 1364 2224 i'crbum

130 2264 248 2338 tacere3
271 2265 380 2345 quippe
402 2283 468 2328 curu
490 2265 547 2328 ista
569 2285 669 2326 rerum
693 2265 897 2328 universarum
920 2265 982 2324 siut
1003 2273 1113 2356 partes.

225 2573 255 2633 8.
298 2569 350 2628 Siu
379 2577 478 2630 autem
505 2570 573 2646 quia
598 2586 648 2627 res
671 2568 741 2627 aiiae
764 2576 879 2628 creatae
901 2567 1049 2627 actionem
1073 2566 1196 2626 invictae
1218 2569 1367 2628 nou-tacti

142 2687 249 2730 manus
272 2669 348 2726 terre
371 2685 431 2726 uou
453 2667 592 2736 vaierent,
615 2667 798 2728 sotusb'ilius
821 2687 838 2728 a
860 2668 925 2728 suto
940 2667 1004 2727 [teo
1028 2665 1200 2736 estractus,
1225 2687 1273 2726 res
1297 2683 1369 2726 rero

150 2767 222 2826 etiae
244 2783 296 2842 per
316 2763 421 2824 Filium
444 2772 581 2841 tauquam
603 2765 769 2827 ministrum
792 2777 823 2828 et
843 2767 1010 2828 adiutorem
1027 2769 1118 2826 tactae
1134 2775 1214 2838 scrut,
1239 2779 1270 2826 ut
1292 2767 1371 2826 scri-

145 2863 209 2944 psit
230 2863 372 2934 Asterius,
395 2863 445 2939 qui
469 2862 555 2922 idotis
579 2862 745 2936 immolarit,
768 2865 847 2942 quod
870 2867 948 2926 idem
970 2867 1182 2944 transcriptum
1197 2865 1285 2926 Arius
1309 2864 1373 2924 suis

143 2964 283 3036 tradidit,
317 2981 378 3042 quo
401 2961 503 3039 utique
526 2961 668 3022 vocabulo
692 2971 826 3040 tanquam
848 2963 957 3024 calaum
981 2975 1123 3042 quassato
1147 2973 1285 3036 utuntur,
1319 2974 1459 3026 necem·

140 3068 225 3130 stulti
249 3066 314 3128 eius
337 3071 503 3143 agnoscunt
523 3063 701 3124 futilitatem.
746 3064 777 3126 Si
799 3063 877 3126 euim
900 3085 948 3126 res
970 3067 1064 3125 iactae
1087 3081 1205 3124 manum
1227 3064 1279 3124 Dei
1295 3067 1373 3128 terre

138 3189 200 3232 uon
224 3175 372 3248 poteraut,
397 3167 463 3246 ipse
485 3173 583 3227 auteur
607 3165 700 3226 filius
722 3185 781 3226 uua
804 3175 867 3240 est,
890 3174 922 3226 ut
944 3163 1080 3236 sentitis,
1104 3183 1138 3224 er
1160 3165 1249 3226 rebus
1271 3167 1371 3237 fartim
1434 3163 1439 3168 ’

138 3270 289 3350 quomodo
312 3269 379 3348 ipse
401 3287 418 3328 a
442 3267 507 3328 solo
529 3267 592 3329 lieo
615 3267 680 3328 deri
702 3265 829 3346 potuit?
870 3267 902 3327 Si
927 3265 998 3326 itenr
1021 3273 1052 3326 ut
1073 3283 1121 3325 res
1142 3267 1232 3328 iactae
1254 3269 1367 3342 tierent,

139 3371 314 3434 intermedio
337 3369 473 3430 adiutore
497 3388 572 3448 opus
596 3370 660 3442 suit,
684 3369 829 3441 etFiiius,
852 3377 884 3430 ut
904 3367 1027 3448 putatis,
1050 3368 1142 3430 factrus
1164 3389 1280 3449 quoquo
1301 3373 1368 3451 ipse

142 3481 201 3544 ect;
224 3475 359 3552 proiecto
383 3489 507 3531 necesse
530 3471 617 3532 etiam
640 3471 694 3532 tuit
717 3469 926 3548 iptermedium
943 3469 1075 3548 ,aliquem
1098 3481 1165 3531 aute
1181 3489 1248 3534 eum
1264 3474 1368 3546 tuisse,

144 3583 173 3636 ut
192 3583 351 3644 crearetur,
375 3569 427 3650 qui
449 3571 514 3650 ipse
536 3571 745 3646 intermedius,
769 3591 836 3634 cum
857 3592 907 3634 res
931 3581 1026 3632 creata
1048 3591 1167 3652 quoque
1190 3585 1287 3643 esset,
1310 3575 1367 3636 aiio

142 3675 211 3736 item
244 3672 420 3736 intermedio
449 3673 485 3744 ad
514 3675 560 3736 sui
589 3676 825 3754 procreationem
855 3694 930 3754 opus
960 3674 1102 3735 imbuisse
1131 3693 1191 3735 uon
1221 3676 1368 3737 immerito

143 3776 295 3838 videbitur.
340 3775 372 3836 Si
395 3775 460 3854 quio
483 3783 580 3836 autem
602 3776 689 3838 alium
705 3777 914 3854 excogitaverit
928 3776 1149 3846 intermedium,
1172 3776 1246 3836 alius
1262 3795 1367 3838 rursus

143 3877 336 3940 intermedius
365 3884 487 3955 propter
508 3873 590 3938 dium
612 3877 701 3938 alium
723 3877 781 3938 erit
803 3877 975 3954 fingendus,
998 3883 1085 3952 atque
1109 3875 1147 3934 ita
1170 3875 1207 3935 iu*
1221 3877 1368 3938 infinitum

143 3977 321 4038 delabemur.
366 3977 460 4038 Porro
483 3975 553 4037 dum
575 3975 615 4036 ita
636 3978 828 4037 intermedius
841 3976 948 4052 aliquis
960 3992 1080 4053 semper
1090 3975 1265 4053 requiretur,
1289 3985 1370 4038 certe

142 4097 192 4140 res
213 4088 327 4140 creatae
350 4077 492 4140 constitui
515 4095 576 4137 uon
599 4067 750 4155 poterurit,
772 4075 1018 4154 quandoquidem,
1043 4085 1074 4138 ut
1096 4077 1203 4150 dicitis,
1227 4078 1368 4138 nudares

142 4181 218 4242 sacta
241 4182 317 4242 terre
340 4179 415 4242 valet
438 4179 576 4240 invictam
598 4178 747 4240 uon-tacti
771 4195 898 4240 manum.
930 4177 1016 4249 Quod
1038 4179 1062 4238 si
1080 4177 1109 4240 id
1124 4177 1285 4240 eberardum
1301 4197 1369 4240 esse

144 4399 173 4448 de
191 4413 240 4463 quo
260 4399 298 4448 bic
311 4400 397 4461 egitur,
415 4413 443 4448 er
454 4399 567 4462 Sophiste
581 4399 732 4448 Christianus
784 4397 840 4447 Vide
857 4399 950 4447 Socrat.
969 4398 1058 4447 dictor.
1078 4395 1169 4446 Ecclce.
1189 4397 1230 4446 tib.
1250 4397 1267 4446 Ι.
1286 4413 1307 4447 c.
1326 4397 1367 4447 ³6.

144 4467 231 4524 tactae,
250 4467 426 4530 persecutionis
441 4465 730 4530 temporeidotiaimmo·
783 4474 807 4516 et
825 4465 971 4527 Phitoetorg.
990 4466 1031 4514 bb.
1052 4463 1080 4512 u,
1100 4479 1166 4512 uum.
1188 4465 1226 4514 15.
1318 4499 1329 4518 .

145 4534 213 4592 tavit,
238 4533 350 4598 idemque
373 4543 457 4598 pratea
482 4535 571 4584 multoe
589 4533 666 4583 libror
683 4549 729 4599 pro
817 4549 837 4582 c.
858 4534 914 4595 [teg.
927 4523 1071 4597 irretirer,
1088 4533 1160 4580 ceteri
1176 4539 1199 4582 et
1217 4532 1274 4582 editi
1291 4527 1370 4596 tyer-

145 4601 310 4668 conbrrrunda
339 4601 425 4652 triana
456 4601 550 4654 haeresi
582 4601 726 4667 composuit.
780 4595 873 4648 η’του,
