3176 5304
453 355 597 399 nrrsrom
613 355 650 398 oe
666 355 808 398 aceneres
825 355 967 399 nicaenas
985 357 1102 401 srnenr.
1350 345 1389 406 at

157 511 228 572 dem
250 507 330 569 baud
351 506 446 566 multo
468 515 537 584 post
560 506 689 566 luterum
713 514 767 578 est,
791 514 823 566 ut
845 506 933 568 iidem
955 507 991 570 ad
1014 507 1135 570 iniurias
1159 529 1193 570 se
1216 527 1248 569 se
1264 523 1479 570 conver-raes.

157 619 238 684 tant,
269 607 438 688 deindeque
464 607 617 668 cohortem
640 614 669 666 ct
692 605 841 668 tribunum
864 608 951 670 nobis
974 609 1201 672 minitabantur:
1231 610 1278 672 ln's
1308 612 1389 675 enim

71 729 74 736 ’
158 721 224 774 tota
247 711 382 772 innititur
403 727 543 790 perversa
564 709 681 770 illorum
705 708 848 770 doctrina.
892 709 1005 789 Nempe
1020 719 1178 790 postquam
1193 711 1245 773 Dei
1262 712 1391 777 Verbum

157 813 224 875 sive
253 810 398 874 munnam
421 808 601 884 reiecerunt,
633 809 825 870 meritissime
850 810 931 871 omni
953 829 1079 889 prorsus
1100 812 1215 873 ratione
1230 823 1304 886 ‚sunt
1324 815 1390 894 pri-

160 913 230 975 vati.
276 913 360 985 Quae
382 909 499 992 quidem
522 929 588 972 cum
610 909 683 970 mibi
706 909 826 989 penitus
849 920 951 972 essent
972 919 1138 990 perspecta,
1162 912 1235 973 nihil
1256 915 1388 992 prolecto

161 1014 221 1077 illis
249 1013 484 1092 respondissem.
529 1013 636 1073 Verum
666 1012 734 1091 quia
758 1021 806 1073 tua
829 1011 940 1074 Caritas
963 1031 1013 1085 ea,
1035 1031 1109 1092 quae
1131 1013 1163 1074 in
1185 1013 1303 1092 Synodo
1326 1023 1474 1077 scurae.

161 1125 242 1190 sunt,
266 1113 343 1176 scire
365 1131 401 1175 ex
421 1131 469 1174 me
492 1112 593 1186 uoluit,
615 1131 678 1174 rem
702 1111 904 1174 diutiusnolni
919 1111 1049 1188 dillerre,
1073 1113 1127 1176 sed
1142 1114 1300 1176 confestim
1315 1133 1389 1194 qnae

160 1225 234 1278 tunc
261 1223 343 1294 gesta
372 1223 443 1276 sunt
470 1223 539 1276 neta
566 1213 622 1275 leci
652 1214 813 1294 paucisque
835 1215 1050 1288 demonstrari,
1083 1235 1169 1294 qnam
1192 1235 1208 1277 a
1232 1223 1312 1276 recta
1334 1216 1391 1278 nde
1486 1241 1492 1252 ·

159 1316 266 1398 procul
295 1316 335 1378 sit
356 1315 462 1377 Ariana
488 1299 639 1388 haeresis,
668 1315 768 1394 nilque
797 1315 873 1376 aliud
902 1313 970 1376 illes
1001 1315 1058 1377 nisi
1079 1334 1151 1377 vana
1175 1316 1282 1396 ellugia
1305 1334 1372 1378 com

159 1418 291 1482 minisei.
336 1417 382 1478 Tn
403 1435 512 1495 porro,
542 1416 712 1490 carissime,
735 1415 801 1477 uide
824 1435 860 1478 an
883 1435 945 1478 uon
967 1417 1006 1478 ita
1030 1435 1062 1480 se
1085 1435 1133 1478 res
1156 1416 1271 1478 babeat.
1315 1417 1390 1480 Nam

159 1520 188 1582 si
210 1519 260 1580 bis
283 1515 341 1597 ipsi
363 1517 525 1590 confidunt,
549 1536 623 1598 quae
646 1527 766 1579 anctore
790 1524 818 1578 et
841 1516 1022 1579 seminatore
1044 1517 1160 1578 diabole
1179 1536 1319 1597 perverse
1335 1537 1388 1580 ex-

159 1621 339 1700 cogitavere,
362 1627 489 1698 purgent
512 1637 544 1678 se
567 1617 651 1697 prius
674 1619 710 1680 de
732 1617 789 1680 illis
814 1619 983 1692 erroribus,
1007 1627 1129 1698 prepter
1150 1638 1226 1698 qnos
1248 1620 1387 1682 baeretici

136 1720 233 1784 'sunt
255 1719 406 1792 declarati,
430 1738 465 1782 ac
485 1719 592 1780 deinde
615 1738 690 1798 quae
713 1729 814 1781 contra
838 1739 871 1780 se
894 1719 1012 1780 decreta
1036 1727 1115 1792 sunt,
1139 1720 1164 1780 si
1187 1721 1305 1799 possint
1327 1721 1387 1782 cri-

159 1823 321 1886 minentur.
373 1821 467 1883 Nemo
504 1821 582 1882 cuim
617 1821 767 1883 homicidii
806 1829 855 1882 aut
882 1821 1017 1882 adulterii
1046 1819 1197 1882 convictus
1226 1821 1272 1882 ius
1300 1822 1391 1884 babet

162 1933 233 2004 pest
261 1921 402 1984 iudicium
431 1923 608 1984 sententiam
636 1922 741 1985 iudicis
765 1921 954 1996 criminandi,
984 1940 1036 1982 cur
1058 1939 1164 2001 nempe
1186 1939 1247 1982 non
1271 1921 1315 1982 sio
1336 1921 1390 1984 sed

166 2024 211 2086 sic
234 2024 351 2086 locutus
374 2023 475 2086 luerit.
519 2025 651 2102 Namque
675 2023 702 2084 id
726 2041 809 2094 oum,
833 2022 882 2101 qni
906 2022 994 2083 luerit
1015 2022 1245 2096 condemnatus,
1267 2021 1389 2082 minime

160 2125 339 2198 liberaverit,
364 2125 417 2186 sed
440 2126 541 2204 petius
565 2126 629 2186 eins
653 2124 736 2204 culpa
761 2123 930 2186 huiusmodi
954 2123 1120 2184 temeritate
1142 2131 1171 2184 et
1192 2122 1311 2184 andacia
1333 2141 1389 2183 au-

158 2234 257 2306 getur.
303 2225 347 2288 llli
369 2243 441 2305 ergo
464 2223 600 2288 similiter
623 2227 667 2286 vel
691 2224 850 2286 ostendant
871 2244 904 2285 se
926 2224 974 2304 pie
990 2224 1118 2298 sentire;
1140 2223 1284 2303 siquidem
1300 2243 1390 2288 accu-

160 2327 221 2388 sati
244 2327 373 2406 ,ceneten
403 2335 491 2398 sunt,
520 2345 585 2388 cum
618 2327 690 2388 nibil
713 2333 798 2388 antea
820 2333 923 2388 essent
943 2325 1113 2404 conquesti:
1143 2343 1269 2403 aequum
1291 2333 1389 2388 autem

161 2437 209 2489 est
238 2447 300 2496 ees,
324 2427 373 2506 qui
396 2435 587 2502 accusantur,
615 2428 689 2489 nibil
711 2427 788 2488 aliud
811 2409 898 2505 agere
920 2443 1007 2506 quam
1029 2433 1063 2487 nt
1085 2445 1118 2485 se
1141 2425 1315 2498 deleudant;
1342 2425 1389 2487 vel

158 2531 185 2590 si
209 2527 362 2590 sordidata
385 2528 510 2592 convicti
533 2529 712 2590 conscientia
736 2545 819 2589 suam
842 2526 1022 2606 impietatem
1044 2534 1216 2607 agnoscunt,
1240 2545 1277 2588 ne
1300 2527 1391 2606 igitur

161 2631 283 2708 culpent
311 2648 386 2708 quae
414 2630 566 2710 ignorant,
597 2649 634 2690 ne
655 2631 732 2690 torte
755 2629 810 2708 ipsi
833 2629 939 2708 duplex
962 2628 1031 2690 inde
1053 2628 1162 2689 malum
1185 2645 1286 2690 secum
1307 2628 1357 2687 rel
1373 2661 1389 2674 ·

166 2737 250 2801 rant,
279 2729 435 2809 impietatis
458 2731 545 2792 simiel
569 2743 599 2792 et
619 2729 801 2809 ignorantiae
824 2729 929 2792 merito
952 2729 1148 2790 condemnati.
1194 2729 1270 2788 Rem
1290 2727 1389 2804 potins

171 2829 306 2890 studiose
329 2831 494 2908 expendant,
519 2841 550 2894 ut
572 2831 630 2905 bis,
653 2850 727 2910 quae
749 2831 832 2908 prius
854 2829 1036 2904 nesciebant,
1058 2827 1184 2908 cognitis
1200 2827 1305 2904 impias
1321 2843 1391 2888 snas

169 2947 263 2990 aures
293 2929 422 2992 veritatis
448 2933 520 2994 unda
549 2941 579 2994 et
605 2930 724 3011 pietatis
747 2931 894 3009 dogmatis
917 2930 1034 3008 possint
1055 2929 1186 2992 abluere.
1231 2926 1280 2986 Sic
1301 2923 1391 3004 igitur

169 3030 201 3090 in
224 3029 351 3092 Nicaeae
373 3031 486 3110 Synode
509 3051 577 3111 erga
600 3030 786 3092 Eusebianos
809 3039 906 3091 actum
928 3037 984 3090 est.

249 3235 277 3297 3.
324 3233 359 3294 Ut
382 3243 468 3296 erant
489 3235 519 3296 in
542 3253 594 3296 sua
618 3234 768 3312 impietate
789 3232 955 3310 pertinaces
971 3228 1224 3307 moliebanturque
1239 3249 1305 3290 cum
1321 3230 1388 3310 ipse

160 3333 223 3396 beo
245 3353 389 3414 pugnare,
413 3335 453 3396 ita
476 3353 550 3413 quae
572 3335 608 3396 ab
632 3336 675 3397 eis
698 3333 880 3406 dicebantur,
903 3333 987 3412 plena
1010 3337 1094 3394 erant
1108 3330 1277 3411 impietatis.
1315 3331 1388 3412 Epi·

161 3435 247 3514 scopi
268 3443 384 3509 autem,
409 3436 458 3515 qni
483 3435 597 3498 tricenti
621 3435 688 3514 plus
711 3437 809 3497 minus
831 3443 1044 3508 convenerant,
1078 3440 1232 3494 mansuete
1258 3451 1292 3494 ac
1316 3451 1388 3512 per-

160 3537 331 3598 humaniter
353 3536 390 3598 ab
412 3537 471 3598 illis
494 3536 691 3616 postularunt,
714 3545 747 3597 ut
769 3537 804 3596 de
820 3535 876 3608 bis,
901 3553 975 3614 quae
991 3533 1135 3608 dicebant,
1158 3535 1303 3596 rationem
1317 3533 1388 3594 red-

162 3637 269 3698 derent
291 3638 414 3716 piasque
436 3639 580 3700 afferrent
600 3637 880 3699 demonstrationes.
927 3636 984 3710 Qui
1006 3643 1039 3697 ut
1060 3634 1107 3695 rix
1121 3634 1202 3714 loqui
1216 3644 1388 3714 coeperunt,

162 3737 329 3816 dignissimi
353 3739 408 3799 visi
434 3739 561 3800 suntab
585 3738 723 3800 omnibus
746 3739 796 3817 qui
819 3740 1101 3808 condemnarentur3
1123 3734 1188 3814 ,ipsi
1212 3736 1290 3796 enim
1312 3735 1390 3797 inter
1472 3733 1478 3744 '

163 3857 199 3900 sc
221 3837 437 3901 altercabantur
459 3841 614 3920 agnitaque
636 3859 708 3901 suae
729 3839 862 3900 haeresis
886 3840 1021 3900 futilitate
1044 3837 1116 3899 muti
1133 3835 1345 3916 permanebant
1360 3843 1390 3898 et

163 3957 222 4000 suo
244 3940 362 4000 silendo
384 3957 545 4019 perversae
566 3941 730 4002 sententiae
752 3939 965 4019 turpitudinem
987 3939 1162 4002 latebantur.
1200 3937 1301 4017 ltaque
1316 3935 1390 4018 Epi·

164 4040 250 4118 scopi
272 4039 432 4114 vocabulis,
456 4059 532 4120 quae
554 4041 595 4101 illi
617 4042 775 4102 commenti
798 4047 891 4111 erant,
914 4039 1051 4100 rescissis
1073 4058 1175 4102 sanam
1198 4049 1227 4098 et
1248 4036 1389 4098 ecclesia-

163 4139 270 4200 sticam
291 4140 378 4201 iidem
403 4141 546 4203 adversus
569 4141 635 4202 illos
659 4159 834 4220 exposuere,
858 4140 903 4203 cui
927 4159 993 4201 curn
1010 4159 1112 4202 ornnes
1128 4139 1389 4218 subscripsissent,

161 4237 324 4301 Eusebiani
353 4261 471 4321 qnoque
493 4241 541 4304 bis
564 4242 637 4324 ipsis
659 4243 826 4316 vocabulis,
855 4261 929 4321 quae
951 4259 1030 4302 nunc
1050 4241 1286 4322 reprehendunt,
1315 4237 1390 4298 sub-

197 4425 221 4474 d·
241 4425 298 4486 Ret-
317 4424 364 4485 vlf
382 4419 513 4493 αἱρέσεως
530 4421 630 4478 αὐτῶν.
806 4431 838 4491 git
856 4429 997 4480 Ambrosias
1017 4427 1224 4486 camaldulensis,
1243 4425 1283 4488 qni
1303 4437 1390 4487 nempe

197 4507 219 4542 a.
239 4491 278 4542 Sic
297 4493 352 4554 fleg.
377 4504 447 4559 atque
473 4499 504 4548 ita
524 4502 593 4548 ctiam
614 4499 670 4561 legit
687 4499 753 4549 Nau·
804 4499 888 4548 vertit:
905 4500 1001 4562 ipsoque
1019 4498 1111 4546 silentio
1131 4495 1298 4557 confitebantur
1316 4492 1391 4554 turpi-

159 4560 225 4610 nios.
264 4559 341 4610 Ceteri
360 4570 383 4612 et
402 4561 624 4628 editixevodollg.
648 4576 672 4616 ut
684 4575 705 4616 ot
717 4567 752 4616 le·
805 4568 907 4617 tudinem
924 4568 1025 4616 tenuiter
1044 4569 1147 4626 coptotee
1165 4561 1261 4623 plotina
