3176 5304
410 448 415 456 -
455 427 602 472 nersrou
616 427 811 472 nrnsmerrs
824 429 968 474 nicaenus
984 429 1102 474 sruonr.
1352 415 1394 480 37

159 579 273 660 patibili
304 587 377 640 sunt
403 579 512 652 creati,
541 586 571 638 at
592 577 671 640 Deus
699 597 804 659 expers
827 588 874 642 est
896 581 1037 643 materiae
1058 589 1089 642 et
1111 583 1256 662 corporis.
1303 581 1480 656 Quodnisi·

160 681 186 741 si
213 681 342 742 eaedem
373 677 519 740 dictiones
542 679 603 740 neo
632 689 661 741 et
681 679 851 742 hominibus
874 680 904 742 in
927 682 1035 744 divinis
1058 683 1219 761 Scripnuis
1240 683 1392 750 interdum

160 782 377 852 attribuuntur,
398 779 552 842 bominum
575 789 623 841 cst
643 783 868 862 perspicaciam,
891 789 924 842 ut
945 783 1086 844 adnuouet
1099 783 1218 856 Paulus,
1240 785 1392 850 edendune

158 883 194 944 ed
217 882 393 956 lectionem,
416 899 537 961 remque
559 883 760 962 perpendere,
783 901 818 944 ac
837 901 894 962 pro
918 889 1022 944 natura
1045 901 1144 946 rerum
1165 883 1392 962 significatarum

158 1003 238 1064 quae
262 983 377 1064 scripta
398 991 468 1044 sum
488 983 666 1056 diiudicare,
695 1003 752 1046 nec
773 1001 894 1045 sensum
916 983 1114 1056 confundere,
1143 984 1185 1046 ita
1207 991 1240 1046 ut
1260 1003 1335 1064 quae
1356 987 1394 1048 ed

158 1083 257 1146 Deum
280 1091 427 1164 spectant,
448 1083 579 1146 humano
601 1085 692 1146 modo
714 1103 776 1146 uon
799 1084 1006 1164 intelligantur,
1029 1103 1085 1148 neo
1105 1085 1238 1148 vicissim
1261 1105 1335 1166 quae
1356 1087 1394 1150 ad

33 1164 39 1192 ³
158 1185 304 1247 homines
326 1186 488 1264 pertinent,
516 1185 684 1265 cogitentur
712 1193 849 1265 tauquam
870 1185 922 1248 Dei
944 1187 1074 1267 propria.
1117 1187 1152 1248 ld
1174 1187 1254 1249 euim
1277 1195 1326 1250 ost
1346 1187 1393 1250 vi·

159 1305 235 1348 num
257 1305 328 1348 mm
350 1305 424 1366 aqua
444 1287 583 1362 miscere,
605 1286 789 1366 alienumque
812 1287 910 1366 ignem
932 1287 968 1348 ad
991 1287 1120 1350 divinum
1141 1287 1239 1368 ignem
1262 1288 1293 1350 in
1308 1287 1394 1352 elteri

160 1389 335 1452 admovere

254 1695 303 1754 11.
348 1689 466 1752 Scilicet
487 1699 517 1752 et
537 1689 616 1752 Deus
640 1700 730 1764 creat,
753 1699 783 1752 et
804 1689 840 1751 de
855 1690 1024 1754 bominibus
1039 1691 1118 1754 idem
1134 1711 1252 1772 quoque
1266 1693 1389 1768 dicitur;

164 1792 244 1854 lleus
265 1791 338 1853 item
360 1791 387 1852 is
410 1791 528 1870 estqui
551 1799 608 1866 est,
629 1792 767 1868 homines
788 1791 923 1854 similiter
943 1793 1081 1856 dicuntur
1097 1811 1177 1866 esse,
1199 1795 1279 1872 quod
1292 1795 1391 1874 ipsum
1490 1841 1493 1849 Α

165 1893 284 1974 quidem
307 1911 323 1954 a
344 1892 407 1954 Deo
431 1901 617 1971 acceperunt.
661 1894 705 1954 An
728 1912 798 1971 ergo
821 1893 859 1954 ita
874 1893 952 1956 Deus
973 1903 1062 1967 creat,
1086 1902 1118 1956 ut
1131 1891 1250 1955 bomo?
1277 1893 1322 1955 Au
1338 1913 1391 1956 eo·

165 1994 233 2056 dem
260 1995 351 2056 modo
381 2002 444 2068 est,
471 2013 530 2074 quo
558 1993 673 2056 bomo?
716 1995 836 2056 Minime
859 2002 955 2066 certe;
986 1993 1040 2054 sed
1062 1995 1145 2056 uliter
1165 1995 1220 2058 bes
1242 2013 1332 2058 voces
1355 1993 1393 2056 de

165 2095 227 2157 Deo
256 2095 461 2176 intelligimus,
491 2095 576 2158 aliter
603 2095 640 2157 de
668 2095 851 2158 hominibus,
894 2094 968 2158 Nam
989 2095 1069 2157 Deus
1092 2095 1208 2174 quidem
1230 2104 1326 2170 creat,
1356 2115 1391 2158 ea

165 2217 240 2276 quae
269 2215 329 2258 non
360 2207 444 2260 erant
472 2217 580 2260 vocans
608 2207 641 2260 ut
669 2197 743 2270 sint,
771 2197 911 2276 nullaque
940 2214 971 2258 re
998 2197 1036 2257 nd
1057 2197 1216 2259 creandum
1237 2197 1391 2276 indigene;

164 2299 303 2360 homines
325 2318 395 2362 vero
418 2319 478 2362 non
503 2299 561 2361 nisi
583 2299 715 2362 subiecta
737 2307 863 2361 utuntur
878 2298 1009 2372 materia,
1031 2306 1189 2378 postquam
1211 2298 1318 2372 aneo,
1340 2299 1391 2380 qui

165 2400 266 2462 omnia
286 2418 341 2480 per
360 2402 514 2481 proprium
537 2399 664 2463 Verbum
687 2401 812 2474 creavit,
835 2399 987 2462 scientiam
1011 2409 1142 2462 artemre
1163 2400 1268 2480 agendi
1290 2400 1389 2481 preci-

164 2500 221 2564 bus
245 2501 445 2564 obtinuerunt.
489 2501 644 2562 Praeterea
666 2502 822 2577 homiues,
851 2502 902 2581 qui
929 2521 983 2581 per
1004 2520 1039 2562 se
1061 2502 1117 2581 ipsi
1140 2520 1292 2564 essenon
1314 2521 1390 2581 pos-

165 2611 254 2674 sunt,
276 2602 343 2662 loco
365 2601 662 2674 circumscribuntur,
684 2611 770 2682 atque
793 2603 824 2664 in
845 2603 899 2664 nei
922 2603 1019 2664 Verbo
1042 2603 1225 2676 consistunt3
1253 2611 1283 2664 at
1303 2602 1393 2672 lieris,

169 2701 224 2778 qui
244 2719 298 2776 per
320 2719 354 2760 se
374 2717 443 2760 vere
465 2709 521 2772 est,
545 2701 643 2760 omnia
664 2703 803 2776 continet,
825 2712 856 2765 et
876 2723 893 2764 a
915 2703 994 2766 nulla
1017 2720 1050 2766 re
1073 2703 1137 2784 ipse
1160 2703 1341 2774 continetur,
1363 2700 1397 2761 iu

177 2797 316 2858 omnibus
354 2807 401 2860 est
437 2816 489 2858 sua
521 2798 651 2860 bonitate
674 2811 703 2861 et
729 2803 878 2881 potentia,
908 2813 937 2864 at
965 2811 1046 2866 extra
1075 2806 1174 2866 omnia
1205 2809 1252 2862 est
1277 2799 1399 2879 propria

171 2905 290 2960 nature.
336 2897 590 2972 Quemadmodum
620 2917 689 2976 crgo
716 2920 777 2961 uun
800 2901 905 2962 eodem
927 2903 1015 2964 modo
1038 2913 1140 2967 creant
1160 2900 1315 2972 homines,
1337 2917 1398 2978 quo

167 3001 251 3062 Deus
274 3008 364 3073 creat,
388 2991 453 3060 nec*
466 2999 569 3060 eodem
592 2999 683 3060 modo
703 3009 771 3062 sunt
792 3019 850 3079 quo
873 3000 935 3076 ille3
958 3002 998 3064 ita
1019 3003 1104 3064 aliter
1123 3005 1320 3082 procreantur
1339 3001 1398 3061 bo-

166 3102 282 3176 mines,
307 3109 338 3164 et
360 3099 448 3164 aliter
467 3101 561 3162 Filius
585 3119 622 3162 er
644 3099 730 3162 Patre
752 3101 893 3162 nascitur.
936 3103 1029 3164 Fetus
1052 3100 1130 3162 enim
1152 3099 1305 3162 bominum
1325 3119 1396 3182 per-

167 3213 213 3266 tes
236 3203 456 3284 quodammodo
478 3191 548 3264 sunt
569 3202 763 3282 gignentium,
786 3202 896 3282 qnippe
919 3219 986 3262 cum
1009 3220 1064 3263 nec
1083 3201 1147 3282 ipss
1170 3219 1324 3281 corporum
1337 3219 1394 3266 na-

166 3314 232 3368 tura
255 3305 381 3386 simplex
403 3304 456 3379 sit,
481 3305 534 3366 sed
556 3305 633 3366 fluxa
656 3311 745 3384 atque
767 3323 803 3366 ex
825 3301 960 3382 partibus
983 3305 1154 3386 composita.
1198 3303 1270 3366 Nam
1291 3304 1392 3368 bomi-

167 3425 220 3468 nes
243 3407 393 3486 giguendo
416 3407 552 3468 emittunt
574 3426 610 3468 er
633 3425 667 3468 se
689 3405 808 3486 aliquid,
831 3405 1032 3495 quaedamque
1046 3425 1152 3469 mrsus
1168 3426 1203 3468 ex
1219 3405 1300 3482 cibis,
1316 3423 1393 3486 quos

168 3508 330 3588 accipiunt,
353 3507 384 3568 in
407 3525 460 3570 eos
482 3509 632 3581 delluunt3
659 3527 734 3588 quae
756 3508 875 3587 quidem
898 3515 1067 3581 causaest,
1097 3527 1150 3569 cur
1170 3508 1332 3570 multorum
1354 3506 1392 3568 li-

170 3607 308 3671 berorum
335 3628 390 3688 pro
413 3617 548 3688 tempore
570 3618 708 3688 parentes
731 3610 810 3671 liant.
855 3609 935 3692 Deus
957 3618 1053 3672 autem
1076 3609 1245 3672 individuus
1267 3615 1328 3682 est,
1359 3625 1394 3668 ao
1438 3649 1441 3660 .

168 3711 293 3790 proinde
315 3710 425 3790 absque
446 3710 592 3774 divisione
614 3708 744 3790 nihilque
765 3711 904 3791 patiendo
921 3711 987 3772 Filii
1009 3723 1057 3774 est
1070 3711 1168 3774 Pater.
1212 3710 1290 3771 Nihil
1313 3708 1479 3772 enim-nne.

169 3829 204 3872 ex
226 3813 457 3896 reincorporea
478 3811 609 3886 effluere,
632 3813 741 3874 nihilve
762 3813 794 3874 io
815 3831 896 3886 eum,
918 3813 961 3874 uti
984 3811 1156 3874 hominibus
1177 3811 1297 3884 accidit,
1320 3819 1391 3890 pot-

169 3922 215 3974 est
235 3913 371 3974 iniluere.
417 3913 562 3984 Quocirca
584 3932 649 3974 oum
664 3913 744 3974 [leus
765 3913 805 3973 sit
824 3920 930 3974 natura
952 3911 1088 3988 simplex.
1111 3911 1196 3974 unius
1218 3931 1337 3991 quoque
1360 3897 1419 3972 ac'

171 4013 264 4076 solius
286 4013 352 4074 Filii
374 4022 420 4073 est
441 4013 537 4073 Pater.
581 4011 693 4072 idcirco
717 4011 797 4072 enim
818 4020 848 4072 et
869 4011 1037 4088 unigenitus
1059 4019 1115 4084 est,
1138 4020 1168 4074 et
1189 4013 1272 4074 solus
1295 4012 1394 4074 estin

169 4114 237 4177 sinu
258 4115 372 4188 Patris,
401 4133 529 4193 eumque
557 4111 655 4172 solum
686 4131 722 4172 ex
752 4111 852 4192 seipso
882 4131 949 4174 esse
971 4121 1071 4192 aperte
1091 4113 1179 4176 Pater
1200 4113 1327 4176 declarat
1346 4110 1393 4174 bis

170 4215 283 4277 verbis:
309 4215 365 4278 llic
395 4227 442 4278 cst
464 4215 561 4277 Filius
589 4233 672 4277 meus
701 4213 842 4286 dilectos,
872 4220 903 4276 in
930 4233 987 4295 quo
1009 4215 1085 4278 mili
1104 4215 1280 4296 complacui.
1311 4199 1394 4294 'lpse

171 4325 218 4378 est
240 4315 366 4378 Verbum
389 4318 500 4392 Putris,
513 4333 613 4396 'quem
634 4315 761 4396 proinde
783 4323 815 4378 ut
836 4315 1031 4378 Patronem
1044 4315 1122 4396 ‚quid
1143 4315 1204 4395 pati
1227 4333 1282 4378 neo
1303 4313 1393 4376 dividi

205 4517 226 4550 a.
246 4503 285 4551 Sic
304 4503 359 4564 lteg.
394 4504 438 4554 Alii
462 4519 517 4554 rero
537 4513 560 4554 rt
577 4505 634 4554 editi
652 4497 689 4568 μὴ
709 4495 754 4550 καὶ
843 4503 866 4551 b.
885 4501 941 4562 itrg.
965 4491 1027 4547 καθ’
1048 4491 1146 4552 αὑτούς
1172 4507 1196 4549 et
1224 4499 1306 4564 poullo
1336 4505 1395 4563 pout

172 4559 369 4634 ultraquam.
808 4561 870 4616 καθ’
890 4559 991 4646 nr‘rro'r.²
1021 4631 1034 4644 .

844 4652 864 4686 e.
883 4637 940 4696 Rug.
959 4647 1060 4684 notor.
