3236 5286
568 419 676 462 carrio
692 419 712 462 r.
730 421 844 464 corrui
859 421 992 464 narinus.
1329 409 1389 470 159

156 573 215 634 ista
237 569 421 632 ellutientem
444 568 586 648 repulerit
607 589 643 630 ex
664 569 804 643 Ecclesia,
826 571 909 633 errius
932 591 998 634 mm
1020 572 1200 652 impietatem
1224 575 1302 636 ferro
1324 593 1472 639 nonani.

155 681 272 754 posset,
296 691 362 733 eum
386 671 570 733 anathemate
591 673 751 751 percussit3
775 691 808 734 ex
832 693 889 752 quo
912 673 970 734 iam
992 681 1125 752 tempore
1140 675 1250 737 credita
1265 683 1310 738 est
1324 677 1385 754 Arii

156 774 295 855 impietas
319 773 387 852 quid
412 772 536 852 amplius
557 791 643 852 quam
666 782 779 836 ceteras
795 774 937 835 haereses
959 775 1123 848 continere,
1146 775 1254 854 quippe
1269 797 1340 856 quae
1356 787 1387 839 et

159 876 270 940 Christi
292 875 410 936 inimica
432 874 508 936 dicta
531 875 579 946 sit,
604 883 634 936 et
656 875 835 955 praenuncia
857 874 1031 935 huticbristi
1055 875 1095 936 sit
1117 875 1226 938 habita.
1254 877 1315 938 Etsi
1330 879 1385 956 igi·

158 989 221 1051 tur,
246 977 289 1038 uti
312 977 369 1038 iam
392 977 467 1049 diri,
499 985 558 1037 tarn
581 976 711 1056 amplum
733 976 876 1036 adversus
900 973 1021 1054 impiam
1043 976 1119 1037 banc
1140 975 1288 1038 haeresim
1310 976 1387 1038 iudi-

158 1081 235 1142 cium
258 1077 385 1140 marimo
406 1077 523 1151 sufficit,
546 1085 580 1137 ut
601 1078 665 1138 eius
689 1077 799 1136 horror
821 1075 959 1138 omnibus
981 1075 1148 1148 iniiciatnr,
1172 1084 1300 1138 attamen
1322 1077 1388 1158 quia

158 1179 303 1251 nonnulli,
326 1180 375 1258 qui
398 1179 558 1240 Christiani
581 1187 734 1248 vocantur,
757 1175 803 1238 vel
825 1177 987 1238 inscienter
1000 1178 1045 1239 vel
1063 1177 1288 1240 dissimulanter
1303 1179 1388 1240 istem

158 1279 305 1343 baeresim
337 1281 373 1341 ad
401 1280 489 1341 fidem
518 1279 596 1340 nibil
620 1277 787 1357 pertinere,
816 1287 849 1339 ut
869 1287 953 1340 antea
976 1279 1085 1341 dietum
1116 1288 1175 1354 est,
1210 1279 1388 1354 existimant,

160 1401 283 1461 eosque,
308 1381 357 1460 qui
380 1381 419 1466 ita
442 1381 584 1453 sentiunt,
608 1379 795 1442 Christianos
815 1397 875 1440 uon
899 1379 1034 1441 dubitant
1054 1380 1218 1460 appellare3
1240 1401 1304 1462 age,
1328 1401 1386 1462 quo

161 1492 312 1562 retegatur
333 1484 467 1546 haeresis
484 1482 602 1556 astutia,
626 1481 693 1544 illos
707 1499 764 1562 pro
778 1489 879 1544 nostra
897 1481 1033 1544 facultate
1047 1481 1274 1562 interrogemus.
1297 1484 1386 1546 Forte

158 1585 236 1647 eninr
259 1585 317 1646 hoc
337 1595 424 1665 pacto
446 1585 577 1646 futurum
600 1591 662 1655 est,
694 1591 727 1644 ut
753 1583 859 1644 irretiti
887 1591 1002 1645 taceant
1030 1591 1060 1667 et
1086 1584 1123 1645 ab
1152 1603 1186 1646 ea
1214 1603 1274 1646 uon
1296 1605 1383 1648 secns

158 1706 245 1766 quarn
268 1706 284 1748 a
307 1668 469 1766 conspectu
491 1685 638 1765 serpentis
661 1683 781 1764 ingiam.
892 1760 894 1768 Ι

247 2089 277 2154 8.
322 2087 423 2167 ltaque
444 2089 470 2150 si
493 2087 602 2150 idcirco
624 2087 804 2151 arbitrantur
826 2089 946 2168 impiam
962 2089 1094 2153 Thaliam
1117 2110 1185 2153 esse
1205 2091 1294 2170 piam,
1318 2090 1385 2170 qnia

159 2191 273 2271 aliquot
294 2189 409 2250 divinae
432 2189 600 2270 Scripturas
622 2191 899 2262 vocescontineat,
926 2193 1060 2270 prolecto
1083 2201 1241 2272 sequetur,
1264 2203 1296 2253 ut
1317 2209 1384 2254 eum

155 2311 237 2354 nunc
258 2291 358 2353 rident
379 2291 434 2370 legi
457 2311 473 2353 a
495 2292 610 2354 ludaeis
632 2291 741 2372 Legem
764 2301 794 2354 et
815 2292 991 2371 Prophetas,
1015 2293 1164 2356 Christum
1188 2312 1303 2372 quoque
1325 2292 1383 2372 ipsi

156 2412 224 2454 curn
253 2393 310 2454 illis
337 2402 454 2474 nogent.
500 2393 578 2468 Quin
607 2393 694 2455 etiam
725 2393 752 2452 si
780 2393 933 2466 acciderit,
965 2403 998 2455 ut
1023 2395 1210 2456 Manichaeos
1243 2393 1383 2472 quasdam

150 2495 381 2575 Evangeliorum
403 2495 563 2574 particulas
585 2493 745 2554 recitantes
768 2493 903 2569 audiant,
931 2495 1040 2575 hepene
1070 2503 1100 2556 et
1121 2494 1285 2572 Prophetes
1317 2511 1383 2556 oum

154 2596 211 2658 illis
233 2595 392 2676 repudient
412 2613 539 2658 necesse
562 2591 661 2654 luerit
706 2591 792 2665 Quod
820 2596 845 2656 si
872 2615 927 2676 per
953 2595 1150 2675 ignorantiam
1178 2595 1217 2656 ita
1250 2601 1387 2655 aestuant

158 2706 188 2758 et
208 2698 282 2758 haee
302 2696 455 2774 garriunt,
478 2695 595 2754 discant
617 2711 652 2754 ex
674 2694 833 2774 scripturis
856 2698 953 2776 ipsum
977 2696 1126 2760 diabolum
1149 2697 1308 2756 haeresum
1330 2711 1386 2753 an-

162 2804 284 2864 ctorem,
308 2795 522 2871 obproprium
545 2793 747 2872 perversitatis
770 2799 916 2858 loetorem
939 2797 1027 2858 verba
1051 2795 1272 2874 Scripturarum
1295 2810 1386 2854 usur·
1468 2813 1476 2826 ·

160 2913 233 2974 pare
255 2893 363 2966 solere,
387 2901 419 2956 ut
440 2893 496 2955 illis
519 2893 734 2972 quodammodo
757 2896 894 2956 obtectus
916 2915 1002 2958 suum
1025 2913 1172 2958 venenum
1192 2895 1294 2974 possit
1314 2893 1387 2954 laci·

159 2995 219 3057 lius
246 3013 386 3073 spargere
415 2995 621 3075 simplicesque
650 2995 871 3057 circumvenire.
921 2997 971 3058 Sic
996 2997 1089 3058 Eram
1118 2995 1220 3056 lelellit
1247 2993 1311 3070 ille,
1344 2994 1389 3056 sic

160 3097 234 3158 alias
257 3096 370 3158 effinxit
390 3097 542 3168 haereses,
566 3097 609 3157 sie
631 3096 719 3158 etiam
734 3096 794 3156 boe
808 3105 940 3176 tempore
956 3099 1025 3157 hrio
1041 3095 1200 3175 persuasit,
1223 3105 1255 3156 ut
1269 3095 1298 3156 iu
1313 3094 1386 3156 bae·

156 3217 245 3260 reses
269 3197 334 3278 ipse
355 3197 544 3258 inveheretur
565 3197 684 3277 illisque
706 3197 857 3258 adversari
880 3197 1046 3270 simularet,
1076 3215 1133 3275 qno
1155 3197 1279 3259 latenter
1300 3213 1384 3258 suam

155 3307 262 3379 posset
284 3297 430 3359 haeresim
453 3297 604 3358 inducere.
651 3297 860 3358 Verumtamen
887 3315 925 3358 ne
953 3297 992 3358 ita
1019 3296 1135 3377 quidem
1162 3298 1252 3360 latere
1283 3297 1383 3378 potnit

156 3399 320 3461 Veterator.
366 3399 403 3460 Ut
431 3399 508 3460 enim
537 3417 620 3460 suam
650 3407 755 3459 contra
776 3397 830 3458 liei
853 3397 979 3458 Verbum
1008 3400 1169 3478 expromsit
1190 3400 1381 3479 impietatem,
1391 3423 1465 3468 nna.

159 3500 294 3562 omnibus
318 3500 416 3561 statim
437 3497 528 3560 rebus
551 3499 674 3572 excidit,
703 3499 874 3578 cunctisque
897 3509 1079 3580 compertum
1102 3509 1164 3574 est,
1188 3519 1255 3562 eum
1278 3501 1307 3561 in
1330 3517 1382 3562 cc-

160 3601 227 3661 teris
249 3619 367 3680 quoque
390 3602 524 3680 ignarum
548 3619 617 3662 esse
638 3599 769 3680 nihilque
792 3601 931 3675 omnino,
956 3603 1032 3681 quod
1060 3619 1163 3663 verum
1187 3601 1236 3674 sit,
1260 3600 1409 3672 sentire„

159 3699 211 3760 sed
233 3709 345 3762 tanturn
368 3701 556 3763 simulatione
580 3702 631 3764 uti.
677 3703 736 3775 Qul
758 3702 836 3763 eninr
859 3721 927 3765 vera
950 3704 986 3766 de
1007 3704 1095 3764 Patre
1118 3703 1144 3762 is
1166 3703 1309 3780 prolerat,
1333 3701 1383 3779 qui

157 3799 276 3874 Filium,
304 3821 400 3881 aquo
422 3804 517 3866 Patris
540 3804 668 3884 cognitio
697 3805 795 3866 omnis
826 3805 1010 3884 impertitur,
1040 3805 1130 3864 autlet
1156 3801 1288 3881 negare?
1331 3801 1384 3863 Vel

159 3907 207 3980 qul
230 3911 308 3963 recte
330 3901 367 3965 de
389 3903 501 3982 Spiritu
524 3903 632 3966 Sancto
655 3904 704 3967 ille
727 3905 912 3983 opinabitur,
942 3905 991 3981 qui
1020 3903 1057 3965 de
1078 3902 1169 3975 Filio,
1198 3921 1214 3963 a
1237 3922 1295 3983 quo
1318 3903 1383 3982 ipse

158 4001 252 4076 datur,
276 4001 365 4082 impie
387 4023 448 4064 non
471 4013 591 4064 veretur
611 4003 717 4083 loqui?
754 4006 828 4076 Quis
852 4004 893 4065 illi
917 4003 1017 4064 eredat
1031 4004 1067 4066 de
1082 4005 1302 4067 resurrectione
1317 4004 1381 4064 dis-

190 4169 212 4204 e.
231 4155 329 4218 Sequor.
341 4156 440 4208 Gobler.
455 4155 593 4204 etl'elcim.
604 4157 625 4206 1.
636 4151 747 4210 πάντως
830 4157 853 4205 Ιι.
872 4157 914 4206 Sic
931 4157 987 4220 lieg.
1008 4157 1105 4208 Gobler.
1124 4167 1148 4209 et
1165 4159 1271 4210 l'elelrm.
1286 4159 1307 4209 l.
1333 4157 1378 4207 ant

156 4234 216 4271 nou.
252 4223 314 4272 Editi
334 4231 357 4273 et
375 4223 414 4272 alii
434 4218 548 4272 πάντων
564 4222 641 4287 γοῦν.
795 4239 851 4276 roro
869 4215 1013 4288 ἐπιβαλών.

152 4345 157 4356 ι
190 4291 206 4338 i.
215 4291 256 4340 Sic
265 4291 364 4351 Segner.
373 4292 470 4341 Gobler.
479 4300 500 4340 et
510 4291 613 4340 Folctrrn.
625 4293 646 4342 l,
664 4293 742 4342 Atalii
829 4293 845 4340 i.
864 4293 963 4354 Sequor.
976 4293 1047 4343 hasil.
1064 4295 1187 4356 etdnqlic.
1198 4287 1286 4360 μηδὲν
1305 4285 1378 4346 ὅλως.

157 4365 179 4405 et
198 4357 254 4406 editi
274 4349 317 4404 ’ότι
325 4353 369 4404 καὶ
380 4356 428 4410 τὰς
438 4351 576 4425 diceresed
587 4353 741 4418 ἐπινοήσας.
794 4359 840 4409 dlii
860 4370 884 4410 et
901 4361 957 4412 edin
974 4355 1044 4427 μηδὲ
1058 4353 1133 4414 ὅλως.
1170 4361 1230 4412 ibid.
1242 4361 1379 4410 teletus.

178 4441 210 4500 ι[ς.
231 4425 330 4501 §agnen
350 4427 445 4476 Gobier.
465 4437 488 4476 et
506 4427 609 4478 Felclm.
628 4430 649 4478 l.
669 4419 740 4476 oiim
794 4420 893 4486 ἀληθὲς
910 4427 1024 4492 operato.
1057 4429 1111 4478 Mox
1128 4431 1228 4490 Sequor.
1247 4426 1306 4480 nois
1321 4422 1377 4494 γὰρ

157 4503 203 4568 ξας
227 4487 314 4546 ailoe
357 4493 408 4542 blor
427 4495 579 4545 Felelmanui
599 4495 622 4545 2.
642 4503 665 4545 ct
684 4497 740 4546 editi
793 4487 828 4542 ἂν
847 4487 990 4561 ἀληθείσῃ.
1026 4496 1070 4546 biii
1098 4503 1121 4545 et
1148 4496 1204 4546 editi
1234 4493 1293 4547 nois
1323 4487 1378 4560 γὰρ

154 4554 268 4613 calcor,
294 4569 318 4610 at
342 4567 366 4609 et
391 4561 447 4622 legit
464 4563 587 4623 Nunnius,
614 4564 654 4628 qni
672 4565 741 4614 vertit
794 4553 946 4622 ἀληθεύσει,

156 4629 274 4688 conpr-cit.
309 4627 352 4676 atu
371 4619 526 4688 ἐπλάνησεν.
828 4631 850 4680 l.
870 4631 910 4680 Sic
928 4631 1028 4690 Sopaer.
1048 4637 1071 4679 et
1089 4629 1145 4691 llep.
1185 4631 1213 4678 bt
1237 4627 1335 4678 Gobler.
1355 4633 1379 4676 et
