3162 5308
522 398 683 443 eetsnoess
697 401 733 442 sn
750 399 943 443 samsones.
1276 384 1336 448 669

5 581 6 584 “
66 557 77 570 “
126 555 240 614 tentiae
262 561 370 614 tancre
391 550 584 616 suhscrihunt
605 549 758 613 Scuitctns
767 551 787 627 ¹)
810 562 837 613 et
850 549 1013 628 Rioetus'),
1035 549 1130 612 nullis
1153 549 1221 612 aiiis
1242 552 1421 612 adda-ean.

127 657 187 717 ctis
209 657 402 733 orpumentis,
424 656 484 713 nisi
504 652 582 734 qnod
603 653 693 714 addat
714 651 837 714 hioetus
860 655 952 714 citari
970 670 1006 713 eo
1026 650 1163 731 Epistola
1185 652 1277 731 [num.
1294 653 1335 729 5.]

128 754 229 816 iocum
251 753 401 816 Michaeas
422 757 473 834 qui
491 771 638 834 nusquam
661 755 824 832 reperitur,
846 756 1006 814 nhnirnm:
1027 751 1138 812 Domus
1161 751 1246 814 lscob
1268 771 1339 813 exn-

123 857 260 946 ‚cesbssit
280 853 422 934 Spiritum
443 853 569 916 Domini.
617 851 723 916 Verum
743 853 831 917 vaide
851 852 903 915 ttte
926 852 1148 932 hallucinatum
1170 872 1239 926 nam
1253 858 1278 916 is
1295 864 1339 917 est

127 977 240 1022 versus
262 962 404 1038 septimus
433 961 537 1036 capitis
566 957 689 1018 secundi
709 953 858 1018 Michaeas
889 957 976 1016 inuio
998 955 1141 1016 Graecam
1162 959 1338 1018 versionem.

215 1059 276 1121 Vll.
324 1057 421 1132 Quam
448 1077 526 1119 vana
559 1066 587 1118 et
609 1061 769 1119 terneraria
790 1061 830 1118 sit
851 1057 1022 1119 huiusmodi
1046 1056 1172 1118 illarum
1200 1060 1340 1137 opinatio,

130 1181 169 1224 en
193 1161 327 1224 omnihus
351 1163 470 1222 omnino
491 1162 705 1238 manuscriptis
729 1159 874 1220 codicibus
898 1162 1095 1230 convincitur,
1118 1162 1151 1218 in
1172 1159 1277 1238 quihus
1295 1163 1341 1221 oi-

132 1263 238 1326 dciicct
262 1281 368 1342 mapno
395 1281 542 1324 consensu
564 1259 596 1320 S.
620 1260 784 1321 Athanasio
807 1259 997 1322 attribuitur.
1040 1258 1203 1320 Praeterea
1231 1263 1283 1341 qui
1308 1263 1341 1322 in

134 1363 257 1427 lectione
280 1361 308 1424 S.
331 1362 490 1425 Athanasii
510 1362 559 1424 cei
576 1361 702 1442 paulum
723 1372 864 1424 uersatus
885 1361 989 1438 suerit,
1013 1379 1047 1422 ea
1068 1364 1101 1421 in
1119 1359 1257 1439 Epistola
1278 1345 1341 1422 nie-

132 1465 267 1535 thadum,
303 1465 442 1526 dictiones
476 1465 621 1552 verbaque
647 1467 714 1544 ipsa
740 1461 772 1524 S.
800 1463 941 1524 Doctaris
969 1460 1059 1542 [acide
1087 1474 1236 1541 opnoscet.
1280 1459 1341 1525 Nec

132 1565 319 1628 animaliter
344 1565 391 1627 hic
414 1565 542 1635 disserit,
566 1583 652 1644 paam
673 1564 742 1627 aliis
765 1569 796 1626 in
814 1564 968 1643 Operibus,
991 1563 1077 1623 oerhi
1095 1566 1197 1641 protid
1211 1567 1243 1624 in
1260 1562 1341 1624 Ora·
1446 1597 1450 1608 ·

130 1669 262 1729 tionihus
285 1675 393 1728 cantra
413 1665 553 1734 Arianos,
575 1669 608 1726 in
629 1666 735 1746 quihus
756 1665 934 1746 Scripturas
957 1667 1126 1726 testimonia
1146 1665 1275 1745 undique
1289 1675 1341 1727 aa·
1421 1733 1431 1760 ι

131 1768 274 1838 cumulat,
296 1775 332 1827 ut
353 1765 424 1827 Filii
443 1766 627 1828 divinitatem
649 1776 780 1830 tuentur.
825 1767 895 1828 dham
918 1769 995 1828 enim
1016 1775 1044 1828 et
1058 1765 1167 1827 Ariani
1180 1775 1207 1826 et
1225 1764 1344 1846 Tropiai

132 1870 250 1932 easdem
271 1867 463 1930 admitterent
483 1866 661 1947 Scripturas
683 1886 717 1930 ac
742 1867 927 1939 Orthodosai,
953 1867 1103 1928 andenam
1130 1884 1239 1948 quaeso
1261 1867 1341 1929 aali-

132 1971 221 2033 diora
239 1977 342 2049 posset
359 1969 505 2049 proferre
527 1979 714 2047 arpumenta,
745 1988 832 2051 quam
860 1987 898 2033 ea
924 1970 1031 2032 divinis
1060 1967 1104 2029 his
1128 1965 1240 2030 tibris?
1281 1965 1341 2030 Nec

130 2075 221 2135 cnam
244 2065 386 2133 crebrius'
401 2069 447 2131 hic
469 2071 567 2132 eadem
585 2074 695 2160 repetit
715 2049 804 2152 anacim
825 2070 910 2140 olidi,
939 2071 1018 2152 puoch
1044 2070 1160 2152 quidem
1185 2067 1341 2132 molestum

130 2175 244 2239 nonam·
269 2189 333 2234 esse
361 2172 466 2233 dehere
493 2175 557 2252 ipse
585 2170 660 2234 solet
684 2157 892 2251 praemonere.
935 2170 1068 2252 Denique
1096 2189 1161 2232 cum
1186 2169 1274 2232 iidem
1294 2168 1345 2233 iiii

131 2275 279 2338 secundae
306 2271 462 2352 Epistohae
486 2283 606 2352 partem
631 2276 847 2354 posteriorem,
880 2291 956 2353 punc
983 2276 1101 2351 prmius
1129 2282 1173 2334 est
1207 2276 1339 2352 epitome,

129 2375 292 2442 Athanasii
311 2393 375 2437 esse
396 2378 598 2444 consentiant,
623 2379 793 2454 permirum
814 2393 886 2436 sane
912 2385 972 2448 est,
1002 2374 1082 2455 quad
1108 2373 1183 2434 hanc
1212 2373 1342 2434 audeant

131 2479 305 2558 repudiare.
349 2473 409 2538 Sed
431 2476 464 2538 de
487 2476 533 2536 his
556 2479 629 2537 satis
652 2492 809 2556 superque.
852 2475 901 2538 Ita
916 2480 993 2539 enim
1004 2478 1199 2556 perspicuum
1213 2481 1258 2536 est
1273 2491 1343 2536 aere

133 2578 293 2640 Athanasii
313 2595 377 2638 esse
395 2581 525 2656 primam
548 2577 623 2639 hanc
644 2561 826 2657 Epistdiam,
853 2587 889 2640 ut
910 2580 1023 2639 nemini
1042 2593 1105 2638 rem
1127 2578 1206 2638 serio
1229 2581 1343 2639 mami-

133 2681 222 2738 nanti
241 2676 308 2738 ulla
326 2681 425 2756 possit
447 2678 566 2740 adoriri
585 2682 714 2758 suspicio
737 2680 768 2742 id
788 2683 820 2740 in
842 2679 961 2742 dubium
982 2676 1154 2739 revocandi.

220 2775 294 2837 vni.
340 2776 508 2840 Cardinalis
529 2779 696 2842 Perronius
724 2779 774 2844 tit.
791 2782 821 2843 2.
851 2779 885 2841 de
906 2777 1102 2840 Eucharistia
1128 2777 1237 2858 aliique
1264 2795 1344 2839 non-

133 2877 214 2942 nulli
236 2887 421 2959 postremam
448 2897 561 2960 qaoque
585 2893 703 2961 partem
731 2885 794 2944 sive
820 2881 1010 2960 appendicem
1030 2878 1181 2959 lipr'stoiae
1210 2877 1343 2951 ultimae,

134 2999 238 3060 nempe
262 2977 433 3041 Tractatum
453 2983 487 3041 in
507 2983 599 3044 oerha
621 2975 771 3046 Matthaei
779 2980 961 3059 Quicumque
976 2979 1088 3042 dixerat
1102 2987 1168 3054 eta,
1190 2991 1342 3060 necarunt
1422 2983 1425 2996 '

136 3087 241 3144 aerum
262 3099 327 3142 csso
348 3078 381 3141 S.
403 3080 560 3144 Athanasii
581 3101 665 3162 apns.
707 3085 746 3144 At
771 3099 946 3161 permenam
973 3085 1036 3144 chao
1064 3084 1161 3163 {etum
1187 3100 1264 3152 esre,
1298 3101 1342 3158 ea,

136 3201 209 3264 puae
232 3181 328 3262 paulo
358 3182 814 3246 antonum.111.eth¹.diata
842 3193 927 3254 sunt,
956 3187 1143 3269 apertissime
1172 3183 1341 3247 ostendunt.

136 3284 216 3346 Adde
229 3286 262 3346 in
279 3282 409 3347 Concilio
424 3283 624 3346 lateranensi
636 3285 689 3348 suh
705 3283 838 3347 Martino
849 3284 874 3346 d.
899 3283 991 3362 [Tam.
1007 3285 1065 3364 Vh]
1084 3305 1154 3368 pap.
1169 3283 1264 3361 soti)
1281 3294 1342 3346 tres

137 3384 215 3448 iocos
244 3403 283 3447 eu
311 3385 365 3446 hoa
389 3384 532 3448 Tractatio
554 3396 701 3478 tamquam
729 3405 768 3448 ea
789 3403 860 3448 aero
881 3385 914 3447 S.
938 3386 1097 3451 Athanasii
1115 3407 1204 3470 opere
1225 3387 1342 3450 adduci.

203 3569 228 3631 1)
246 3571 347 3622 steiana
364 3570 500 3634 theologiae
518 3571 621 3621 Petrum.
657 3571 681 3622 P.
692 3573 721 3624 lt.
740 3573 839 3638 capii.

201 3639 227 3698 2)
245 3639 344 3690 (initians
363 3655 437 3689 sacer.
473 3639 524 3690 Lib.
536 3639 575 3690 ihi.
595 3640 672 3704 cepi
690 3641 762 3706 (opp.
780 3641 853 3692 theol.
878 3641 947 3692 Tam.
958 3643 987 3694 11.
1006 3623 1135 3710 mildi).

203 3705 229 3768 3)
245 3707 319 3758 Messi
337 3706 408 3758 Cone.
427 3706 488 3758 Call.
506 3705 607 3759 Tomh.
625 3723 649 3772 p.
661 3707 733 3759 1104.
