3236 5286
557 393 665 438 onarro
680 395 701 438 1.
718 395 982 440 conscensuros.
1319 384 1379 444 157

150 545 271 620 „Filius
293 545 411 606 Putrem
434 563 496 605 non
517 555 650 608 accurate
672 546 834 624 cognoscit,
856 555 958 626 utpote
980 547 1026 608 cui
1046 549 1315 628 consprelrendendi
1331 551 1465 612 innuo

152 647 273 722 „cultas
295 647 383 720 desit,
403 665 506 708 verum
526 665 583 708 nec
604 665 687 708 suam
710 647 774 726 ipse
795 655 930 710 neutram
954 657 1055 708 notam
1077 649 1195 710 habor·
1230 651 1317 712 ludit
1332 651 1377 712 si·

150 750 260 812 militer
282 757 387 810 natura
410 748 529 821 divisos,
552 747 693 820 diruens,
715 747 891 822 disiunctas,
914 747 1086 824 alienusque
1103 766 1156 808 nec
1170 749 1293 812 invicem
1307 771 1378 830 pur·

151 851 258 932 tioipes
282 869 350 912 esse
372 843 478 922 Patris,
500 849 566 910 Filii
588 859 618 911 et
639 849 738 910 Sancti
762 849 892 928 Spiritus
914 847 1114 909 substantias:
1137 849 1326 925 quinetiam,
1348 863 1382 914 ut

152 952 219 1033 ipse
240 953 296 1024 sit,
321 952 468 1030 „penitus
495 950 573 1012 inter
602 969 636 1011 so
658 959 688 1011 et
709 947 874 1010 substantia
897 957 926 1009 et
948 947 1041 1028 gloria
1063 957 1134 1010 sunt
1154 949 1271 1012 inlinite
1291 952 1383 1014 dissi-

155 1052 300 1124 „miles.“
345 1052 447 1130 ltaque
468 1051 548 1130 quod
571 1051 606 1111 ad
623 1059 745 1111 naturae
764 1057 793 1110 et
807 1048 918 1127 gloriae
933 1049 1155 1112 similitudinem
1171 1050 1287 1124 attinet,
1311 1053 1383 1114 l'er-

154 1155 223 1216 bum
247 1153 283 1214 ab
306 1153 439 1232 utrisque
461 1153 550 1214 Patre
571 1151 708 1212 videlicet
730 1159 760 1211 et
774 1149 887 1230 Spiritu
902 1149 1010 1212 Sancto
1032 1151 1161 1214 alienum
1177 1152 1300 1214 omnino
1316 1149 1385 1216 esse

156 1256 258 1328 docet3
280 1255 353 1316 haec
374 1255 453 1316 euim
476 1253 541 1334 ipsa
565 1261 636 1314 sunt
658 1251 740 1330 impii
761 1251 840 1312 illins
862 1251 967 1324 rerba,
990 1253 1040 1333 qui
1062 1253 1132 1315 item
1156 1254 1198 1316 ait
1219 1253 1327 1316 Filium
1350 1274 1386 1316 ex

156 1376 189 1418 se
211 1377 227 1418 a
250 1357 337 1417 Patre
360 1375 427 1416 esse
450 1355 578 1416 divisum
602 1353 740 1432 nulleque
761 1353 793 1414 in
813 1372 845 1414 ca
866 1354 1039 1434 participem
1061 1355 1126 1417 eius
1148 1375 1226 1418 esse.
1271 1357 1309 1418 Et
1329 1356 1385 1418 hac

155 1458 275 1538 quidem
297 1465 369 1518 sunt
389 1454 551 1536 particulae
572 1454 759 1528 labellorum,
791 1473 865 1534 quae
894 1455 923 1516 in
953 1455 1076 1518 ridiculo
1098 1457 1158 1518 Arii
1187 1467 1302 1520 exstant
1329 1477 1383 1520 to-

155 1559 276 1622 lunrine.

247 1865 276 1922 7.
321 1860 394 1932 Quis
418 1877 489 1937 ergo
513 1857 560 1918 his
583 1869 613 1918 et
627 1861 756 1921 carmine
772 1857 890 1920 'lhaliae
905 1859 1012 1922 auditis
1026 1859 1128 1922 Arium
1151 1861 1236 1939 quasi
1251 1861 1282 1922 in
1298 1880 1385 1924 sceno

160 1963 199 2023 de
220 1961 390 2022 huiusmodi
418 1958 509 2020 rebus
538 1959 686 2020 iocantem
713 1959 777 2022 iure
805 1979 866 2021 non
894 1957 1016 2022 oderit?
1060 1961 1134 2034 Quis
1162 1980 1223 2024 non
1251 1961 1387 2042 agnoscit

161 2062 260 2136 illum,
290 2080 354 2122 cum
376 2061 430 2122 uei
452 2079 561 2122 nomen
583 2063 719 2142 prolerre
741 2069 771 2124 et
792 2061 830 2122 de
851 2061 913 2122 lleo
936 2061 1016 2141 loqui
1045 2063 1174 2136 ridetur,
1203 2065 1385 2127 simillimum

159 2183 228 2228 esse
251 2163 399 2242 serpentis
422 2163 536 2225 mulieri
558 2164 656 2226 dantis
678 2162 859 2226 consilium?
903 2163 1012 2243 Ecquis
1034 2183 1103 2225 vero
1127 2164 1202 2238 eliis,
1229 2184 1304 2244 quae
1324 2166 1384 2228 ibi·

159 2267 226 2330 dem
257 2275 434 2346 sequuntur,
468 2267 606 2348 perlectis
639 2285 700 2329 non
730 2275 791 2328 tam
819 2266 898 2328 clare
925 2266 989 2328 eius
1021 2266 1163 2346 perspicit
1194 2267 1384 2348 impietatem,

159 2387 247 2448 quarn
269 2368 410 2442 fraudem,
434 2368 465 2430 in
487 2387 574 2448 quam
590 2387 719 2448 serpens
734 2367 891 2428 mulierem
905 2367 1009 2430 dolose
1024 2366 1162 2430 induxit?
1185 2369 1257 2441 Quis
1273 2389 1384 2449 quaeso

158 2471 194 2532 ad
217 2471 270 2532 has
291 2471 457 2551 impietates
480 2488 547 2550 non,
564 2467 782 2548 obstupescat?
826 2468 944 2530 Caelum
966 2469 1096 2549 quidem,
1119 2478 1152 2530 ut
1172 2470 1213 2531 ait
1227 2469 1385 2550 Propheta,

159 2571 320 2651 obstupuit,
343 2581 374 2633 et
397 2582 475 2634 terra
497 2569 619 2632 tremuit
641 2569 680 2630 ob
702 2569 837 2632 violatam
857 2571 962 2650 legent.
998 2570 1049 2632 Sol
1063 2580 1161 2634 auteur
1184 2571 1387 2633 vehementius

159 2671 328 2752 indignatus
351 2689 408 2732 nec
428 2672 529 2732 terens
552 2669 693 2744 iniurias,
721 2689 794 2750 quas
822 2673 990 2734 communis
1012 2671 1145 2734 omnium
1166 2683 1304 2733 nostrum
1326 2671 1388 2730 llo-

164 2774 263 2833 minus
285 2780 393 2848 sponte
415 2788 471 2848 pro
493 2769 582 2831 nobis
604 2789 729 2850 corpore
752 2772 903 2846 tolerarit,
930 2793 1000 2834 sese
1023 2773 1087 2852 ipse
1117 2772 1239 2845 avertit,
1269 2777 1390 2831 conua-

166 2871 282 2950 ctisque
302 2869 394 2932 radiis
416 2869 492 2930 diem
515 2869 595 2931 illum
615 2871 738 2949 privavit
758 2873 832 2934 luce.
876 2873 935 2944 Qut
956 2892 1026 2935 vero
1048 2874 1083 2934 ad
1108 2871 1197 2950 impia
1219 2870 1282 2932 llrii
1304 2869 1392 2930 verba

166 2971 304 3034 universa
327 2970 481 3033 hominum
503 2979 605 3032 notura
626 2979 750 3050 stupore
765 2991 825 3034 non
843 2973 1043 3046 exhorrescat,
1065 2991 1154 3033 aures
1169 2989 1231 3032 non
1247 2969 1475 3046 obstructum.

169 3073 271 3136 oculos
293 3092 353 3134 non
376 3072 504 3145 claudat,
533 3082 565 3135 ut
585 3091 642 3134 nec
662 3073 711 3134 illa
733 3073 832 3133 audiat
852 3091 908 3134 nec
930 3093 1015 3144 eunt,
1042 3073 1092 3150 qui
1121 3071 1176 3132 ista
1204 3071 1391 3151 conscripsit,

166 3173 312 3254 aspiciat?
354 3173 398 3235 An
421 3191 482 3236 non
503 3173 603 3253 potius
626 3173 691 3236 iure
713 3173 822 3236 merito
844 3181 947 3234 contra
970 3173 1052 3252 ipsos
1074 3181 1211 3251 unquam
1232 3173 1341 3254 impios
1364 3181 1393 3236 et

163 3275 248 3337 valde
271 3275 401 3354 ingratos
432 3274 600 3336 donaverit
620 3275 686 3355 ipse
707 3274 871 3348 Dominus,
900 3291 976 3353 quac
1003 3291 1059 3352 per
1078 3273 1254 3354 Prophetam
1283 3274 1389 3338 Oseom
1450 3301 1455 3310 ·

162 3375 322 3456 praedixit:
350 3375 406 3438 Voc
427 3379 480 3447 eu,
504 3381 646 3458 quoniam
670 3387 862 3438 recesserunt
883 3395 902 3436 o
923 3395 978 3446 me,
1001 3379 1106 3438 meteri
1119 3389 1199 3448 cont,
1222 3381 1292 3458 quin
1306 3379 1394 3457 rinpia'

164 3481 195 3538 io
216 3497 262 3538 me
282 3479 424 3558 [uerunt.
469 3475 531 3555 Epo
554 3495 626 3540 varo
651 3478 764 3540 rodomi
783 3495 848 3548 eos,
872 3489 901 3540 ct
923 3481 985 3558 apsi
1005 3476 1100 3540 locuti
1118 3489 1191 3539 suat
1214 3489 1322 3540 contro
1344 3495 1389 3538 mc

165 3581 333 3650 mendacio,
365 3585 395 3637 et
415 3576 503 3656 paulo
525 3587 611 3657 post:
637 3579 820 3641 Contrane
844 3583 1052 3660 eopitoocruat
1073 3577 1173 3650 molo,
1207 3583 1240 3639 ia
1261 3577 1391 3640 nihilum

167 3683 307 3740 conversi
326 3676 424 3740 suat?
466 3677 539 3740 Nam
566 3688 726 3759 postquam
755 3699 771 3740 a
792 3678 845 3742 Dei
869 3679 982 3754 Verbo,
1012 3680 1092 3758 quod
1119 3679 1219 3758 ipsum
1241 3697 1310 3739 cere
1333 3687 1390 3750 est,

166 3797 235 3840 sese
257 3788 388 3840 avertere
409 3787 439 3840 et
460 3799 538 3854 eum,
561 3780 612 3859 qui
634 3799 696 3842 non
716 3788 772 3854 est,
797 3780 854 3842 sibi
876 3781 1066 3850 confinxere,
1090 3779 1122 3840 in
1144 3779 1267 3840 nihilum
1290 3779 1392 3858 utique

167 3889 237 3940 sunt
257 3880 315 3959 ipsi
337 3879 454 3958 dilapsi.
499 3881 577 3942 Sane
598 3882 672 3942 haec
692 3900 781 3943 causo
802 3881 866 3954 luit,
888 3899 941 3942 our
963 3878 1111 3958 generalis
1133 3877 1269 3954 synodus
1289 3878 1393 3940 Arium

167 4064 219 4114 llox
232 4066 331 4127 Segner.
346 4057 393 4112 καὶ
410 4057 460 4116 τὰς
477 4053 588 4116 ἀκτῖνας
606 4059 752 4120 συστείλας,
806 4054 885 4112 κατά.
920 4063 981 4112 lbid.
1000 4063 1072 4112 Basil.
1092 4063 1182 4124 lnglie.
1202 4072 1226 4113 et
1243 4063 1349 4112 Felclm.
1367 4063 1392 4114 d.

167 4126 217 4190 τὴν
234 4125 340 4202 ἡμέραν
358 4140 404 4182 etr.
440 4131 502 4181 Editi
520 4133 602 4182 etalii
621 4122 756 4195 ἀπεπρά-
807 4122 915 4194 ἀσεβῶν
932 4121 990 4196 ἃμα
1006 4124 1051 4178 καὶ
1069 4119 1123 4196 rigo
1142 4125 1234 4182 ίστων.

168 4213 208 4324 ἴῃ
235 4193 285 4253 τὰς
310 4193 422 4252 ἀκτῖνας
449 4193 597 4253 συστείλας.
633 4193 679 4246 arai
705 4191 756 4258 triv
840 4199 862 4250 l.
882 4198 1028 4262 SicSeguor.
1052 4143 1248 4262 uotrtlttawq
1268 4195 1391 4248 mendose.

184 4263 280 4334 μέραν.
838 4267 855 4318 l.
873 4267 914 4318 Sic
931 4269 1072 4330 Seguntiae.
1098 4274 1122 4316 ot
1146 4268 1186 4318 olii
1212 4281 1270 4316 mas.
1296 4273 1393 4329 praeter

202 4349 223 4398 g.
242 4327 473 4402 &poenierim
501 4329 753 4402 Eutriststtipiou.
805 4333 954 4386 reterns.
979 4344 1003 4386 et
1022 4337 1078 4397 liar.
1098 4336 1121 4384 in
1140 4334 1245 4412 quibus,
1271 4341 1296 4382 ut
1320 4341 1344 4382 et
1365 4333 1391 4410 iq

202 4405 226 4453 Ιι.
243 4403 343 4466 segnes.
368 4405 440 4455 Bosil.
460 4414 483 4454 et
500 4405 591 4468 duplic
610 4397 752 4454 τοιούτων.
805 4405 891 4464 editis,
910 4405 940 4452 ita
961 4403 1062 4465 legitur:
1080 4395 1126 4450 aot
1142 4393 1200 4468 μετ’
1221 4395 1327 4464 attyro·
1345 4411 1391 4448 stoc

167 4469 229 4522 Editl
248 4480 272 4522 et
290 4471 330 4520 alii
349 4463 462 4521 τούτὼν.
804 4463 999 4534 lectotenus
1017 4461 1103 4522 κακά,
1122 4463 1169 4516 arui
1185 4459 1224 4546 tif
1240 4461 1287 4533 ἐμὲ
1305 4459 1390 4532 lloyt-

201 4541 216 4588 i·
235 4539 277 4588 Sic
294 4539 393 4602 Seguer.
413 4539 485 4590 Besil.
503 4539 595 4604 lnglic.
615 4538 713 4591 Gobler.
731 4547 756 4590 et
805 4549 890 4586 conto
910 4545 954 4588 etc.
981 4537 1044 4614 'llos
1068 4537 1167 4599 Sopoer.
1192 4547 1242 4582 τον
1265 4528 1391 4598 παρόντα

167 4604 273 4656 l'elclm.
294 4607 317 4657 l.
360 4609 388 4656 tt
413 4608 437 4658 io
466 4607 535 4659 editis
560 4616 584 4658 ct
609 4607 663 4658 rliis
687 4608 756 4658 deest
805 4603 855 4656 roi
872 4602 941 4654 desti
957 4600 1048 4667 λογον.
