3226 5308
533 467 537 474 ι
564 409 671 453 oasam
687 409 730 452 ur.
747 407 861 452 conam
876 408 1010 452 tarenos.
1315 394 1376 456 569

154 577 221 642 est,
244 567 281 628 ad
303 581 390 645 quem
414 563 551 642 quoniam
575 559 744 632 offendunt,
774 559 890 621 abillis
913 577 974 620 non
997 579 1083 622 secus
1106 578 1140 620 ac
1161 579 1177 622 a
1200 559 1462 626 Sadducaeisraac.

156 681 191 734 et
218 665 384 730 Pharisaeis
414 663 626 727 sciscitandum
656 669 717 735 est,
750 641 808 740 qub
837 660 874 721 de
901 661 1039 741 loquatur
1060 662 1165 724 Lucas.
1211 663 1260 724 Sic
1281 671 1379 726 autem

157 773 225 836 illos
248 769 460 850 aggrediamur.
507 766 589 826 lesus
618 764 753 826 Christus
775 763 904 824 homone
927 770 973 824 est
995 771 1026 824 ut
1048 763 1095 824 alii
1119 751 1228 826 omnes'
1244 765 1379 830 homiues

155 893 197 936 an
219 890 287 934 vero
309 871 389 932 Deus
412 876 459 929 est
480 885 597 928 carnem
620 863 766 944 gestans?
795 865 828 925 Si
849 883 941 944 purus
965 865 1055 926 homo
1078 875 1132 939 est,
1156 875 1188 928 ut
1210 869 1298 929 ceteri
1321 869 1378 930 bc-

158 977 273 1047 mines,
296 975 396 1051 utique
418 978 450 1032 ut
472 970 561 1031 homo
584 969 734 1048 proficier,
763 986 837 1046 quae
860 967 977 1046 quidem
999 977 1046 1029 est
1066 968 1283 1032 Samosatensis
1306 989 1378 1032 sen-

158 1078 268 1149 tentia,
303 1093 388 1154 quam
419 1079 481 1133 toto
510 1091 563 1132 vos
591 1071 690 1132 animo
719 1067 944 1148 amplectimini,
978 1070 1030 1130 sed
1058 1070 1286 1142 nominetenus
1308 1087 1463 1152 praenom.

157 1189 240 1244 metu
263 1176 416 1239 hominum
438 1173 561 1252 negatis.
605 1172 636 1234 Si
660 1191 729 1233 uero
753 1172 831 1232 [leus
854 1180 902 1258 est
922 1189 1039 1233 carnem
1062 1183 1190 1250 gestans,
1214 1173 1255 1234 uti
1278 1192 1378 1236 revera

159 1292 219 1356 est,
243 1289 273 1341 et
293 1278 420 1340 Verbum
443 1295 511 1338 caro
535 1278 643 1337 lactum
666 1283 728 1346 est,
752 1273 848 1352 isque,
872 1273 921 1352 qui
944 1273 1023 1335 Deus
1045 1283 1117 1347 erat,
1140 1275 1169 1336 in
1193 1284 1301 1336 terram
1324 1276 1378 1337 de-

157 1382 291 1454 scendit,
320 1398 395 1460 quos
417 1397 594 1458 progressus
617 1385 704 1456 queat
726 1375 773 1437 ilie
795 1375 920 1448 habere,
951 1375 999 1454 qui
1028 1376 1158 1454 aequalis
1188 1375 1248 1438 ileo
1271 1377 1379 1451 existit,

157 1493 211 1546 aut
232 1503 291 1563 quo
314 1481 403 1543 modo
426 1499 559 1542 crescere
581 1479 680 1558 possit
700 1477 811 1566 lfilius,
834 1477 883 1556 qui
906 1496 1023 1556 semper
1045 1486 1092 1538 εει
1113 1477 1143 1538 in
1164 1477 1280 1540 Patrel'
1308 1459 1382 1540 Nam

158 1587 187 1648 si
208 1586 246 1659 is,
268 1584 317 1664 qui
341 1592 387 1644 est
408 1583 438 1644 iu
453 1582 550 1654 Patre,
573 1581 718 1660 prolicere
740 1586 847 1657 potest,
871 1578 940 1658 quid
963 1598 1073 1659 quaeso
1096 1587 1143 1642 est
1165 1580 1239 1642 ultra
1252 1580 1380 1653 Patrem,

159 1697 194 1750 ut
214 1687 282 1750 inde
304 1685 400 1766 possit
429 1682 598 1764 prolicere?
634 1682 747 1743 Deinde
770 1699 786 1742 e
808 1699 841 1742 re
863 1682 952 1742 luerit
973 1683 1074 1743 eadem
1096 1683 1145 1744 hic
1165 1683 1278 1758 dicere,
1308 1703 1383 1762 quae

162 1808 254 1870 supra
277 1787 490 1860 disseruimus,
514 1803 580 1848 cum
604 1783 815 1864 explicaremus
838 1802 965 1862 quonam
988 1803 1079 1846 seusu
1101 1785 1210 1864 aliquid
1232 1787 1382 1865 accepisse

160 1900 192 1954 et
213 1890 336 1972 gloriam
357 1890 480 1968 adeptus
509 1907 578 1949 esse
607 1887 763 1948 diceretur.
807 1883 950 1947 Nimirum
974 1886 999 1948 si
1021 1887 1111 1948 homo
1133 1888 1226 1950 iactus
1248 1887 1381 1968 proiecit,

160 2013 234 2074 ergo
256 2001 410 2072 antequam
433 1991 518 2053 steret
538 1990 646 2060 bomo,
668 1989 816 2067 perlectus
838 2005 901 2047 uon
921 1996 1000 2060 erat,
1023 2007 1057 2050 ac
1077 1989 1202 2067 proinde
1225 1989 1288 2052 eius
1311 2009 1382 2072 per-

161 2095 297 2160 fectiouis
321 2113 407 2156 causa
429 2093 486 2153 iuit
506 2091 607 2170 potius
630 2108 698 2150 caro
721 2107 806 2168 quam
830 2088 895 2166 ipso
917 2086 1023 2150 carnis.
1056 2089 1182 2170 insuper
1203 2092 1228 2154 si
1250 2092 1310 2167 ille,
1333 2093 1382 2172 qui

161 2198 290 2262 Verbum
314 2207 368 2270 est,
390 2193 517 2274 prolicit,
541 2192 610 2272 quid
631 2193 725 2253 maius
748 2199 847 2270 potest
861 2191 938 2264 lieri,
961 2209 1047 2270 quam
1064 2175 1200 2264 Verbum,
1224 2193 1383 2274 Sapientia,

162 2301 254 2362 Filius
277 2307 308 2359 et
330 2299 382 2360 [lei
405 2293 522 2359 virtus?
555 2295 628 2357 haec
655 2292 801 2372 siquidem
825 2302 897 2354 sunt
918 2292 1015 2374 ipsum
1037 2293 1181 2368 Verbum,
1210 2315 1335 2376 quorum
1357 2298 1384 2359 si

160 2403 230 2484 quis
253 2400 342 2476 veluti
363 2400 477 2462 radium
500 2405 613 2478 posset·
628 2396 771 2474 accipere,
794 2395 821 2456 is
845 2413 916 2456 sane
938 2413 1052 2457 summe
1069 2397 1217 2476 perfectus
1233 2398 1310 2459 iuter
1325 2399 1382 2460 bo-

162 2505 259 2566 mines
282 2512 374 2571 esset,
397 2501 573 2582 Angelisque
595 2497 679 2560 lieret
701 2497 842 2576 aequalis.
885 2497 1002 2558 Etenim
1024 2497 1125 2576 drageli
1146 2499 1204 2577 ipsi
1226 2508 1312 2579 atque
1326 2500 1383 2562 dr-

164 2604 315 2682 chaugeli,
343 2603 563 2664 dominationes
595 2600 780 2678 virtutesque
802 2617 906 2662 omnes
929 2608 959 2661 et
981 2599 1093 2660 Throni
1115 2600 1203 2662 Verbi
1224 2601 1384 2682 participes

168 2703 266 2766 effecti
287 2704 390 2764 faciem
411 2704 506 2764 Patris
530 2702 593 2764 eius
616 2711 758 2781 perpetuo
782 2701 888 2764 rident
935 2699 992 2773 Qui
1015 2719 1084 2780 ergo
1113 2702 1178 2762 lieri
1206 2712 1321 2784 potest,
1353 2713 1386 2766 ut

166 2805 231 2878 ille,
261 2805 310 2884 qui
333 2805 398 2866 aliis
420 2805 549 2883 impertit
570 2804 798 2882 perlectionem,
829 2803 894 2882 ipse
915 2811 985 2881 post
1006 2801 1073 2864 illos
1095 2802 1251 2882 proficiat?
1281 2805 1386 2886 Angeli

164 2925 294 2986 namque
314 2907 469 2968 humanam
492 2905 555 2966 eiua
583 2905 860 2968 administraverunt
888 2903 1082 2978 nativitatem,
1116 2913 1146 2965 et
1172 2903 1269 2968 Lucae
1298 2905 1386 2970 verba

164 3021 238 3091 post
258 3007 428 3070 huiusmodi
449 3007 625 3083 Angelorum
646 3007 932 3070 administrationem
957 3006 1071 3084 prolata
1092 3014 1172 3068 sunt.
1218 3009 1276 3080 Qut
1290 2990 1387 3088 igitur

64 3123 79 3146 '
166 3111 266 3191 possit
287 3109 315 3171 id
341 3109 384 3170 vel
405 3109 435 3170 iu
458 3117 585 3170 mentem
607 3111 736 3172 bominis
765 3125 890 3189 prorsus
920 3105 1044 3169 venire?
1082 3107 1238 3180 Quonrodo
1266 3109 1385 3190 iuquam

102 3264 105 3270 ,
165 3210 315 3292 Sapientia
344 3209 374 3272 in
403 3209 545 3291 sapientia
571 3209 720 3290 proiecit?
757 3209 913 3283 Quomodo
943 3208 992 3288 qui
1021 3208 1084 3272 aliis
1113 3209 1162 3272 dat
1188 3211 1309 3290 gratiam
1332 3213 1387 3288 (uti

165 3314 274 3378 Paulos
294 3315 358 3376 suis
380 3313 411 3376 in
433 3312 570 3376 omnibus
594 3313 729 3394 epistolis
752 3312 833 3374 bisce
855 3310 952 3374 verbis
974 3311 1120 3391 agnoscit:
1145 3311 1252 3376 Gratia
1267 3315 1390 3378 Damnioi

165 3419 269 3479 nostri
294 3415 364 3478 lesu
395 3417 510 3481 Christi
536 3420 577 3479 cit
606 3435 672 3478 cum
695 3415 831 3478 omnibus
853 3414 960 3491 vobis),
988 3413 1053 3494 ipse
1074 3415 1104 3476 in
1125 3413 1217 3493 gratia
1238 3415 1386 3495 proiecit?

166 3516 218 3578 Vel
240 3517 316 3578 enim
339 3518 511 3598 Apostolum
534 3517 651 3580 mentiri
673 3517 868 3590 contendant,
898 3517 943 3578 rel
964 3515 1069 3580 Filium
1091 3535 1151 3580 oon
1175 3534 1243 3579 esse
1264 3519 1386 3598 sapien-

165 3619 237 3680 tiam
265 3619 391 3682 audeant
418 3622 575 3682 affirmare.
626 3621 676 3682 Vel
706 3621 732 3682 si
760 3629 807 3684 est
835 3618 994 3701 sapientia,
1024 3630 1057 3683 ut
1084 3619 1157 3682 dixit
1189 3617 1329 3682 Salomon
1358 3629 1388 3684 ει

201 3841 217 3890 l.
236 3840 291 3890 Vide
309 3854 383 3902 supra
401 3855 456 3902 pag.
474 3837 523 3888 bdb
543 3835 611 3904 [paq.
626 3839 683 3892 538.
703 3841 751 3892 bai.
803 3848 904 3904 uterque
922 3840 978 3900 lies.
996 3837 1178 3900 signantium.
1189 3841 1286 3892 Gabler.
1302 3842 1387 3894 Falci-

168 3907 207 3958 ed.
225 3923 262 3958 nr.
281 3907 313 3956 ³5
332 3902 390 3971 sq.].
804 3907 883 3984 manni
895 3907 925 3984 Ιι.
944 3914 967 3984 et
985 3905 1008 3954 ὃ,
1026 3903 1113 3982 adopt
1131 3898 1164 3992 ni¹
1176 3901 1313 3974 δυνάμεις.
1341 3911 1387 3962 ilii

167 3971 564 4108 ait.ittialielillil
579 3971 751 4117 {iiiiii}
803 3967 1306 4111 ‘¹iiiiii.bittinum.
1341 4047 1386 4099 arn

167 4111 219 4162 lior
245 4109 300 4170 iles.
322 4105 342 4156 l.
369 4115 392 4156 ει
409 4107 508 4168 Sequar.
526 4101 572 4154 καὶ
588 4105 655 4155 θεοῦ
673 4102 751 4156 dora·
801 4114 825 4157 et
843 4107 898 4158 editi
917 4103 1051 4173 παρέχων.
1087 4109 1389 4177 uniuersumque.

165 4191 245 4246 pstor.
280 4174 324 4226 atti
342 4181 365 4225 et
384 4175 440 4224 edati
458 4173 660 4256 omittunt'deoi.
801 4169 852 4236 τὴν
875 4165 1053 4242 ἀνθρωπίνην
1071 4167 1154 4227 αὐτοῦ
1171 4175 1286 4244 γένεσιν.
1324 4183 1385 4235 Editi

203 4247 225 4296 ia.
245 4245 300 4306 neq.
321 4244 342 4293 ι.
366 4249 390 4292 et
407 4243 546 4304 Segouiam
565 4243 604 4292 br
620 4235 702 4297 εἴτις
719 4235 755 4298 ὥς
805 4253 828 4294 ει
854 4245 893 4294 alii
920 4241 953 4312 τῇ
978 4235 1139 4314 ἀνθρωπίνῃ
1164 4245 1268 4314 γενέσει
1293 4241 1386 4301 αὐτοῦ.

168 4305 265 4364 ἀκτῖνα
280 4309 427 4378 μετασχεῖν
443 4323 501 4364 πως
518 4303 638 4360 δύναιτο.
677 4314 753 4364 italii
805 4313 863 4363 ibid.
884 4313 938 4375 iles.
953 4313 973 4363 l.
992 4316 1091 4378 Sequor.
1110 4317 1181 4370 besil.
1201 4329 1224 4368 ει
1241 4319 1345 4370 Felekm.
1364 4321 1389 4370 b.

165 4391 193 4432 ει
210 4383 267 4432 editi
284 4361 316 4428 ab
333 4371 360 4428 al
374 4393 414 4434 τις
431 4371 468 4433 ds
484 4371 591 4435 ἀκτῖνες
607 4381 753 4448 μετασχεῖν
802 4375 878 4448 παρὰ
896 4379 1052 4436 τεῠΛοεεᾶ.
1085 4383 1131 4436 dlii
1149 4394 1173 4437 et
1190 4387 1247 4438 editi
1263 4381 1339 4454 παρὰ
1350 4386 1388 4452 τῷ

168 4441 285 4498 δύναταί
300 4462 367 4505 πως,
387 4446 460 4514 aliqui
477 4462 536 4503 nuc
553 4443 674 4502 δύναται.
802 4449 901 4514 Added.

202 4519 217 4568 i.
235 4519 275 4567 Sic
292 4517 347 4578 llefl.
361 4518 383 4568 ι.
401 4518 501 4580 Sequar.
520 4520 581 4570 anl
608 4527 631 4568 et
646 4519 751 4570 relatu.
836 4519 852 4568 l.
870 4521 910 4571 Sic
928 4521 984 4583 Rog.
998 4520 1019 4571 ι.
1037 4521 1136 4585 Sequar.
1155 4521 1225 4572 Gobl.
1245 4531 1269 4573 ει
1283 4523 1388 4574 setun.

171 4584 194 4634 ι.
228 4585 256 4633 tt
273 4586 296 4634 in
316 4587 371 4649 lleg.
387 4584 410 4636 2.
429 4579 559 4636 deestaeoi
577 4579 747 4653 ἂρχάγγελοε.
806 4587 828 4636 ι.
863 4586 941 4639 Ceteri
960 4599 982 4638 ει
1003 4588 1059 4638 editi
1084 4582 1098 4636 i
1123 4581 1212 4644 ducac
1235 4583 1285 4649 τὴν
1302 4582 1389 4656 χάριν

169 4651 248 4703 Ceteri
271 4653 328 4704 item
352 4662 375 4705 ει
397 4653 454 4704 editi
476 4648 524 4702 κεί
545 4657 663 4706 omittunt.
699 4655 751 4706 llos
801 4645 909 4709 driade·
928 4648 942 4704 d
959 4649 1015 4723 γὰρ
1034 4651 1139 4710 Παῦλος
1156 4663 1201 4708 ειε.
