3162 5308
376 404 381 412 ·
493 383 638 426 EPISTOLA
653 383 673 427 1.
688 384 725 426 ΑΒ
741 381 937 426 usuariam.
1231 389 1233 394 '
1253 369 1314 434 689
1403 363 1405 368 V

36 539 103 600 Ec
136 555 272 598 rursus:
299 534 432 610 Quooto,
451 539 579 616 putatis,
604 534 750 597 deteriori
769 535 926 615 officietur
948 534 1112 615 supplicio,
1135 537 1187 616 pui
1207 533 1400 600 atauus-aa.

44 641 139 702 Des·
169 636 395 700 conculcaverit
417 646 446 698 ct
468 640 644 717 torpuissent
666 640 837 698 testamenti
852 617 1006 714 pbllutuas
1028 637 1165 707 luaeu't,
1194 641 1227 699 iu
1258 655 1316 718 pua

47 739 301 820 sanctificatus
323 749 375 808 est,
399 749 427 800 ct
448 736 583 818 Spiritui
601 741 720 816 pratiac
735 735 945 798 coutumeliam
965 735 1100 816 feurit?
1142 735 1178 797 Et
1192 737 1316 800 iterum:

49 843 106 906 Si
135 845 230 903 euim
252 843 376 918 saupuis
398 849 562 902 laurentus
584 850 612 901 ct
634 838 790 899 bircaruus
811 848 840 898 et
863 841 938 899 cissis
962 837 1075 900 vitulae
1103 855 1246 918 aspersus
1268 844 1318 901 iss-

51 946 234 1027 quinales
257 939 429 1020 sanctificat
456 941 496 1002 orl
517 940 756 1003 emuaaoaosem
779 942 897 1010 caruis,
933 950 1045 1020 pusato
1074 943 1167 1019 mapis
1195 945 1319 1020 sareptis

57 1045 218 1114 Cleristi,
242 1045 294 1124 qui
309 1059 368 1121 per
389 1039 540 1121 Spiritum
562 1045 776 1120 sempiternum
799 1045 988 1120 semetipsum
1014 1041 1123 1105 obtulit
1144 1041 1319 1104 shsmacula-

57 1160 148 1210 tum
178 1144 254 1215 Dea,
277 1143 448 1206 spumabit
470 1146 681 1208 conscientiam
703 1153 843 1205 nostram
864 1141 901 1204 ab
924 1143 1064 1222 operibus
1085 1139 1242 1206 mortuis?
1283 1143 1321 1204 Et

59 1249 109 1310 acl
141 1244 455 1307 Thessalonicenses:
477 1245 516 1306 Et
538 1255 610 1307 tussa
632 1243 818 1309 revelabitur
839 1243 892 1306 ille
912 1247 1044 1326 iaipuus,
1067 1263 1151 1325 puero
1165 1244 1320 1330 ¹lloruiuus

61 1351 180 1414 lesus
205 1347 366 1428 interficiet
387 1345 508 1428 Spiritu
530 1350 594 1409 aris
616 1349 667 1409 rui
687 1357 715 1410 et
737 1347 873 1409 desirati
887 1347 1019 1409 adveatu
1031 1351 1222 1427 praesentiae
1236 1365 1319 1409 suae.

175 1757 211 1817 7.
255 1751 331 1813 Ecce
354 1769 412 1829 quo
442 1759 528 1832 pacto
553 1751 680 1831 Spiritus
702 1761 823 1814 amatus
845 1770 899 1833 psr
921 1771 1024 1815 omnes
1047 1751 1161 1815 hainae
1183 1751 1317 1832 Scriptu-

63 1861 131 1920 ras
159 1853 292 1934 paginas
315 1851 469 1914 indicatur.
514 1853 592 1927 Quid
615 1873 685 1934 ergo
707 1873 761 1916 ros
783 1855 831 1916 his
854 1854 950 1916 simile
973 1854 1003 1915 in
1018 1853 1166 1933 Propheta
1185 1853 1318 1916 animad-

65 1953 253 2022 vertistis?
295 1953 356 2015 Nec
384 1955 462 2016 enim
490 1955 535 2017 vel
566 1954 653 2017 etiam
682 1957 837 2019 uhculmn
866 1955 1035 2018 adiunctum
1063 1956 1152 2018 hahet
1181 1967 1317 2037 speratus,

67 2064 114 2124 de
142 2073 214 2138 quo
237 2055 285 2118 ifle
306 2055 448 2136 loquitur,
472 2065 504 2118 ut
525 2057 630 2119 saltem
652 2058 748 2138 aliqua
770 2059 855 2120 robis
876 2058 953 2120 ratio
972 2059 1121 2122 subesset.
1165 2058 1225 2120 Vos
1247 2075 1318 2120 sero

68 2177 251 2244 perperam
278 2157 364 2220 vohis
393 2157 476 2240 ipsis'
496 2167 601 2240 tropos
623 2160 735 2241 fingere
756 2160 888 2236 audetis,
918 2179 973 2224 nee
1000 2160 1142 2224 veremini
1172 2179 1317 2236 asserere,

71 2267 251 2346 spirituus,
273 2261 322 2340 qui
345 2262 439 2324 creari
462 2261 578 2336 dicitur,
601 2263 700 2344 ipsum
723 2281 792 2324 csse
815 2260 958 2342 Spiritum
981 2272 1124 2338 sanctum,
1147 2263 1280 2342 quamuis
1302 2281 1319 2325 a

71 2363 199 2447 peritis
220 2363 292 2425 siris
315 2363 473 2444 spirituum
495 2364 691 2426 billerentians
709 2365 795 2426 vohis
810 2364 925 2428 discere
939 2364 1050 2428 liceret.
1094 2365 1166 2426 Nara
1182 2371 1212 2427 et
1226 2364 1319 2443 ipsius

74 2483 213 2546 quoque
235 2465 365 2527 hominis
388 2466 513 2546 spiritus
535 2465 652 2540 dieitur,
674 2465 716 2528 uti
739 2467 816 2529 canit
829 2467 936 2529 liarirl:
961 2467 1054 2530 Nocte
1070 2485 1137 2530 cum
1151 2465 1240 2528 carole
1253 2479 1318 2528 asco

79 2565 275 2636 meditabor,
299 2578 326 2628 et
349 2571 448 2630 tristis
472 2579 538 2630 erat
560 2572 687 2649 spiritus
709 2587 802 2632 meus.
844 2569 958 2632 Barueh
980 2569 1053 2631 item'
1072 2567 1119 2630 his
1134 2565 1231 2630 verbis
1246 2585 1318 2648 prs-

79 2673 194 2728 catur:
224 2669 328 2728 Anima
356 2671 388 2730 iu
416 2674 564 2749 napustiis
594 2682 624 2734 et
652 2675 780 2752 spiritus
809 2677 920 2736 ausim
951 2670 1061 2733 clamat
1088 2671 1127 2732 orl
1148 2679 1185 2732 tc.
1228 2667 1265 2730 lit
1286 2669 1318 2730 in

82 2765 207 2847 hymno
231 2765 319 2827 trium
339 2785 516 2846 puerorum:
545 2771 711 2836 benedicite
740 2777 869 2854 spiritus
891 2785 920 2835 et
942 2776 1059 2834 normas
1078 2774 1233 2833 iustorum
1253 2769 1318 2830 lla-

80 2872 186 2930 misso.
235 2865 277 2928 lta
298 2868 385 2930 etiam
408 2870 511 2932 scribit
532 2871 708 2953 Apostolus:
740 2875 809 2956 lpse
832 2875 967 2954 Spiritus
1000 2874 1200 2934 testimoniare
1221 2870 1320 2933 resilit

82 2971 227 3051 spiritui
245 2981 368 3043 nostro,
400 2973 479 3052 puori
505 2993 608 3038 sumus
630 2976 692 3057 filis·
711 2975 777 3038 liei.
821 2975 857 3037 Si
882 2983 982 3036 outcrs
1008 2971 1080 3053 filii,
1109 2983 1138 3035 et
1166 2973 1318 3034 Macies.

83 3072 125 3133 Et
150 3085 280 3132 rursus:
309 3069 403 3134 Neruo
429 3077 486 3134 scit
507 3093 580 3154 puae
602 3086 678 3162 suut,
697 3076 839 3145 bominis,
868 3079 931 3138 oiri
951 3078 1079 3155 spiritus
1102 3073 1245 3146 bomaits's,
1268 3076 1322 3154 psa·

86 3177 122 3235 iu
146 3175 220 3253 ipso
242 3181 296 3233 est.
340 3171 378 3233 lit
399 3171 532 3253 Epistola
553 3175 588 3236 ad
611 3175 891 3237 Thessalonicenses
919 3175 992 3238 haec
1011 3181 1164 3256 precatur:
1197 3175 1318 3254 latepcr
1365 3173 1368 3180 '

87 3277 228 3356 spiritus
257 3285 357 3336 aester
385 3285 415 3336 et
442 3279 543 3336 corma
570 3289 599 3340 et
628 3295 741 3359 eorpus
762 3280 827 3339 siue
847 3277 969 3359 querela
991 3281 1023 3340 ia
1045 3278 1176 3340 alomtu
1197 3277 1321 3340 llomiai

85 3379 198 3438 nostri
217 3373 289 3436 lesa
314 3375 430 3438 Christi
447 3388 598 3441 seruetur.
642 3377 755 3440 Dicitur
776 3377 864 3440 etiam
886 3387 1041 3442 centorum
1064 3379 1200 3460 spiritus,
1229 3377 1316 3440 siculi

87 3521 192 3608 allegor
203 3517 242 3608 'lv
259 3525 298 3604 rai
313 3543 333 3608 ειι
351 3521 423 3608 λόγῳ
441 3525 498 3608 scis:
514 3519 678 3589 taxarunt»-
730 3533 793 3596 opud
809 3532 904 3582 latinas
927 3533 961 3584 sic
984 3539 1059 3582 restat
1082 3534 1118 3583 bic
1136 3533 1200 3582 locus
1217 3534 1243 3580 iu
1260 3547 1315 3582 coa—

87 3593 299 3662 allastasnapa
318 3595 454 3661 Ρωμαιοις
466 3609 537 3644 ουτω
548 3597 634 3656 selam
646 3592 677 3646 rb
729 3607 794 3650 testu
824 3601 914 3650 lisinae
941 3601 1081 3666 Scripturas.
1124 3602 1218 3650 Attente
1244 3613 1313 3663 porro

87 3658 174 3746 Quill
196 3657 292 3741 ἕνηῐῷ
316 3653 381 3742 ὕφει
399 3662 445 3724 τῆς
461 3663 539 3718 θείας
554 3665 675 3733 γραφῆς.
728 3669 992 3732 mapuuasltlsaoasissm
1009 3671 1069 3720 bunc
1086 3666 1315 3720 tauutouttestue

4 3769 7 3779 c
91 3747 143 3798 apa
172 3725 201 3780 δὲ
230 3743 276 3777 οτι
302 3743 347 3778 uas
364 3723 407 3796 ἐφ’
428 3722 512 3780 abacis
531 3731 578 3782 rosi
597 3727 615 3782 b
635 3731 677 3782 iau
730 3737 757 3786 cic
775 3739 824 3800 ipsa
843 3744 922 3786 soucta
941 3737 1043 3800 Spiritu,
1068 3751 1115 3784 uon
1132 3741 1207 3785 autem
1224 3733 1253 3784 bc
1270 3734 1316 3784 ali·

87 3793 248 3875 proscripserat²
257 3791 289 3876 rip
299 3791 381 3876 (ipris
394 3791 408 3845 b
420 3793 506 3865 μέγας
519 3799 678 3854 Aruacos
730 3819 774 3867 pso
793 3804 892 3852 aliorsus
910 3805 1039 3866 spirituum.

87 3863 209 3924 ἐδέξατο,
231 3861 282 3912 αλλ
302 3877 349 3912 aust
367 3857 412 3913 lrtl
427 3879 501 3918 τινος
517 3865 573 3915 τῶν
590 3859 678 3916 ἄλλων
764 3885 785 3918 c.
803 3871 843 3919 Sre
861 3869 936 3930 liegii.
955 3869 1035 3918 ottob.
1055 3875 1078 3916 et
1090 3867 1189 3930 Segusa.
1223 3865 1315 3918 ibidem

90 3927 266 4001 πνευμάτων.
302 3932 360 3981 Nota
385 3935 443 3982 burc
466 3933 541 3983 laeuos
564 3937 597 3984 ita
619 3951 680 3985 uuae
731 3935 829 3986 Gohler.
854 3942 876 3983 ct
901 3933 1003 3983 Felclrn.
1026 3935 1049 3983 l.
1074 3935 1132 3982 hsce
1149 3931 1218 3982 rcrhs
1236 3925 1315 3998 stapsi

91 4019 137 4054 ooo
156 4009 251 4052 castore
266 3999 474 4063 apulApostsluru,
493 4002 543 4060 ssd,
563 4000 679 4051 Dominus
701 4015 705 4024 ¹
731 4001 779 4048 rosi
802 3993 949 4067 προφήτου
967 3993 1113 4067 λεγόμενον
1129 3998 1179 4048 νῦν
1196 4003 1314 4052 omittant.

91 4070 219 4120 interficiet
239 4065 330 4130 Spiritu
356 4065 407 4114 aris
429 4065 475 4113 sni.
515 4065 605 4116 Videtur
626 4082 680 4118 cero
731 4067 808 4117 lliict
828 4067 883 4116 editi
902 4059 951 4114 aba
969 4059 1003 4114 ἂν
1020 4061 1051 4115 sl
1070 4059 1179 4134 ἄρθρον
1194 4060 1250 4136 iyp.

95 4141 137 4188 lsss
154 4152 232 4198 uoces,
257 4135 323 4183 lesos
342 4133 465 4192 Christus,
483 4135 561 4183 ucecia
579 4149 625 4199 qua
641 4149 682 4184 ra·
766 4135 788 4184 d.
813 4133 870 4197 lica.
891 4135 911 4184 l.
935 4127 965 4184 lu
983 4133 1021 4201 cpi
1037 4129 1138 4196 Δανιὴλ
1153 4131 1185 4202 pt
1204 4149 1314 4204 pausas.

96 4208 164 4267 tiaue,
184 4207 212 4256 ab
230 4203 350 4266 aliquibus
366 4203 533 4252 selectoresss.
562 4203 682 4258 Ouolas·
732 4202 803 4254 Gabi.
828 4211 851 4252 et
869 4202 971 4253 lielclra.
993 4205 1014 4254 l.
1033 4198 1078 4253 καὶ
1094 4151 1204 4264 Acutri
1240 4205 1314 4254 libem

97 4281 139 4322 teus
161 4275 194 4324 ita
217 4273 249 4323 cb
270 4271 337 4319 initio
355 4271 472 4334 scripserit
488 4269 622 4334 Apostolus,
642 4286 681 4318 ar-
731 4285 787 4320 max
804 4262 818 4317 b
837 4263 866 4320 δὲ
884 4261 1046 4325 laborabat·
1066 4264 1187 4324 orlatele.
1223 4271 1314 4322 lhidens
1363 4331 1368 4342 ²

100 4349 199 4402 pomula
226 4345 281 4391 suut
303 4344 350 4388 turs
373 4353 431 4402 pose
447 4339 485 4387 lie
502 4353 516 4387 a
533 4345 611 4388 stacte
635 4339 681 4388 isto
732 4339 797 4400 nepti
815 4345 839 4388 ct
855 4339 994 4402 Segaeriso.
1013 4342 1109 4394 Goblcr.
1128 4351 1154 4398 et
1169 4339 1271 4390 rctcsm.
1292 4338 1314 4388 l.

101 4407 230 4460 Patrssuot
248 4409 318 4468 licto,
337 4407 462 4470 turaquad
479 4407 630 4457 basclorum
647 4407 681 4456 si-
731 4396 798 4454 sict
824 4399 856 4454 rb
880 4406 994 4476 ascopa.
1039 4410 1118 4462 Ceteri
1147 4416 1171 4459 ct
1196 4407 1253 4456 saliti
1281 4399 1313 4454 tl

103 4475 182 4524 milles
208 4481 327 4541 properaret
352 4476 418 4524 bitus
447 4475 620 4536 Gbrpsostaraus
654 4475 680 4523 iss
731 4475 849 4525 anittaot.

106 4537 173 4600 Epist.
196 4545 225 4593 ab
244 4543 463 4605 Thessalonicenses,
483 4549 505 4594 et
521 4557 617 4606 mapssu
634 4541 679 4592 Bt·
765 4557 785 4592 c.
804 4543 844 4594 Sic
861 4543 917 4608 licp.
933 4543 955 4592 l.
974 4543 1072 4606 Segasa.
1090 4552 1115 4595 ct
1132 4540 1312 4594 GraccusScri·

106 4605 171 4654 silius
187 4610 241 4659 libra
257 4611 500 4674 primalsceticoruss.
520 4611 599 4662 lerum
610 4611 680 4662 maus
729 4617 815 4674 ptarse
832 4617 909 4662 tostas
928 4613 953 4664 in
971 4613 1082 4662 omnibns
1100 4607 1223 4660 uss.sols.
1235 4607 1310 4656 oxon.

144 4690 260 4737 sumansu
272 4705 323 4740 arr.
334 4706 403 4740 noas.
419 4707 466 4740 ssa.
1078 4693 1113 4744 ¹¹4
