3094 5318
469 357 615 412 rrrsrou
628 358 666 402 rr.
682 357 719 400 so
735 357 929 402 susurrores.
1242 344 1303 408 793

66 516 211 580 luditur.
255 511 379 574 Etcum
401 508 539 572 dixisset:
562 508 600 572 Si
618 519 717 572 oeteo
739 527 790 589 epo
811 514 849 572 io
867 507 986 590 Spiritu
1001 508 1059 572 ssei
1078 513 1162 574 eiicio
1185 512 1388 575 doetus-enos.

65 621 146 688 rein,
169 618 263 695 ipitrtr
282 615 424 694 peruenit
444 615 477 674 ire
498 629 554 674 uos
576 629 702 692 reprenso
723 610 788 682 Dei,
811 609 918 672 deinde
940 609 1045 672 iuiert:
1071 611 1141 675 ideo
1163 613 1227 676 dieo
1249 631 1306 676 oo-
1427 601 1431 609 ’

66 720 146 782 bis:
172 716 266 779 Omne
284 723 441 795 peccorum
462 723 491 774 et
513 712 697 792 dlcspdemiu
718 717 892 776 remittetur
913 711 1102 788 dominibus,
1124 714 1307 795 blasphemio

67 828 186 882 auteur
213 821 246 878 ire
273 814 425 896 Spiritum
453 831 515 876 uon
543 815 725 876 remittetur.
770 811 809 876 iit
836 815 1009 893 quicumque
1038 814 1150 876 dicerit
1182 815 1306 879 Verium
1404 871 1407 878 ,

67 929 195 983 contro
216 915 326 980 Filium
349 915 493 987 dominis,
516 917 752 984 remitteturei,
775 918 829 994 qui
848 924 947 976 cotem
969 916 1083 976 dinerit
1106 926 1213 977 ceretro
1234 915 1306 997 Spi-

67 1026 180 1084 ritsurr
202 1027 349 1089 eructuet,
372 1034 435 1080 sort
457 999 627 1080 recisorum·
649 1019 678 1078 ei
695 1031 789 1096 erepte
811 1019 843 1078 iu
866 1015 920 1078 doe
941 1015 1061 1080 soeculo
1083 1035 1178 1098 oeque
1197 1021 1230 1078 ie
1250 1019 1305 1097 [u-

68 1133 169 1185 suro.
213 1120 260 1182 Tu
281 1127 378 1182 sutem
399 1115 661 1204 percunctsbsris,
683 1133 736 1178 cur
756 1114 939 1195 blasphemis
960 1117 990 1177 in
1012 1115 1117 1178 Filium
1139 1117 1304 1194 dimittitur,

67 1221 268 1304 blasphemis
289 1229 386 1284 sutem
408 1219 439 1280 in
460 1219 603 1300 Spiritum
625 1225 759 1280 sonetum
780 1218 896 1280 reniam
924 1237 985 1280 non
1015 1217 1130 1280 obtinet
1157 1222 1303 1299 usquein

68 1325 236 1406 praesenti
258 1322 375 1386 sseerdo
397 1338 494 1402 neque
515 1321 545 1384 in
568 1317 691 1384 futuro?

170 1631 202 1692 9.
245 1627 340 1690 Prisci
362 1632 441 1688 uerte
463 1623 527 1697 riri,
551 1623 694 1702 Origenes
710 1622 930 1686 eruditissimos
945 1630 975 1686 et
988 1623 1156 1688 laboriosus
1177 1627 1306 1710 scriptor

3 1777 5 1806 ,
73 1739 111 1794 et
136 1731 350 1808 Theognostus
372 1723 561 1789 admirandus
584 1725 633 1787 ilie
654 1733 685 1787 et
704 1725 857 1788 studiosus
872 1725 963 1788 homo
986 1727 1105 1800 (horum
1121 1731 1200 1792 euim
1215 1749 1306 1812 opero

70 1830 236 1912 legebam,
266 1847 332 1892 eum
353 1827 516 1908 Epistplem
539 1827 637 1908 recepi
665 1834 773 1904 tuom),
801 1826 888 1888 ombo
917 1828 1026 1910 quippe
1053 1849 1116 1893 eum
1143 1850 1206 1894 rem
1234 1851 1305 1912 per-

2 1983 5 1995 „
74 1939 229 2005 tractent,
257 1931 340 1993 oiunt
368 1930 447 1992 ilium
469 1947 537 1992 esse
558 1929 588 1991 in
610 1928 751 2008 Spiritum
773 1937 907 1990 sunctum
928 1929 1156 2010 blasphemiam,
1185 1953 1251 1996 uum
1274 1935 1305 2008 ii,

76 2033 196 2116 quibus
217 2033 248 2094 in
270 2031 446 2113 baptismate
468 2031 578 2093 donum
600 2030 729 2111 Spiritus
751 2031 844 2092 suncti
865 2029 1019 2107 tribuitur,
1052 2032 1088 2094 sd
1115 2043 1234 2113 peceato
1255 2055 1306 2098 re·
1390 2081 1393 2088 -

79 2137 200 2200 sidunt.
243 2133 373 2215 Ideoque
393 2134 461 2196 ilios
489 2131 696 2196 remissionem
718 2151 780 2194 non
808 2141 1045 2213 consequuturos
1074 2135 1171 2209 siunt,
1201 2153 1307 2217 quem-

79 2238 247 2302 admodum
270 2245 300 2299 et
320 2236 428 2299 Paulus
450 2236 480 2306 in
502 2234 635 2314 Epistola
656 2233 693 2296 nd
715 2233 867 2296 Hebraeos
890 2234 944 2296 ait:
967 2234 1156 2317 Impossibile
1170 2251 1216 2304 est
1229 2243 1308 2302 etrier

80 2359 148 2412 eos,
171 2344 224 2421 pur·
242 2338 334 2402 semel
354 2350 428 2403 suut
449 2336 631 2408 illuminati,
652 2345 853 2416 pustoueruut
875 2341 963 2398 etium
983 2338 1095 2401 donum
1116 2339 1256 2411 eoeleste,
1278 2349 1309 2402 et
1370 2352 1379 2373 ·

78 2446 251 2524 participer
272 2443 352 2521 sceti
371 2449 444 2502 suot
467 2433 728 2520 Spirr'tus‘rnueti,
741 2449 781 2508 ‚et
803 2449 1007 2517 mutaverunt
1028 2441 1138 2502 boreum
1154 2438 1213 2502 Dei
1235 2439 1309 2503 Ver·

83 2543 159 2604 bum
179 2547 364 2623 virtutesque
386 2541 501 2604 soeculi
521 2544 651 2612 uenturi,
674 2551 703 2604 et
721 2539 866 2622 prolapsi
878 2538 960 2611 suut,
982 2558 1094 2602 rursus
1109 2545 1258 2604 resonari
1269 2542 1310 2604 nd

79 2645 314 2721 poeniteutiam
363 2641 400 2703 Et
431 2641 561 2722 idipsum
590 2640 708 2720 quidem
741 2639 828 2704 umbo
857 2641 972 2714 dicunt3
1006 2640 1060 2700 sed
1087 2659 1171 2704 susm
1200 2643 1308 2722 singuli

86 2741 267 2804 sententium
290 2742 439 2805 adiiciunt

177 2947 226 3020 10.
269 2943 343 3007 Nem
365 2945 508 3026 Origenes
530 2946 649 3026 quidem
676 2961 795 3008 eausam
822 2941 923 3005 iudicii
952 2950 1053 3004 eontm
1082 2943 1229 3008 eiusmodi
1249 2923 1341 3009 ho·'

85 3045 186 3108 mines
207 3043 258 3108 leti
279 3045 325 3107 sie
346 3045 484 3126 explicet:
514 3047 613 3121 „Deus
642 3055 672 3108 et
692 3044 779 3106 Puter
807 3042 836 3105 in
866 3044 963 3106 omnio
991 3054 1127 3124 penetret
1153 3055 1184 3108 et
1210 3050 1309 3121 omniu

86 3147 266 3222 ‚,contioet,
288 3146 414 3209 nuimms
436 3158 465 3210 et
486 3149 654 3219 inanimata,
676 3145 829 3209 rationalis
852 3154 882 3207 et
902 3145 1098 3221 irrationalis;
1123 3147 1190 3211 Filii
1211 3161 1309 3216 autem

87 3255 253 3330 „potestas
275 3249 312 3311 od
334 3249 398 3311 sols
419 3249 572 3312 rationulis
594 3267 663 3312 sese
684 3247 831 3330 exteudit,
861 3248 1018 3328 inquibus
1040 3249 1230 3314 conducetur
1251 3253 1308 3316 Co-

88 3351 287 3443 „techumeoi
309 3360 339 3412 et
358 3351 491 3426 Ethniei,
522 3352 570 3432 qui
600 3352 732 3414 nondum
753 3349 950 3412 crediderunt
994 3350 1122 3432 Spiritus
1143 3371 1215 3416 vero
1237 3373 1308 3418 sen-

86 3461 183 3530 „otus
211 3453 243 3516 in
264 3453 302 3515 iis
318 3453 397 3516 'solis
421 3462 484 3528 ost,
513 3455 562 3534 qui
590 3454 637 3516 sui
664 3450 823 3534 participes
845 3451 943 3514 effecti
969 3462 1039 3516 sunt
1067 3453 1099 3516 in
1119 3454 1308 3536 Baptismstis

87 3555 282 3632 „consume
327 3554 401 3644 ¹Cum
429 3555 519 3635 igitur
540 3554 747 3635 Gstechumeni
777 3561 807 3616 et
834 3550 951 3616 Ethnici
979 3566 1118 3636 peccunt,
1151 3557 1181 3620 in
1203 3559 1307 3622 Filium
1317 3579 1392 3624 enos.

87 3665 255 3740 „peceant
278 3657 417 3736 quonism
439 3657 466 3718 is
487 3663 534 3720 est
554 3656 585 3719 in
606 3657 681 3733 illis,
711 3665 744 3719 ut
765 3655 874 3719 dictum
896 3663 958 3731 eet;
985 3668 1116 3737 possunt
1135 3669 1234 3724 tomen
1254 3680 1307 3725 ve-

89 3761 198 3836 „niem
219 3758 379 3836 consequi,
407 3757 459 3820 nbi
486 3759 653 3838 receperint
678 3758 791 3820 donum
820 3758 1063 3836 regenerationis.
1108 3761 1180 3826 Cum
1211 3752 1309 3826 sutem

124 3913 148 3962 d.
168 3911 208 3961 Sic
232 3909 289 3973 lieg.
314 3911 413 3970 Segoer.
439 3909 511 3958 lissii.
536 3908 632 3960 Gobier.
651 3917 675 3959 et
722 3920 811 3973 yones
847 3909 872 3958 in
897 3909 968 3958 desii.
993 3911 1052 3960 haee
1075 3911 1162 3962 desunt
1184 3929 1261 3978 usqne
1279 3917 1309 3967 sd

90 3979 195 4030 Feickm.
215 3978 237 4026 t.
280 3975 342 4026 Editi
368 3989 425 4026 vero
450 3963 675 4035 remissorium
724 3990 806 4026 rocem
825 3969 958 4026 διάνοιαν.
993 3977 1308 4042 irrumperentur.

90 4041 142 4108 τὴν
159 4037 196 4098 εἷς
214 4037 244 4091 τὸ
261 4041 367 4109 πνεῦμα
385 4035 416 4092 τὸ
432 4031 520 4108 dyest.
725 4037 856 4120 dpeyfrus
873 4057 926 4093 eum
941 4043 1025 4095 denso.
1054 4047 1128 4098 Penio
1138 4051 1310 4115 pustinBusii.

126 4129 147 4162 e.
168 4113 223 4174 nep.
250 4111 346 4173 Sepuer.
372 4111 468 4163 Gobier.
487 4117 511 4160 et
529 4108 632 4159 Feieirm.
651 4109 673 4159 1.
724 4123 858 4158 roeourorr
878 4111 953 4162 deest

91 4174 233 4242 triedrico
250 4173 361 4245 δωρεᾶς.
396 4179 423 4228 io
441 4179 495 4228 siiis
512 4171 673 4240 deioesdeest.
759 4180 782 4227 ir.
804 4179 858 4242 ling.
882 4181 981 4242 Sepuer.
1001 4180 1097 4233 uenter.
1121 4192 1145 4235 ot
1161 4185 1265 4237 deickm.
1286 4187 1307 4235 t.

92 4250 143 4300 Ιαε
167 4248 223 4310 Rep.
247 4254 270 4297 et
292 4249 393 4310 Segoer.
416 4237 675 4326 ααλινδραμεὶσωαιν
725 4239 818 4307 διήκει.
855 4247 917 4298 Editi
934 4238 999 4307 ἥκει.

94 4333 138 4368 ons
156 4331 227 4375 voce,
246 4317 334 4366 rectius
351 4329 423 4380 qoem
442 4315 498 4366 editi
514 4311 596 4364 maier
613 4310 675 4382 δρο-
760 4319 776 4365 i.
799 4315 855 4380 fleg.
879 4325 902 4367 et
920 4317 1019 4378 Sepuer.
1041 4314 1306 4386 μεταλαμβάνοντας.

92 4377 226 4451 Moneo.
725 4383 770 4434 Alii
789 4393 812 4434 et
830 4383 886 4436 editi
955 4377 1114 4448 αλαρόνεαε.

126 4455 143 4503 t.
156 4453 262 4524 'Sipiiep¹
275 4451 394 4514 etSegu.;
411 4445 459 4500 καί
470 4452 675 4504 deeretineditis.
759 4451 873 4502 hflsee
915 4465 966 4502 ταν
988 4453 1180 4512 serationem
1205 4451 1310 4526 δωρεᾶς

127 4535 148 4582 ς.
167 4521 201 4571 ite
220 4521 276 4584 dep.
293 4521 392 4582 Segner.
416 4529 440 4571 et
456 4521 546 4582 ungue
582 4525 609 4571 tt
626 4523 676 4572 Go-
727 4517 775 4580 tric
790 4515 997 4586 παλιγγενεσίας
1019 4524 1106 4574 desunt
1128 4526 1151 4574 in
1170 4527 1266 4576 Gobiee.
1285 4535 1309 4576 et

95 4585 153 4636 bier.
171 4596 195 4638 et
212 4589 315 4640 ieieiro.
334 4589 356 4640 l.
373 4587 460 4640 ταῦτα
475 4582 529 4655 μὲν
544 4586 621 4656 κοινῇ
637 4584 677 4640 λέ-
725 4589 831 4640 iisiekn.
852 4591 873 4639 t.
908 4591 974 4641 inire
990 4591 1062 4655 iidem
1080 4583 1292 4661 ἁμαρτάνουσα.
1353 4641 1356 4648 ,
