3226 5280
214 382 274 445 100
565 391 570 398 ·
611 388 637 436 ε.
653 391 808 436 numm
823 388 1048 438 incnmmscom

123 529 326 617 ο.νιε.·’σύτος
352 533 371 604 ὅ
399 535 469 615 υίὸς
490 539 550 604 τοῦ
572 540 658 606 θεοῦ
681 534 752 605 ἔστι
772 541 827 604 καὶ
850 532 908 605 οῦκ
930 537 1001 604 ἔστι
1022 539 1089 604 τῶν
1111 537 1309 622 κτισμάτων.
1356 539 1445 626 φασδ

213 646 321 708 τὀίνυν
350 637 384 706 έν
413 637 575 726 ἐπιστολῇ
603 637 661 705 τὸν
689 645 871 724 μακαρίτην
893 637 1074 706 Διονύσιον
1103 639 1281 726 είρηκέναι,
1309 648 1442 728 ποίημα

212 741 266 808 καλ
294 735 427 826 γενητὸν
456 733 542 808 εἶναι
562 738 621 805 τὸν
643 737 715 806 υίὸν
736 743 796 806 τοῦ
818 743 920 819 θεοῦ,
948 738 1030 826 μήτε
1053 740 1089 808 δέ
1112 739 1213 827 φύσει
1234 737 1332 820 λδιον,
1356 737 1443 809 ἀλλὰ
1484 729 1491 734 ’

212 843 303 922 ξένον
323 835 392 907 κατ’
418 833 534 907 ούσίαν
557 835 657 907 αὐτὸν
680 835 764 908 εἶναι
785 844 846 906 τοῦ
867 839 1002 926 πατρός,
1028 837 1138 928 ὥςπερ
1162 841 1251 908 ἐστὶν
1266 837 1285 907 ὃ
1299 842 1443 929 γεωργὸς

205 942 298 1029 ’πρὸς
325 941 383 1030 τὴν
411 939 562 1027 άμπελσν
588 944 643 1008 καὶ
666 937 690 1007 δ’
706 942 872 1028 ναυπηγὸς
894 940 979 1028 πρὸς
1001 940 1039 1007 τὸ
1062 941 1207 1029 σκάφος·
1236 942 1374 1029 καὶγὰρ
1398 939 1444 1023 ὦς

212 1050 343 1132 ποίημα
371 1037 417 1110 ὢν
440 1038 498 1111 οῦκ
518 1033 558 1132 ἦν
581 1045 661 1130 πρὶν
683 1049 824 1130 γένηται.
868 1045 941 1110 Ι’ναὶ
964 1045 1116 1130 ἔγραψεν,
1141 1039 1365 1130 ὁμολογοῦμεν
1386 1047 1443 1112 καί

159 1225 171 1234 μ
211 1141 307 1232 ἡμεῖς
323 1137 414 1210 ἐἶναι
434 1143 589 1230 τοιαύτην
605 1143 783 1212 έπιστολίν
799 1141 916 1210 αύτοῦ·
939 1139 1008 1211 ἀλλ’
1026 1139 1135 1231 ὥςπερ
1151 1143 1270 1232 ταύτην
1287 1146 1441 1232 ἔγραψεν,

214 1239 319 1323 οῦτως
344 1245 399 1311 καὶ
428 1244 541 1331 έτέρας
568 1246 736 1336 πλείστας,
750 1243 930 1323 ἐπιστολὰς
953 1245 1092 1332 έγραψε,
1120 1247 1174 1312 καὶ
1198 1245 1265 1314 έδει
1285 1245 1342 1314 καὶ
1362 1246 1443 1314 ταύ-

214 1371 288 1425 ταις
311 1345 453 1428 έντυχείν
475 1343 611 1427 αύτούς,
640 1347 696 1414 ἵνα
719 1347 753 1414 έκ
775 1349 896 1416 πασῶν
917 1349 973 1414 καὶ
994 1345 1039 1433 μὴ
1060 1347 1162 1436 μόνης
1184 1346 1219 1414 ἐκ
1239 1351 1298 1434 τῆς
1318 1343 1443 1438 μιᾶςῆ

217 1454 333 1524 πίστις
354 1448 490 1535 *δειχθῇ
520 1449 579 1512 τοῦ
608 1437 742 1535 άνδρύς·
771 1445 909 1533 καὶγὰρ
932 1449 986 1514 καὶ
1009 1451 1177 1534 ναυπηγοῦ
1200 1447 1328 1528 πολλάς
1348 1451 1442 1537 τριή·

215 1572 284 1633 ρεις
312 1547 616 1627 κατασκευάσαντος
638 1544 696 1615 ούκ
712 1548 752 1632 ,ίκ
772 1551 853 1631 μιᾶς
876 1543 945 1614 ἀλλ’
970 1548 1004 1616 ἐκ
1025 1553 1145 1616 πασῶν
1166 1546 1186 1636 ἦ
1208 1549 1325 1616 τούτου
1347 1557 1444 1640 τέχνη

214 1643 368 1733 κρίνεται.
414 1650 457 1722 είΙ
471 1651 531 1734 μὲν
560 1639 617 1716 σύν
645 1646 761 1728 ἆπλιῦς
789 1645 833 1727 ιύς
861 1653 978 1716 πίστιν
1007 1650 1217 1736 ἐκτιθέμενος
1239 1650 1380 1736 ἔγραψεν
1402 1651 1443 1740 ἢν

216 1749 366 1834 λέγουσιν
395 1749 574 1834 ἐπιστολὴν
601 1743 623 1838 ἢ
648 1747 769 1836 ταύτην
798 1747 900 1836 μόνην
923 1749 1064 1836 ἔγραψε,
1093 1757 1374 1838 κατηγορείτωσαν
1398 1749 1444 1831 ὥς

214 1847 406 1934 βούλονται·
436 1855 614 1938 κατηγορία
639 1847 701 1936 γάρ
731 1843 867 1936 άληθῶς
894 1848 933 1914 τὸ
963 1855 1115 1916 τοιοῦτον
1145 1848 1314 1937 φρόνημα·
1350 1851 1380 1919 εί
1407 1853 1444 1920 δὲ

214 1955 330 2036 καιροῦ
357 1953 411 2017 καί
439 1950 621 2035 προςώπου
648 1949 822 2038 πρόφασις
849 1949 995 2017 εἵλκυσεν
1018 1946 1117 2018 αύτὸν
1138 1942 1283 2018 τοιαῦτα
1304 1951 1444 2038 γράψαι,

216 2051 342 2138 ἔγραψε
370 2049 407 2116 δὲ
435 2049 539 2117 πάλιν
560 2052 615 2118 καὶ
637 2049 740 2129 ἄλλος
762 2051 956 2131 ἐπιστολάς,
988 2047 1256 2138 ἀπολογούμενος
1277 2055 1374 2138 ιπερὶ
1399 2043 1444 2120 ὧν

215 2147 436 2235 ύπωπτεύθη,
460 2150 528 2218 ε’δει
549 2149 653 2218 πάλιν
671 2147 794 2231 ,αὐτούς
814 2149 858 2238 μὴ
883 2145 1026 2239 ἀφέντας
1047 2153 1090 2219 τά
1104 2154 1198 2220 αἴτια
1213 2151 1344 2240 φθόνον
1360 2153 1444 2220 έπά-

214 2276 283 2338 γειν
305 2254 353 2338 τῷ
375 2248 469 2337 άνδρλ
492 2253 680 2339 προπετῶς,
704 2251 760 2319 ἵνα
781 2252 825 2340 μὴ
842 2249 965 2332 δόξωσι
986 2253 1129 2332 λεξείδια
1139 2255 1200 2337 μὲν
1210 2253 1312 2336 μόνον
1323 2257 1441 2342 θηρᾷν,

215 2357 511 2438 παραπέμπεσθαι
533 2352 648 2442 δέτὴν
670 2353 704 2420 έν
726 2363 801 2433 ταῖς
824 2351 941 2433 άλλαις
962 2353 1157 2433 ἐπιστολαῖς
1179 2347 1350 2440 ἀλήθειαν.
1389 2357 1442 2422 καλ

213 2452 275 2540 γὰρ
303 2455 358 2520 καλ
386 2451 528 2539 γεωργὸς
554 2456 621 2520 τῶν
651 2449 759 2522 αύτιῦν
788 2455 931 2540 δένδρων
961 2452 1079 2522 άλλοτε
1105 2453 1213 2533 άλλως
1235 2453 1445 2540 έπιμελεῖται

216 2551 274 2622 διά
294 2553 353 2642 τὴν
374 2549 592 2642 ύποκειμένην
613 2557 672 2642 τῆς
692 2557 750 2641 γῆς
772 2555 947 2642 ποιότητα,
963 2558 1018 2623 καὶ
1033 2551 1071 2622 ού
1087 2555 1144 2623 διὰ
1157 2557 1255 2621 τοῦτο
1269 2561 1443 2644 μέμψαιτο

216 2653 274 2724 ’άν
300 2681 353 2735 τις
381 2649 496 2737 αύτύν,
528 2651 581 2722 δτι
605 2659 704 2750 τοῦτο
726 2657 786 2741 μὲν
808 2663 934 2741 τέμνει,
964 2655 1068 2725 ε’κείνο
1091 2658 1127 2725 δὲ
1149 2656 1353 2743 ἕγκεντρίζει,
1386 2658 1443 2725 καί

215 2761 313 2826 τοῦτο
342 2759 403 2845 μὲν
432 2756 581 2845 φυτεύει,
611 2757 721 2842 ἕτερον
749 2757 785 2823 δέ
808 2756 962 2838 έκτίλλει,
992 2752 1151 2824 ἀλλὰκαὶ
1173 2758 1299 2842 μᾶλλον
1320 2759 1444 2842 μαθὼν

215 2858 274 2945 τὴν
297 2858 406 2926 αἰτίαν
413 2909 422 2939 ,
452 2856 625 2942 θαυμάσει
645 2858 684 2923 τὸ
706 2857 860 2924 ποικίλον
883 2852 984 2923 αύτοῦ
1006 2861 1064 2941 τῆς
1086 2857 1279 2945 ἐπιστήμης.
1325 2855 1441 2924 ούκοῦν

217 2959 247 3028 εί
268 2959 313 3046 μὴ
335 2964 509 3046 παρέργως
532 2958 679 3041 ἐνέτυχον
700 2969 773 3038 τοϊς
786 2959 986 3044 γράμμασιν,
1010 2957 1201 3026 είπάτωσαν
1216 2960 1269 3026 καί
1285 2957 1343 3043 τὴν
1358 2955 1443 3024 ύπό-

215 3065 314 3128 θεσιν
336 3064 395 3148 τῆς
417 3059 611 3148 ἐπιστολῆς·
634 3055 721 3126 σῦτω
742 3057 804 3145 γάρ
827 3053 935 3125 αύτῶν
956 3055 979 3146 η’
998 3085 1035 3126 τε
1057 3065 1261 3147 συκοφαντία
1274 3061 1328 3124 καὶ
1343 3053 1362 3143 ἦ
1378 3082 1444 3124 πο-

217 3157 313 3244 νηρία
339 3163 397 3246 τῆς
424 3167 653 3248 προαιρέσεως
682 3159 903 3246 δειχθήσεται.
949 3157 1064 3244 ἐπειδὴ
1096 3159 1132 3225 δέ
1159 3153 1180 3244 ἢ
1208 3153 1266 3224 ούκ
1287 3151 1444 3246 ’ίσασινῆ

216 3255 434 3338 αἰσχύνονται,
456 3261 578 3345 ’λέγειν
600 3257 775 3346 ἀναγκαῖον
796 3255 891 3346 ἡμᾶς.
1153 3253 1157 3260 ’
1303 3325 1306 3330 .

302 3364 331 3422 5.
372 3353 421 3422 Ἐν
442 3360 656 3427 Πενταπύλει
675 3364 734 3446 τῆς
756 3359 824 3426 άνω
839 3357 973 3444 Λιβύης
994 3358 1172 3444 τηνικαῦτά
1186 3383 1272 3437 τινες
1286 3361 1352 3426 τιῦν
1368 3357 1443 3426 ἒπε-

216 3453 351 3523 σκύπων
374 3455 559 3544 ἐφρόνησαν
580 3458 624 3525 τά
636 3461 827 3546 Σαβελλίου,
851 3462 905 3525 καὶ
926 3459 1238 3543 τοσοῦτον-ἴσχυσαν
1251 3469 1327 3538 ταῖς
1347 3457 1443 3526 ’ἐπι-

216 3553 333 3638 νοίοιις,
357 3552 402 3636 ὥς
424 3550 535 3641 ύλίγσυ
558 3557 628 3624 δεῖν
648 3565 764 3647 μηκέτι
785 3558 819 3626 έν
840 3570 916 3640 ταῖς
937 3559 1121 3649 ἐκκλησίαις
1142 3559 1365 3647 κηρύττεσθαι
1385 3559 1443 3626 τὸν

216 3657 288 3726 υἱὸν
309 3660 368 3724 τοῦ
389 3657 483 3724 θεοῦ.
528 3658 626 3726 τοῦτο
647 3659 769 3744 μαθών
790 3661 985 3740 Διονύσιος,
1015 3655 1114 3739 αύτὸς
1133 3659 1196 3746 γὰρ
1219 3653 1283 3742 εἶχε
1305 3659 1363 3748 τὴν
1384 3665 1444 3745 μέ-

249 3862 271 3898 ε.
289 3846 331 3926 Sip
345 3847 401 3910 Reg.
415 3847 513 3898 Tauria.
528 3849 634 3900 colberl.
653 3849 691 3899 Fr.
702 3850 720 3900 1.
738 3849 801 3900 Editi
853 3849 950 3898 Taurin.
976 3847 1045 3926 quib.
1064 3847 1113 3900 Ιει.
1134 3847 1215 3927 ΡρΙεΙγ.
1234 3847 1257 3898 3.
1284 3863 1356 3898 anon.
1373 3838 1439 3896 κατ’

217 3929 273 3964 τινα
292 3925 371 3966 ουτος
387 3907 454 3971 οἶδε,
474 3917 566 3968 omisso
584 3917 695 3968 articulo.
726 3917 800 3968 Paulo
853 3906 951 3964 ούσίαν
960 3907 1052 3967 αυτόν.
1077 3915 1313 3967 δείυυτυνδεετει
1326 3911 1439 3965 ineditis.

216 3981 801 4045 postedit.Pnris.c010n.etFeickm.3.an0n..
885 3985 914 4040 ί).
928 3986 969 4036 Sic
987 3985 1043 4048 Res.
1069 3993 1093 4035 ει
1110 3983 1207 4035 Τεοτίο.
1233 3991 1257 4032 ει
1273 3983 1305 4032 ita
1325 3982 1439 4032 habuisse

234 4049 258 4098 ni
276 4050 316 4098 hic
332 4049 447 4108 resumit,
472 4060 528 4112 post
552 4045 646 4099 τοίνυν
669 4053 758 4104 hubent
775 4045 802 4102 οί
851 4051 962 4104 videntur
979 4052 1051 4102 Basii.
1071 4060 1095 4103 ει
1112 4051 1150 4100 Fr.
1163 4053 1179 4100 1.
1198 4051 1253 4100 iicet
1263 4049 1439 4100 i'eickmannus

246 4109 314 4180 θροὶ
330 4113 379 4175 τῆς
396 4105 532 4176 ἀληθείας,
556 4132 618 4181 quae
636 4121 721 4180 verba,
746 4135 801 4170 cum
852 4121 968 4170 memoria
994 4119 1077 4183 Ιτρεοι
1101 4117 1201 4168 eandem
1221 4129 1248 4166 ex
1267 4117 1296 4166 iis
1315 4115 1440 4168 codicibus

216 4183 296 4234 desini
320 4185 344 4232 in
368 4183 480 4232 omnibus
508 4182 562 4232 aliis
587 4184 711 4235 codicibus
735 4195 759 4236 ει
776 4188 800 4236 in
851 4192 918 4234 οοιει
937 4187 1080 4244 lectionem,
1107 4198 1168 4246 quae
1187 4184 1210 4231 in
1230 4181 1286 4232 edit
1306 4179 1440 4233 Commeii·

216 4249 440 4309 odihcummelin„
458 4251 623 4313 expunximus.
641 4251 800 4314 ibidemiieg.
852 4252 931 4300 niune.
966 4251 1029 4300 Editi
1047 4245 1093 4298 καὶ
1118 4241 1249 4313 ἔγραψεν.
1285 4249 1439 4300 i’eicimanni

216 4317 314 4368 Τουτίο.
333 4317 378 4366 ies.
399 4317 438 4366 Fr.
450 4317 468 4365 1.
485 4310 648 4381 μακαρίτην.
683 4318 727 4368 Alii
746 4332 801 4367 cum
851 4331 907 4366 νετο
919 4315 943 4366 3.
962 4329 1033 4365 anon.
1052 4312 1293 4366 totumhuneiocum
1305 4316 1437 4368 sichibet:

215 4383 287 4433 edilis
303 4374 448 4448 μακάρων.
483 4382 535 4432 iiox
559 4382 656 4433 Taurin.
682 4394 705 4434 ει
731 4383 800 4434 colb.
854 4377 920 4462 πρὶν
936 4379 1050 4446 γένηται
1066 4378 1148 4428 τοῦτο
1165 4375 1438 4456 μυθῶνΔιονύφιυς·

215 4443 356 4516 γεννητόν.
375 4450 454 4500 Feick.
465 4449 488 4500 3.
503 4463 574 4499 anon.
585 4445 708 4516 γέννημα
714 4466 725 4509 ,·
743 4463 801 4514 ρετ·
852 4442 933 4502 αυτὸς
949 4443 1004 4514 γὰρ
1023 4437 1077 4513 ελχε
1093 4441 1239 4512 μέριμναν.
1263 4437 1323 4494 ἀλλ’
1349 4459 1438 4512 ωεπερ

217 4531 309 4583 peram.
346 4517 405 4568 ibid.
430 4519 454 4567 in
480 4518 578 4568 Tauria.
597 4517 664 4568 Coib.
690 4526 714 4568 ει
731 4515 799 4567 m.
852 4506 961 4575 ταύτην.
985 4515 1104 4568 Nimirum
1115 4511 1186 4562 verb
1201 4515 1317 4578 quaedam
1336 4513 1438 4563 inierim

218 4579 249 4636 δέ
272 4595 328 4651 post
349 4575 419 4652 μήτε
441 4584 518 4636 διιεῖ.
560 4584 632 4635 Paulo
658 4594 716 4650 ροιι
743 4583 800 4647 λος.
851 4583 930 4647 posits
949 4584 1061 4648 imperite
1074 4584 1121 4632 huc
1134 4581 1264 4632 transtulit.
1283 4581 1346 4631 lniri
1359 4580 1439 4631 Feick.
