2978 5240
439 385 585 430 arrarum
599 387 636 430 tn
652 387 830 432 arrcrsruu.
1001 441 1006 452 ,
1038 427 1042 440 ,
1179 381 1239 447 833

28 544 112 600 rento
138 553 211 598 saue
233 551 310 614 opus
332 553 393 597 unu
415 535 538 610 inisset,
566 536 663 616 ipsum
687 537 765 599 enim
789 558 897 619 corpus
919 543 1127 624 perseipsum
1149 546 1327 612 abiis-unos.
1443 580 1444 590 κ

28 647 72 711 et,
105 655 166 716 quo
195 635 349 716 spiritibus
377 637 408 699 iu
436 637 553 698 inferno
575 638 706 702 detentis
728 640 921 718 praedicaret
965 643 1027 705 lam
1049 665 1120 707 vero
1143 648 1241 728 ipsum

31 739 142 826 erbum
163 737 352 818 praedicandi
375 738 468 818 gratia
489 739 662 818 proiectum·
678 747 735 811 est,
758 759 867 821 corpus
890 761 961 805 vero
984 745 1094 827 ioseph
1116 747 1244 814 sindone

28 841 177 904 inclutum
212 839 242 901 in
270 839 417 919 Golgotba
444 839 599 920 deposuit,
635 839 834 922 omnibusque
862 845 1014 924 propalam
1047 849 1155 912 iactum
1183 861 1243 928 est,

28 961 121 1023 orpus
144 959 206 1002 nou
229 941 324 1002 tuisse
340 939 477 1014 Verbum,
502 941 556 1002 sed
570 939 788 1022 Verbi'corpus
808 943 914 1006 fuisse.
958 945 1023 1009 Hoc
1044 949 1154 1029 ipsum,
1176 971 1243 1015 cum

46 1044 177 1108 mortuis
198 1041 435 1130 resurrexisset,
461 1039 593 1104 Thomas
616 1043 823 1119 contrectavit,
852 1045 1020 1128 fixurasque
1042 1049 1190 1116 clavorum
1212 1055 1243 1116 iu

28 1148 58 1208 lo
83 1143 251 1225 conspexit,
274 1161 351 1222 quos
374 1142 502 1206 Verbum
523 1143 621 1223 ipsum
643 1143 837 1220 sustinuerat,
860 1147 930 1209 dum
953 1148 1021 1211 ilios
1044 1153 1163 1233 corpori
1185 1173 1242 1217 suo

28 1247 82 1310 idit
104 1245 194 1325 affigi,
216 1263 315 1324 neque
335 1243 365 1306 id
387 1244 555 1324 prohibuit,
579 1262 645 1307 cum
667 1246 828 1326 probibere
849 1258 976 1328 posset,
999 1251 1052 1313 sed
1075 1271 1149 1333 quae
1171 1273 1242 1316 cor-

31 1350 96 1411 oris
127 1355 213 1410 erant
242 1347 364 1428 propria
398 1347 456 1408 sibi
493 1346 551 1427 ipsi
585 1347 764 1427 incorporeo
793 1349 948 1414 exsistenti
979 1354 1102 1433 propria
1134 1356 1242 1420 edocit.

28 1449 162 1522 tuocirca
184 1467 250 1512 nrm
273 1469 290 1511 a
311 1449 450 1512 ministro
472 1467 583 1529 corpus
605 1449 795 1524 caederetur,
825 1452 910 1530 quasi
938 1453 1100 1534 ipsummet
1119 1465 1241 1536 patere·-

28 1571 76 1624 rr,
108 1547 223 1612 aiebat:
248 1550 337 1624 mort
357 1569 403 1613 me
427 1547 549 1612 coedis?
591 1548 629 1611 Et
655 1567 722 1612 cum
745 1550 875 1614 Verbum
904 1553 1008 1615 uaturd
1037 1574 1091 1618 sua
1113 1557 1243 1622 intactile

28 1661 105 1726 sset,
128 1651 245 1714 dicebat
266 1660 381 1714 umen:
402 1649 538 1715 Dorsum
558 1669 656 1714 meunt
677 1653 746 1715 dedi
765 1653 805 1715 od
825 1655 958 1735 sincello,
980 1657 1124 1722 munitur
1142 1672 1245 1723 autent

28 1773 95 1816 teos
124 1754 164 1816 cd
191 1753 315 1834 clupeo,
348 1754 513 1834 sociumque
538 1771 635 1816 meum
661 1771 724 1816 nou
751 1759 852 1817 averti
878 1775 897 1818 o
921 1757 1041 1837 probro
1070 1770 1243 1840 sputorum.

28 1855 88 1916 tam
111 1873 186 1934 quae
208 1855 371 1916 humanum
393 1853 479 1916 Verbi
502 1871 611 1934 corpus
633 1855 809 1935 patiebatur,
832 1857 905 1919 haec
922 1858 986 1937 ipsa
1002 1859 1140 1936 Verbum,
1164 1861 1244 1941 quod

28 1955 135 2036 orpori
158 1956 348 2018 coniunctum
371 1963 444 2028 erat,
467 1956 504 2017 ad
526 1973 560 2018 se
582 1957 738 2032 referebat,
761 1965 793 2019 ut
815 1977 870 2020 nos
892 1958 979 2020 Verbi
1003 1960 1125 2024 Deitatis
1146 1963 1244 2043 parti-

28 2059 96 2138 ipes
118 2056 184 2120 fieri
205 2075 374 2138 possemus.
418 2057 460 2118 dc
481 2055 551 2120 iliud
573 2045 717 2142 perquam
737 2059 872 2122 mirabile
893 2059 959 2136 suit,
981 2061 1060 2123 idem
1078 2061 1173 2126 tuisse
1187 2077 1325 2144 pa-rnoo

28 2163 93 2222 iens
117 2169 146 2222 ct
168 2177 229 2220 uon
250 2159 383 2238 patiens,
412 2157 528 2238 patiens
550 2159 685 2239 quidem,
709 2167 855 2240 quatenus
876 2163 1032 2243 proprium
1055 2163 1150 2243 ipsius
1173 2183 1244 2226 cor-

28 2279 71 2323 ms
94 2259 261 2339 patiebatur
283 2267 313 2320 et
334 2266 482 2339 quatenus
504 2260 534 2320 iu
556 2259 625 2341 ipso
647 2260 778 2342 patiente
800 2269 879 2338 erat,
907 2281 970 2326 non
997 2265 1114 2346 patiens
1135 2272 1245 2339 autem,

28 2361 83 2442 ,uia
106 2360 250 2435 Verbum,
281 2377 348 2422 cum
375 2363 480 2423 natura
508 2363 561 2423 sud
583 2361 662 2424 Deus
691 2363 746 2437 sit,
769 2351 960 2444 impassibile
987 2374 1044 2427 cst.
1088 2365 1126 2426 Et
1146 2365 1244 2445 ipsum

28 2462 138 2542 {uidem
160 2462 371 2542 incorporeum
392 2462 424 2524 iu
446 2461 579 2543 passibili
602 2479 728 2542 corpore
751 2474 830 2538 erat,
861 2483 970 2545 corpus
997 2483 1068 2527 vero
1091 2465 1122 2526 in
1145 2464 1275 2544 seipso*

28 2563 120 2626 tabuit
134 2562 261 2626 Verbum
275 2563 469 2644 impassibile,
493 2563 573 2645 quod
590 2564 686 2644 ipsius
708 2564 846 2646 corporis
862 2565 1049 2628 infirmitates
1064 2565 1245 2630 absumeret.

29 2665 172 2726 {aeterum
194 2665 252 2726 boc
273 2665 340 2726 ideo
363 2663 483 2745 agebat,
511 2672 542 2726 ct
566 2666 607 2727 ita
630 2685 663 2728 se
686 2685 735 2728 res
757 2665 899 2739 babebat,
928 2675 961 2728 ut
988 2674 1092 2729 uostra
1115 2667 1244 2730 Verbum

30 2765 186 2846 suscipiens
209 2765 399 2852 offerensque
428 2766 459 2826 in
481 2765 664 2828 Sacrificium
685 2766 805 2847 penitus
828 2765 1016 2841 absumeret,
1044 2785 1079 2830 ae
1104 2767 1245 2847 deinceps

31 2870 83 2932 ,uis
109 2887 166 2930 nos
194 2867 321 2930 induens
349 2867 493 2947 Apostoio
521 2867 595 2930 baec
623 2867 739 2928 dicendi
769 2864 958 2928 occasionem
986 2865 1085 2930 daret:
1116 2867 1246 2950 Oportet

32 2969 218 3052 :orruptibile
247 2969 303 3032 boc
330 2970 457 3032 induere
478 2972 740 3050 incorruptionem
762 2979 792 3030 et
813 2967 942 3030 mortale
965 2967 1020 3031 boc
1041 2969 1168 3032 induere
1189 2971 1247 3032 ritt-

32 3071 246 3136 uortolitctem.

108 3177 137 3236 7.
179 3172 259 3234 Haec
280 3179 461 3234 autemnon
483 3170 601 3232 fictione
624 3170 698 3232 sacta
721 3175 809 3242 suut,
837 3169 1084 3249 quemadmodum
1107 3171 1247 3244 ,nonnulii

34 3274 242 3347 existimarunt,
271 3272 366 3347 absit;
395 3273 449 3334 scd
472 3273 626 3335 Salvatore
649 3289 717 3332 vere
739 3270 861 3332 homine
882 3273 959 3334 iacto
982 3271 1054 3334 binc
1073 3272 1166 3335 totius
1187 3273 1247 3334 bo-

35 3375 112 3436 ninis
135 3374 214 3436 scius
237 3384 421 3454 consequuta
443 3383 497 3437 est.
521 3373 615 3436 'Nam
638 3372 663 3434 si
686 3372 805 3434 fictione
826 3372 968 3436 duntaxat
980 3371 1109 3435 Verbum
1132 3373 1162 3434 in
1177 3391 1248 3436 cnr-

36 3497 96 3538 »ore
117 3475 185 3551 suit,
220 3483 253 3539 ut
273 3475 315 3538 illi
337 3485 505 3547 autumant,
528 3486 557 3537 ot
581 3475 606 3536 si
629 3475 708 3554 quod
730 3473 838 3536 dicitur
860 3473 978 3536 tiedone
1000 3493 1071 3537 osse
1091 3473 1248 3554 phantasia

37 3586 85 3650 ist,
121 3578 256 3658 sequitur
284 3586 317 3640 ut
344 3579 509 3640 secundum
535 3576 744 3658 impiissimum
772 3575 975 3639 Manichaeum
1008 3576 1109 3656 specie
1136 3583 1249 3638 tautum

38 3697 111 3740 enus
137 3679 217 3742 salus
245 3689 275 3742 et
301 3680 482 3742 resurrectio
505 3679 658 3742 bominum
680 3677 744 3740 tieri
767 3677 890 3741 dicatur.
934 3677 1042 3740 Verum
1064 3693 1250 3757 nequaquam

39 3863 210 3926 niroSerucr.
236 3865 609 3928 tugiic.Gobin-.ieicbm.1.
661 3865 722 3914 nott.
736 3865 809 3915 Cone.
821 3865 888 3914 Tam.
900 3863 936 3912 tt.
949 3858 1142 3926 p.iidb.],item
1153 3861 1250 3924 Synodo
1343 3879 1349 3889 ·

40 3931 116 3980 'bend
135 3922 179 3980 ἵνα
197 3925 279 3997 ἡμεῖς.
662 3932 808 3982 Cbnicedon.
827 3929 914 3994 [brusi
933 3929 1049 3980 TomVi.
1068 3943 1121 3991 pag.
1137 3923 1209 3991 833]
1227 3937 1251 3980 et

60 4015 81 4048 e.
99 4001 138 4048 Sic
155 4003 253 4062 Seguer.
273 4007 297 4050 et
314 3999 437 4049 Theodor.
456 4013 517 4076 quos
535 4000 611 4067 secuti
662 3998 726 4062 apud
745 3998 901 4049 idercatorcm
920 4012 943 4060 p.
960 3995 1016 4045 ltt.
1051 3991 1141 4056 θέσεις
1160 3995 1251 4059 Spuod.

41 4081 118 4116 umus.
153 4067 213 4117 Editi
232 4055 265 4126 ἦν
283 4061 297 4115 d
315 4061 430 4132 πάσχων
439 4077 500 4132 μεν,
512 4055 555 4113 ὅτι
565 4073 611 4114 etc.
663 4065 809 4115 Cbaicedon.
828 4065 900 4114 babet
917 4065 1051 4129 appositior,
1071 4064 1189 4113 Mercator
1204 4079 1250 4128 pu-

41 4133 91 4184 ntra
109 4135 206 4196 Segusa.
224 4137 323 4188 Gobier.
341 4144 364 4186 at
383 4135 488 4184 Fricim.
508 4133 530 4182 i.
548 4126 614 4186 θεὸς
663 4135 764 4192 tutione,
790 4133 830 4182 aiii
855 4133 993 4196 adoptione,
1019 4145 1063 4180 nos
1082 4143 1136 4182 cum
1156 4129 1250 4179 Peterin

42 4191 67 4248 ἰν
82 4193 167 4266 λόγος.
663 4201 761 4264 fictione,
782 4208 805 4250 et
823 4201 859 4249 sie
875 4199 1013 4250 tenendum
1032 4205 1171 4262 essopatet.
1198 4195 1252 4246 Ιοι

59 4269 76 4318 t.
102 4271 199 4320 Gobter.
223 4277 248 4320 et
270 4269 376 4320 beletro.
397 4267 419 4318 1.
439 4257 613 4334 ἀφανίζοντα
663 4267 736 4316 sarit.
754 4260 897 4331 ὑπέβαλον.
934 4266 987 4316 iter
1005 4259 1093 4320 ὅντως
1102 4259 1252 4326 Hodiou-

43 4329 76 4388 ἐν
100 4331 147 4390 τὰς
163 4329 261 4386 ἑαυτοῦ
280 4328 431 4390 ἀσθενείας.
453 4336 570 4397 „Segusa
588 4341 613 4384 at
663 4335 725 4384 bier.
744 4335 850 4385 Feicim.
867 4335 889 4383 l.
907 4334 981 4395 Sego.
1016 4334 1091 4384 Proto
1109 4341 1165 4396 post
1179 4333 1251 4384 Gobi.

44 4405 117 4454 beod.
135 4395 308 4470 ἀφανίζοντα
330 4399 383 4471 μὲν
400 4397 450 4456 adr
466 4393 612 4454 inornatas
665 4411 688 4452 et
702 4401 805 4452 Feicbm.
821 4404 842 4452 t.
862 4392 988 4454 ὅλωςτοῡ
999 4394 1157 4466 ἀνθρώπων,
1189 4400 1252 4450 ibid.

44 4461 110 4588 itt
127 4471 176 4589 133
189 4467 324 4607 iiiiii?
339 4461 612 4593 ,fitistiim
663 4463 695 4535 ‘⁷
695 4463 815 4589 {1th
818 4461 1250 4588 t‘tnlti'tittttttbt‘tt:

62 4621 83 4672 a.
102 4609 163 4660 itare
179 4609 204 4660 iu
222 4609 318 4673 Synodo
329 4607 506 4674 Ephes.tct.i.
524 4601 614 4671 [baasi
665 4605 710 4658 bas
728 4607 820 4657 naturis
839 4601 875 4672 [p.
887 4604 945 4657 bii.
965 4599 1066 4668 cubil.

62 4697 333 4742 transiturarum.
348 4705 397 4740 ιιι.
428 4715 433 4728 κ
1017 4687 1050 4737 53
