3236 5286
220 380 279 444 172
615 395 643 438 ε.
658 363 812 440 mima
827 393 1053 442 ιιιειεειιεοει

131 546 271 610 καιναὶ
292 544 348 610 νύν
370 549 553 630 προείρηκα
574 535 661 626 ύμῖν,
684 543 765 628 πρὶν
779 546 947 627 γενέσθαι,
970 541 1027 608 ἵνα
1042 537 1122 610 όταν
1136 547 1278 629 γίνηται,
1301 539 1442 610 πιστεύ-

217 667 295 733 σητε
303 648 333 725 ¹).
378 645 456 730 περὶ
479 643 516 710 66
537 645 595 728 τῆς
615 647 753 722 κτίσεως
774 642 832 710 διὰ
852 642 1068 726 ’Σολομῶνός
1090 662 1191 730 φησι·
1213 640 1282 728 πρό
1303 644 1361 708 τοῦ
1383 641 1442 727 τὴν

216 748 275 832 γῆν
303 747 461 831 ποιῆσαι,
494 745 549 810 καλ
578 741 646 828 πρὸ
674 746 733 810 τοῦ
755 741 815 822 τὰς
837 738 1003 829 ἀβύσσους
1024 746 1182 830 ποιῆσαι,
1216 745 1270 810 να)
1293 741 1362 829 πρό
1382 745 1442 810 τού

159 897 166 908 .
216 837 400 934 προελθεῖν
421 843 481 924 τὰς
502 842 611 931 πηγός
632 846 698 910 τῶν
720 839 865 923 ύόάτων,
894 842 951 910 καὶ
971 842 1039 930 πρὸ
1060 847 1120 910 τού
1142 840 1202 932 όρη
1225 844 1441 932 ἑδρασθῆναι,

215 946 284 1032 πρὸ
306 947 342 1014 66
364 944 500 1014 πάντων
522 947 588 1012 τῶν
609 947 738 1032 βουνῶν
760 947 857 1032 γεννᾷ
878 969 919 1028 με
927 947 960 1026 ’),
983 951 1058 1012 καί·
1081 948 1161 1032 πρὶν
1179 939 1332 1032 Ἀβραὰμ
1354 950 1443 1031 γενέ·

217 1054 312 1128 σθαι,
336 1046 399 1133 ίγῶ
422 1045 528 1131 εἰμι’).
574 1047 671 1132 )περλ
701 1044 738 1112 66
757 1039 910 1130 Ἱερεμίου
938 1047 1040 1132 λέγει’·
1073 1044 1141 1133 πρὸ
1169 1049 1229 1114 τοῦ
1250 1073 1293 1132 με
1313 1048 1443 1116 πλάσαι

217 1172 255 1232 σε
287 1149 321 1217 ἐν
348 1149 475 1236 κοιλίᾳ,
505 1147 689 1232 ἐπίσταμαί
716 1149 793 1226 σε’).
837 1145 894 1214 καὶ
915 1142 934 1214 6
954 1149 1015 1231 μὲν
1037 1149 1149 1234 Δαβλό
1169 1147 1309 1235 ψάλλει·
1342 1147 1441 1234 κύριε,

217 1249 387 1338 aarum)
410 1247 567 1338 ἔναὴθυε
587 1244 667 1337 ἡμῖν
689 1246 724 1318 ἐν
745 1249 840 1335 ναῶ
861 1244 918 1314 καὶ
930 1250 1042 1336 γενεᾷ·
1064 1248 1133 1336 πεό
1148 1252 1207 1316 τοῦ
1224 1247 1283 1338 ὅου
1300 1252 1443 1338 νοηθῆ-

217 1375 272 1420 ναι
292 1354 347 1420 καὶ
369 1351 569 1440 πλασθῆναι
588 1349 647 1437 τὴν
668 1353 728 1436 γῆν
749 1352 804 1417 καί
825 1348 884 1435 τὴν
906 1348 1107 1438 οἰκουμένην,
1131 1345 1220 1419 οόυτό
1240 1352 1300 1418 τού
1322 1349 1443 1428 αἰῶνος

215 1456 271 1520 καὶ
298 1453 360 1532 λ’ως
380 1455 439 1519 τοῦ
462 1451 583 1531 αἰῶνος
603 1449 645 1518 σὺ
668 1446 735 1532 ⁸6⁵).
781 1449 815 1518 ἐν
844 1451 881 1516 όὲ
909 1452 956 1537 τῷ
978 1451 1123 1540 Δανιήλ·
1157 1447 1316 1539 ἀνεβόησε
1346 1453 1441 1539 φωνῇ

214 1550 339 1642 μεγάλη
366 1551 539 1622 Σουσάννα
565 1551 621 1620 καλ
649 1547 765 1620 εἶπεν·
798 1547 816 1617 6
843 1551 926 1631 θεὸς
954 1547 973 1618 6
1001 1550 1136 1631 αἰώνιος
1158 1549 1177 1618 6
1197 1555 1265 1619 τῶν
1285 1555 1440 1636 κρυπτῶν

130 1655 376 1743 μετεγνώστης,
406 1650 425 1721 6
453 1654 550 1734 είόῶς
571 1653 613 1722 τὰ
634 1653 745 1722 πάντα
766 1656 848 1740 πρίν
869 1658 1024 1739 γενέσεως
1045 1647 1191 1733 αὐτῶν).
1234 1651 1274 1720 τὸ
1295 1651 1361 1740 άρα
1382 1648 1441 1720 ούκ

215 1747 255 1846 ἦν
282 1780 366 1824 ποτε
392 1758 445 1824 καὶ
473 1755 513 1823 τό
541 1759 622 1843 πρὶν
650 1760 809 1842 γενέσθαι
830 1752 945 1821 καὶτὸ
968 1749 1024 1822 ότε
1044 1753 1100 1822 καὶ
1122 1749 1187 1821 ὅσα
1207 1753 1347 1822 τοιαύτά
1369 1753 1441 1822 ἐστι

215 1855 360 1939 λεξείόια
381 1857 438 1926 ἐπὶ
459 1859 520 1940 μὲν
541 1859 608 1925 τῶν
629 1859 771 1944 γενητῶν
793 1858 848 1924 κα)
870 1854 1068 1940 κτισμάτων,
1091 1857 1177 1922 ἆτῶν
1200 1854 1235 1935 ἐξ
1256 1849 1314 1922 ούκ
1336 1849 1441 1922 όντων

214 1966 405 2046 γενομένων,
429 1953 564 2042 ἁρμόζει
585 1959 752 2043 λέγεσθαι,
776 1951 935 2044 ἀλλότρια
957 1957 993 2024 όὲ
1014 1960 1073 2024 τοῦ
1096 1955 1194 2042 λόγου
1217 1955 1315 2024 ἐστίν.
1361 1955 1391 2022 εἰ
1406 1955 1442 2022 δὲ

214 2065 319 2128 ταῦτα
338 2061 400 2144 μὲν
422 2057 481 2126 ἐπὶ
501 2063 568 2125 τῶν
589 2062 747 2146 γενητῶν,
776 2056 816 2124 τὸ
845 2059 881 2126 όὲ
904 2054 955 2126 άεί
978 2057 1035 2126 ἐπὶ
1057 2061 1117 2124 τοῦ
1139 2057 1213 2124 υἱοῦ
1235 2058 1385 2142 λέγουσιν
1407 2055 1443 2124 αλ

214 2170 351 2248 γραφαί,
374 2155 432 2228 ούκ
453 2157 527 2245 άρα,
551 2149 578 2227 ὦ
599 2159 773 2245 θεομάχοι,
798 2159 834 2238 ἐξ
855 2153 913 2224 ούκ
935 2155 1040 2225 όντων
1062 2165 1193 2244 γέγονεν
1217 2152 1235 2224 6
1257 2157 1338 2237 υἱός,
1362 2152 1439 2224 σύόό

216 2257 302 2340 όλως
322 2265 388 2328 τῶν
410 2264 552 2348 γενητῶν
574 2261 663 2330 ἐστιν
686 2257 704 2327 6
727 2259 805 2340 υἱός,
830 2254 915 2327 ἀλλὰ
935 2261 994 2326 τοῦ
1016 2257 1145 2343 πατρὸς
1166 2258 1261 2326 εἰκῶν
1275 2257 1332 2325 καὶ
1346 2256 1442 2344 λόγος

115 2431 125 2442 ,
215 2356 345 2442 θόιῒόιός
367 2361 466 2443 ἐστιν,
491 2356 568 2430 οὐδὲ
590 2361 731 2430 πώποτε
753 2356 811 2429 οὐκ
833 2358 888 2442 ῶν,
913 2357 998 2427 ἀλλὰ
1012 2354 1063 2426 ἀεὶ
1080 2358 1135 2440 ῶν,
1160 2355 1205 2438 ῶς
1220 2353 1330 2427 άῖόίου
1347 2355 1442 2437 όντος

216 2463 328 2552 φωτὸς
351 2459 460 2533 άΐόιον
483 2459 695 2550 ἀπαύγασμα.
740 2470 774 2530 τί
800 2459 910 2529 τοίνυν
932 2461 1067 2548 χρόνους
1089 2459 1157 2546 πρὸ
1178 2463 1237 2527 τοό
1261 2460 1334 2526 vlo&
1356 2483 1442 2546 φαν-

214 2564 374 2648 τάζεσθε,·
407 2559 428 2652 ἢ
449 2566 540 2632 όιατί
560 2563 644 2648 μετὰ
663 2562 800 2650 χρόνους
821 2563 1044 2651 βλαςῳημεῒτε
1064 2561 1122 2628 τὸν
1144 2562 1250 2647 λόγον,
1275 2556 1316 2628 δι’
1333 2551 1372 2627 ού
1386 2558 1441 2626 καλ

215 2662 249 2736 ολ
270 2669 389 2746 αἰῶνες
410 2663 583 2752 γεγόνασι,·
615 2667 689 2742 πῶς
716 2662 777 2749 γὰρ
801 2659 887 2742 ὅλως
907 2662 1023 2749 χρόνος
1044 2657 1065 2750 ἢ
1088 2662 1170 2730 αίών
1192 2657 1317 2750 ὑπέστη
1337 2660 1440 2749 μήπω

215 2775 376 2857 φανέντος
398 2761 473 2834 καθ’
497 2763 583 2851 ὑμᾶς
603 2769 662 2832 τοῦ
685 2763 792 2849 λόγου,
816 2758 858 2829 δι’
883 2754 922 2830 οὗ
944 2763 986 2831 τό
1007 2762 1118 2830 πάντα
1131 2769 1250 2850 γέγονε,
1273 2765 1328 2830 καί
1341 2761 1443 2849 χωρὶς

215 2865 316 2938 αύτοῦ
345 2868 471 2956 ἐγένετο
500 2863 577 2936 ούόὲ
605 2867 687 2950 66⁷),-
718 2860 740 2952 ἢ
769 2865 860 2932 όεατί
884 2863 1015 2949 ’χρόνον
1038 2871 1252 2952 σημαίνοντες
1274 2858 1312 2930 ού
1335 2864 1442 2948 λέγετε

216 2975 385 3062 φανερῶς·
407 2960 447 3059 ἦν
466 2968 584 3056 χρόνος
606 2965 662 3037 ότε
684 2963 743 3036 οὐκ
763 2957 802 3053 ἦν
825 2961 844 3032 6
867 2963 980 3050 λόγοςς
1015 2960 1099 3032 ἀλλὰ
1119 2963 1158 3032 τὸ
1180 2966 1240 3048 μὲν
1263 2961 1368 3048 όνομα
1382 2966 1442 3030 τοῦ

213 3075 332 3161 χρόνου
354 3079 513 3142 Ισνιέντετε
534 3069 621 3158 πρὸς
643 3065 775 3150 όπάτην
796 3071 863 3136 τῶν
886 3063 1056 3153 ἀκεραίων,
1080 3065 1119 3134 τὸ
1135 3065 1289 3154 φρόνημα
1304 3066 1341 3133 δὲ
1356 3061 1443 3146 ὅλως

216 3173 342 3242 ἑαυτῶν
364 3169 403 3242 ού
425 3173 593 3260 κρύπτετε,
617 3167 686 3240 άλλ
711 3165 788 3238 0666
809 3167 1009 3254 κρύπτοντες
1023 3169 1143 3236 λαθεῖν
1159 3167 1315 3234 δύνασθε.
1339 3165 1442 3235 πόλιν

215 3271 277 3358 γὰρ
297 3272 434 3357 χρόνους
456 3282 631 3362 σημαίνετε
652 3276 815 3360 λέγοντες·
843 3260 882 3356 ἦν
905 3292 989 3336 ποτε
1011 3265 1067 3336 ότι
1089 3263 1147 3336 ούκ
1168 3259 1223 3355 ἦν,
1246 3269 1300 3336 καὶ
1323 3264 1381 3334 ούκ
1402 3257 1441 3353 ἦν

215 3376 295 3459 πρὶν
317 3375 490 3458 Ι*γεννηθῇ

304 3480 352 3540 14.
400 3470 534 3538 Τούτων
566 3469 652 3538 οότω
682 3471 896 3554 δεικνυμένων
923 3469 973 3536 ἔτι
1000 3471 1104 3538 πλέον
1131 3467 1361 3538 άναιόεύονται
1387 3469 1439 3536 λί-

215 3593 343 3660 γοντες·
373 3570 402 3638 εί
427 3571 472 3658 μὴ
501 3561 539 3654 ἢν
561 3593 647 3637 ποτε
669 3565 725 3637 ότε
746 3565 805 3638 οόκ
825 3559 880 3657 ἦν,
914 3565 983 3636 ἀλλ’
1010 3565 1118 3650 όίόιός
1141 3571 1230 3643 ἐστιν
1255 3566 1274 3637 6
1295 3568 1366 3650 υἱὸς
1385 3572 1442 3638 καλ

216 3673 418 3760 συνυπάρχει
438 3674 485 3760 τῶ
508 3666 622 3755 πατρί,
646 3666 754 3739 ούκίτι
775 3671 848 3738 υἱὸν
870 3666 939 3738 ἀλλ’
964 3667 1110 3759 ἀδελφόν
1132 3667 1218 3740 εἶναι
1239 3670 1443 3758 τοῦπατρὸς

285 3865 309 3924 1)
328 3865 392 3914 loun.
414 3863 513 3924 14‚28.
533 3861 573 3914 29.
626 3859 651 3919 2)
670 3861 737 3911 Ρτον.
756 3861 781 3922 8,
800 3859 908 3911 23-25.
962 3859 987 3920 3)
1007 3861 1071 3912 loun.
1091 3860 1115 3922 8,
1134 3861 1175 3912 58.
1227 3862 1253 3922 4)
1272 3863 1358 3912 Ιετεστ.
1377 3861 1442 3920 1,5.

216 3931 241 3990 ό)
260 3931 323 3981 ΡεσΙ.
341 3931 375 3980 90
394 3927 446 3997 [89.
466 3927 554 3998 LxxJ,
575 3932 596 3980 ί.
617 3928 640 3982 λ.
710 3929 735 3988 6)
754 3931 808 3980 Sus.
828 3925 901 3995 [Dan.
922 3927 960 3978 1³.
980 3924 1067 3994 λψς),
1086 3927 1127 3979 42.
1197 3929 1223 3988 ’ί)
1242 3929 1307 3979 loun.
1329 3929 1351 3989 1,
1370 3928 1394 3978 ³.

250 4081 271 4116 ε.
290 4067 331 4116 Sic
349 4066 519 4128 θερυεῶεευι,
539 4066 636 4117 ῦυίνΙει.
657 4065 761 4116 Felekm.
780 4066 802 4116 1.
854 4056 936 4129 κύριε.
974 4064 1112 4116 ὓοόίεείεσ.
1131 4073 1154 4114 ει
1172 4061 1308 4114 θεΙεΙιωιυ.
1324 4063 1346 4113 1.
1363 4055 1409 4111 καὶ
1427 4053 1442 4109 ό

216 4133 260 4184 Alii
285 4148 340 4184 τετυ
365 4143 389 4183 ει
415 4134 471 4182 edili
495 4127 683 4197 Σολομῶντος.
729 4134 801 4182 Paulo
854 4126 955 4195 Δαβίδ·
975 4125 1068 4210 κύριος
1084 4123 1287 4197 καταφυγνίεία
1317 4131 1379 4182 Εόίιλ
1397 4123 1444 4178 καί

217 4210 272 4266 pon
297 4201 436 4264 Βιρεειίεο.
456 4199 554 4250 Gobler.
573 4201 716 4249 θαμειαί.
736 4209 759 4248 ει
777 4201 801 4250 5.
855 4191 1045 4264 όμὲνΑαβιό
1064 4193 1170 4261 ψάλλει,
1189 4191 1346 4262 αύριοεείε.
1382 4197 1443 4246 ibid.

215 4266 330 4327 ποιῆσαι
353 4261 407 4333 πρὸ
434 4265 483 4315 τοῦ
501 4277 546 4316 ειε.
592 4267 645 4318 Μαι
663 4271 761 4329 sennar.
781 4276 804 4316 ει
855 4267 954 4326 8εςυετ.
973 4265 1071 4316 Gobler.
1090 4267 1205 4324 ειίςλελ.
1222 4267 1243 4316 1.
1262 4257 1444 4342 ίνγενεςῖναλ

216 4337 272 4399 fleg.
291 4330 339 4383 ταί
356 4337 469 4385 omittunt
486 4342 542 4398 ρσει
558 4325 677 4383 όδάτων.
854 4329 943 4396 γενεᾷ.
979 4333 1066 4395 negiu·
1090 4326 1129 4388 ιίε
1151 4327 1248 4398 γενεὰν
1274 4345 1320 4382 ιιαι
1336 4324 1443 4396 γενεάν.

251 4405 274 4452 b.
292 4404 432 4465 δερυενίεσ.
456 4395 532 4466 παρὰ
556 4395 586 4450 όί
609 4409 654 4450 ειε.
691 4399 755 4450 idem
781 4406 804 4449 εί
855 4399 917 4450 1.·σίιί
941 4390 979 4450 εἰς
994 4396 1098 4462 γενεάν.
1135 4403 1277 4464 Seguerian.
1305 4399 1361 4449 ibid.
1387 4411 1443 4448 eum

216 4470 304 4533 Βιχίαι
327 4463 382 4535 πρὸ
408 4467 457 4518 τοῦ
474 4482 510 4535 με
527 4461 629 4517 πλάσαι
647 4478 677 4516 σε
694 4477 740 4516 etc.
777 4467 803 4514 ln
855 4466 984 4530 psalmista
998 4467 1157 4528 γενηθῆναι.
1193 4470 1255 4522 Εᾱίιί
1274 4465 1347 4518 etalii
1361 4455 1444 4532 ἑόρα-

216 4539 287 4590 odiu·
304 4551 340 4604 με
358 4539 433 4589 deest.
470 4539 521 4588 θοι
540 4538 642 4598 δεςοετ.
660 4528 706 4582 καί
723 4527 804 4580 aaa·
856 4529 967 4590 σθῆναι.

216 4599 265 4670 pie
279 4599 386 4669 ψάλλει,
405 4599 481 4671 ιιόριε
498 4616 543 4656 etc.
579 4604 636 4666 neg.
657 4603 730 4654 lubet
746 4602 803 4652 item
891 4616 912 4648 ε.
931 4601 1070 4662 &gua-ian.
1098 4603 1194 4654 Gobler.
1224 4603 1331 4654 Felckm.
1351 4601 1372 4651 1.
1397 4593 1445 4652 ια)
