3162 5308
495 348 640 391 zotsoosu
656 349 676 391 t.
692 349 728 390 sn
745 348 940 392 seuuotousu.
1185 373 1189 383 ι
1256 335 1313 400 681

95 505 138 566 ita
163 501 303 581 seriptum
327 498 412 562 vobis
435 493 582 560 occurret}
624 498 682 560 Sed
711 508 811 560 eontra
840 500 870 560 io
894 499 1000 563 Genesi
1024 486 1164 581 seriptum
1188 513 1249 564 est:
1281 485 1403 566 litent.

97 583 234 686 Spiritus
257 603 317 664 Dei
334 603 494 682 [erelotur
523 619 615 681 super
637 619 747 681 opuos,
770 609 799 663 et
820 602 907 680 paulo
930 610 1015 680 post:
1045 602 1113 665 Nou
1131 593 1320 684 peronneto

97 706 234 788 Spiritus
263 723 346 766 meus
374 708 407 766 in
429 701 596 764 nominibus
619 701 681 774 lis,
715 705 784 782 quio
813 721 919 764 oornes
948 714 1030 765 sunt.
1074 704 1111 766 Et
1131 705 1162 766 in
1184 703 1318 767 Nemesis

97 808 170 870 dicit
191 807 309 886 Moyses
332 802 367 866 sd
390 803 480 864 filium
502 801 596 864 Nove:
619 803 663 866 Ne
684 803 758 864 uuili
778 801 950 866 aemuleris.
999 803 1073 877 Quis
1097 807 1238 870 tribuerit
1259 807 1320 870 Po-

92 909 205 992 pulum
227 908 352 970 Domini
371 924 434 968 esse
457 903 641 986 Prophetas,
671 923 736 966 oum
758 905 873 968 dederit
893 905 1040 968 Dominus
1063 905 1212 987 Spiritum
1233 928 1321 972 suum

98 1029 194 1092 super
216 1007 291 1072 eos?
333 1007 370 1068 Et
391 1007 421 1068 in
443 1007 576 1068 luditum
597 1005 681 1067 libris
709 1005 745 1066 de
768 1005 908 1066 othoniel
930 1005 1052 1069 dieitur:
1082 1007 1120 1070 llt
1145 1010 1247 1088 [oeteis
1276 1021 1321 1073 est

99 1132 194 1195 super
217 1130 282 1176 eum
304 1109 439 1190 Spiritus
461 1108 597 1179 Domim',
626 1116 655 1170 et
676 1107 819 1170 iodioooit
840 1107 958 1180 lsroe'l,
989 1117 1018 1170 et
1038 1111 1139 1189 [ortus
1162 1121 1206 1173 est
1228 1130 1321 1191 super

100 1214 206 1296 leplte
227 1213 361 1301 Spiritus
383 1210 514 1273 Domini.
558 1209 595 1270 Et
616 1209 654 1305 de
669 1207 830 1270 Samsone:
855 1209 964 1281 Crevit,
987 1209 1092 1290 inquit,
1111 1231 1200 1291 puer,
1225 1223 1253 1274 et
1268 1213 1403 1275 le-rem.

100 1318 219 1379 uedtioit
240 1319 267 1378 ei
285 1314 442 1382 Dominus,
466 1315 615 1392 coepitque
638 1309 771 1390 Spiritus
789 1309 912 1373 Domini
930 1314 977 1374 ire
1000 1331 1066 1374 oum
1087 1311 1151 1386 illo,
1175 1321 1203 1374 et
1217 1312 1343 1402 lrruit⁸

98 1421 134 1478 in
156 1419 220 1480 mim
242 1415 377 1496 Spiritus
403 1414 534 1475 Domini.
578 1413 668 1474 Dauid
691 1412 762 1474 item
783 1412 895 1492 psallit:
918 1412 1068 1494 Spiritum
1086 1426 1222 1478 sonetum
1237 1428 1322 1480 tuum

99 1537 140 1580 ue
159 1520 285 1598 ouseros
308 1535 327 1577 o
348 1535 403 1578 me.
447 1513 483 1574 Et
504 1533 610 1576 rursus
633 1514 662 1575 in
684 1513 801 1576 Psalmo
832 1515 993 1576 centesimo
1022 1517 1246 1597 quadragesimo
1269 1537 1319 1580 se-

98 1620 214 1682 cundo:
242 1619 379 1700 Spiritus
411 1626 481 1678 tuus
511 1615 607 1678 donus
630 1617 751 1681 deducet
778 1635 823 1678 me
845 1621 878 1678 in
900 1629 1015 1679 terrum
1036 1629 1162 1692 reotom,
1193 1630 1322 1702 propter
1383 1599 1387 1611 ⁸

97 1739 209 1786 momen
231 1731 332 1789 tuum,
354 1718 494 1788 Domine,
524 1717 689 1797 oioifieulis
710 1735 765 1780 me.
809 1717 843 1778 ln
865 1717 950 1779 Esaia
973 1737 1090 1798 quoque
1111 1721 1252 1800 scriptum
1274 1722 1320 1783 le-

98 1823 214 1902 gimus:
238 1819 372 1899 Spiritus
394 1817 517 1879 Domini
537 1835 630 1898 super
651 1837 714 1896 me,
738 1831 907 1899 propterea
935 1825 1025 1884 uomit
1053 1839 1107 1883 me.
1150 1824 1224 1884 Ante
1247 1841 1321 1903 quae

100 1923 191 1985 verbs
207 1921 314 1983 dictum
338 1928 414 1982 eret:
441 1919 496 1982 loe
518 1920 579 2001 filii
598 1921 777 1983 desertores.
821 1920 902 1984 Hoeo
923 1923 993 1986 dicit
1013 1923 1157 1987 Dominus
1166 1909 1183 1984 τ’
1199 1923 1322 1990 Fecistis

100 2024 262 2088 consilium
283 2043 345 2087 uon
363 2042 422 2105 per
442 2041 504 2094 me,
533 2034 562 2087 et
580 2033 687 2102 poeto,
715 2024 768 2086 sed
795 2041 858 2086 non
884 2043 943 2104 per
965 2023 1114 2105 Spiritum
1139 2045 1249 2098 mum,
1282 2028 1323 2091 od

96 2137 224 2208 peoooto
242 2129 373 2207 peeootis
395 2125 540 2189 addendo.
584 2124 621 2184 Et
642 2125 766 2186 iterum:
798 2126 906 2188 Audite
928 2126 1016 2188 loeo:
1040 2125 1109 2190 Non
1129 2147 1148 2188 o
1166 2133 1320 2212 principio

100 2231 135 2290 in
156 2228 329 2292 olsooudito
354 2227 471 2290 locutus
494 2245 570 2288 eum.
617 2226 689 2289 Cum
709 2227 806 2308 fieret,
829 2226 892 2288 illio
914 2247 1005 2300 erom,
1028 2239 1056 2292 et
1077 2231 1158 2292 riuus
1172 2230 1321 2296 Dominus
1425 2307 1428 2318 .

99 2333 182 2392 misit
202 2349 248 2392 me
270 2339 298 2392 et
319 2329 454 2410 Spiritus
477 2332 550 2390 eius.
595 2327 706 2388 Deinde
728 2327 829 2406 paucis
852 2328 1012 2392 interiectis
1040 2331 1135 2397 addit:
1169 2331 1233 2395 Hoo
1254 2336 1322 2413 soe-

101 2433 158 2494 dus
180 2450 277 2495 meum
298 2449 363 2493 oum
384 2435 475 2512 ipsis,
505 2431 583 2493 dimit
604 2429 769 2503 Dominus,·
800 2429 933 2510 Spiritus
956 2450 1054 2504 meus,
1083 2440 1135 2516 qui
1160 2444 1204 2497 est
1230 2439 1262 2497 im
1285 2447 1322 2500 te.

101 2531 140 2591 Et
160 2532 190 2592 in
212 2533 269 2604 his,
293 2551 367 2610 quae
389 2541 567 2612 sequuntur,
597 2549 701 2592 rursus
723 2531 776 2592 eit:
799 2531 869 2595 Non
892 2532 1004 2612 lepotus
1026 2554 1080 2597 neo
1103 2536 1248 2616 lupulus,
1271 2540 1324 2614 sed

104 2637 168 2713 ipse
188 2631 336 2694 Dominus
358 2639 494 2696 servavit
515 2652 576 2708 eos,
599 2638 668 2714 puio
690 2632 760 2696 illos
782 2633 922 2714 dilipelmt
944 2645 972 2696 et
989 2639 1063 2716 ipsis
1075 2638 1235 2716 poroeloot;
1259 2644 1323 2718 ipse

105 2732 230 2794 redetuit
252 2751 302 2794 eos
324 2743 352 2794 et
374 2740 515 2798 ossumsit
538 2753 603 2812 eos,
637 2747 665 2796 et
693 2734 819 2798 eleoooit
847 2755 896 2799 eos
926 2739 1041 2798 eunetis
1069 2738 1171 2802 diebus
1199 2739 1321 2802 soeculi.

105 2833 171 2914 Ipsi
196 2851 268 2896 uero
298 2849 544 2914 repupnooeruut
571 2849 600 2899 et
631 2838 671 2899 od
698 2838 887 2900 ireouudiom
906 2850 1153 2916 prooooooerunt
1174 2839 1324 2920 Spiritum

105 2947 243 2998 sonetum
265 2939 347 3007 eius,
372 2947 399 2998 et
421 2956 598 3002 conuersum
620 2949 665 3000 est
687 2942 728 3000 eis
752 2943 783 3000 in
805 2941 999 3000 inimicitiam·
1044 2938 1122 3002 llaec
1143 2951 1213 3004 sunt
1235 2942 1321 3004 etiem

105 3035 266 3098 Ezechielis
288 3037 390 3098 verba:
419 3037 458 3100 lit
483 3038 592 3104 leoooit
612 3057 658 3101 me
680 3039 813 3118 Spiritus
836 3039 1072 3120 silentumin
1095 3053 1210 3106 terrem
1232 3043 1323 3108 Cleol-

106 3223 195 3286 liepd.
231 3223 293 3274 Editi
311 3233 464 3288 postuocsm
479 3219 580 3290 ψαλμῷ
599 3224 688 3272 addunt
738 3233 758 3274 et
779 3239 791 3272 s
810 3226 900 3274 Graeco
918 3227 1056 3290 Scripturas
1075 3237 1146 3290 textu,
1165 3231 1188 3279 io
1207 3231 1321 3296 qooitem

104 3289 188 3358 λέγει,
214 3286 274 3348 καί,
300 3293 363 3356 qstod
384 3307 396 3341 ε
416 3293 493 3354 Regiis
512 3307 568 3342 mss.
588 3293 686 3354 Sogoeo.
739 3305 791 3341 mox
810 3301 834 3342 st
851 3293 874 3341 iu
894 3293 984 3356 liepl.
1003 3297 1138 3358 oiseium.
1156 3297 1242 3359 legitor
1260 3290 1322 3348 ini-

105 3361 202 3413 Gonleo.
226 3367 249 3410 et
273 3361 463 3410 Felelsmsnuii.
486 3363 560 3411 obest.
596 3359 687 3408 ibidem
738 3355 830 3408 στειλε.
866 3360 1027 3412 losliissero
1046 3357 1321 3416 etoditisimlouolxs.

51 3463 59 3476 .
105 3443 188 3480 omnes
208 3441 264 3478 mss.
282 3427 317 3495 γῇ
336 3419 442 3490 εὐθείᾳ,
463 3431 502 3478 ubi
522 3427 577 3478 editi
596 3423 629 3493 opi
647 3419 687 3476 soi·
772 3423 1103 3490 nusptmeihiesddu.
1131 3433 1195 3484 idem
1214 3437 1322 3486 moxho-

104 3497 166 3559 θείᾳ
189 3505 214 3546 ut
242 3501 304 3561 epod
330 3497 393 3546 Lxx.
422 3497 514 3559 legitor.
558 3495 686 3558 Sequentia
737 3495 776 3544 bet
794 3487 860 3554 odon
879 3488 953 3544 turio
971 3489 986 3557 ἢ
1004 3489 1066 3564 παρ’
1086 3491 1219 3566 tusone.
1247 3503 1321 3554 Psolo

104 3567 173 3616 uerbo
192 3579 267 3628 usquo
286 3565 315 3614 ml
333 3557 420 3624 ζήσεις
435 3577 470 3631 με
487 3564 574 3614 desunt
584 3563 608 3612 io
621 3563 686 3640 liob-
736 3571 792 3628 post
810 3565 864 3626 ileu.
877 3565 898 3615 l.
917 3565 1016 3627 signer.
1035 3567 1131 3620 Goblsr.
1151 3571 1287 3622 etielelun.
1298 3573 1321 3622 1.

106 3635 195 3684 lsrisuo
215 3633 383 3682 ostentui.
420 3634 482 3684 lisso
500 3631 581 3682 ultime
599 3627 686 3690 Cnosis
739 3633 884 3682 etGoosous
903 3633 1041 3698 Scriptores
1064 3645 1141 3687 textus
1167 3631 1197 3686 τὸ
1215 3637 1322 3706 πνεῦμα

49 3755 52 3764 ,
106 3715 139 3767 με
157 3707 248 3751 exstent
266 3708 355 3750 tentum
375 3703 398 3750 io
416 3702 472 3762 lieg.
488 3701 509 3750 i.
529 3709 552 3749 et
569 3701 668 3762 Segoer.
738 3693 769 3746 ui
788 3691 1041 3766 λμὸνὸλστννλπὶ
1061 3699 1166 3754 ooietn
1202 3706 1280 3757 Ceteri
1299 3717 1323 3758 st

139 3771 155 3818 i.
177 3765 330 3836 γέγρενπται
357 3769 425 3818 deest
451 3769 474 3816 in
501 3767 646 3818 Goblerisuo
665 3773 687 3816 st
739 3769 795 3816 editi
814 3759 829 3815 ὅ
847 3771 967 3818 omittunt.
1003 3770 1062 3822 ibid.
1082 3768 1248 3824 Goblsr..mei
1272 3768 1322 3823 noi·

524 3847 568 3882 suo
587 3827 616 3881 dl
634 3827 688 3898 πρὸ
739 3830 794 3881 λιν·
814 3825 845 3882 oei
862 3827 980 3898 usiosis
997 3847 1040 3888 etc.

518 3903 612 3950 habent.
637 3902 688 3949 lios
774 3903 790 3950 i.
808 3903 848 3952 Sic
867 3905 921 3964 llos.
934 3905 955 3952 1.
966 3905 1065 3966 Segoet.
1077 3906 1173 3957 Gobler.
1183 3909 1286 3960 Felekm.
1299 3911 1322 3962 i.

105 3967 152 4022 uui
174 3981 228 4020 unte
247 3961 278 4016 oi
297 3959 329 4016 δι’
350 3961 416 4034 ἐμεῦ
440 3978 462 4018 et
489 3959 521 4016 oio
544 3960 590 4014 ded
612 3959 689 4014 nussi-
740 3971 878 4018 etGooseus
889 3971 1026 4033 Scripturas
1045 3981 1127 4022 textos.
1163 3976 1206 4026 titi
1225 3987 1248 4027 et
1265 3979 1321 4031 edili

105 4031 193 4107 μετόν
209 4051 263 4104 μου
281 4038 372 4086 sdduut
388 4037 477 4098 Angue.
495 4035 566 4084 Desii.
585 4034 690 4084 ielelm.
740 4036 852 4085 omittunt
875 4031 920 4083 stul
947 4029 1074 4101 ἀνέλαβεν
1103 4031 1207 4096 adroic.
1247 4046 1321 4098 Psote

108 4109 130 4163 2,
150 4117 172 4158 et
190 4107 253 4156 editi.
290 4105 349 4154 inid.
368 4105 423 4164 ileu.
443 4103 467 4154 2.
485 4093 517 4150 δι’
538 4094 592 4168 ips.
740 4111 795 4166 post
814 4103 884 4153 iidem
902 4098 934 4152 τὸ
952 4095 1033 4168 ι’ἷγεον
1050 4097 1141 4160 αὐτοῦ.
1176 4112 1209 4162 lh
1228 4113 1280 4164 eliis
1299 4125 1323 4166 et

140 4191 163 4238 g.
181 4173 331 4236 Siolleg.1.
350 4173 447 4234 Seguer.
468 4179 490 4222 et
509 4169 690 4220 GoseeusSooi·
740 4171 809 4250 politis
833 4187 875 4248 eps
902 4165 985 4222 niret
1004 4178 1078 4226 subest.
1113 4179 1203 4231 ibidem
1222 4181 1277 4246 λεν,
1296 4184 1321 4232 2.

108 4253 191 4310 ptores
209 4249 294 4292 textus.
322 4241 382 4291 Editi
395 4233 539 4307 ἁμαρτίαν.
571 4239 688 4300 lloxlleg.
740 4251 906 4306 ανεστραφη.

113 4315 132 4362 i.
150 4313 249 4374 sepner.
274 4311 370 4361 Gobler.
398 4309 502 4358 isicium.
521 4306 542 4356 i.
562 4307 640 4358 Otioh.
666 4313 689 4356 et
774 4309 1083 4372 nstcneutetSepuer.
1118 4315 1144 4366 lu
1164 4315 1260 4368 Gobler.
1278 4333 1322 4368 so-

110 4379 439 4443 tsutusSeoiptusoeGssecus
450 4367 581 4424 ἀκούσατε
595 4373 687 4424 ταῦτα,
719 4431 722 4448 Ι
739 4385 785 4426 tem
805 4386 828 4426 et
838 4378 941 4428 Felclm.
954 4380 974 4428 1.
993 4373 1038 4428 καὶ
1052 4371 1180 4449 Ἰεζεχεήλ.
1208 4375 1322 4436 ealdul-

110 4447 185 4498 Ceteri
204 4455 227 4496 st
252 4448 308 4509 editi
333 4437 464 4494 ἀκούσατε
486 4435 687 4496 πάνταταῦτα.
738 4440 772 4492 λα
790 4458 802 4494 o
820 4453 864 4494 etc.
904 4447 948 4498 dlii
973 4455 997 4498 et
1022 4449 1078 4500 editi
1102 4445 1148 4498 uui
1178 4443 1192 4499 i
1221 4445 1322 4518 λζεχεὴλ

110 4513 160 4564 llos
186 4517 241 4564 item
273 4507 337 4581 ὑμῖν
369 4521 423 4578 post
448 4507 574 4572 λελάληκα
600 4513 690 4562 oddont
741 4526 811 4560 ουτω
828 4509 951 4578 ttystue
988 4515 1321 4572 dissentienteteumi.

111 4580 174 4642 editi,
192 4583 234 4632 sed
252 4583 319 4634 obest
336 4599 348 4632 s
368 4597 425 4633 mss.
444 4583 521 4646 Regiis
540 4587 562 4632 et
574 4581 645 4643 Sego.
664 4589 690 4632 ot
740 4572 868 4646 ἀνήγαγε.
906 4583 957 4634 ilos
982 4585 1037 4634 item
1063 4587 1127 4648 liegii
1154 4601 1213 4638 mss.
1236 4595 1260 4638 et
1276 4589 1322 4639 Se·

107 3837 210 3888 Feloim.
224 3838 244 3885 l.
281 3835 324 3884 lid.
338 3837 447 3884 omittunt
465 3828 524 3946 lllp

109 3899 213 3958 τούτου,
233 3903 301 3952 euius
320 3903 373 3950 loco
392 3910 495 3963 portae
