3176 5304
197 349 238 414 22
599 368 624 408 s.
640 366 794 410 ιταιιιιειι
809 367 1029 412 ικσοιτνιεοοει

109 531 267 593 εμοτοις
294 523 366 592 τοῖς
395 513 552 601 ῥήμασιν,
581 508 632 592 οἷς
660 514 833 584 αἰτιῶνται
855 517 911 583 νῦν
934 503 1043 581 οῦτοι·
1072 515 1154 600 λέγω
1177 513 1216 601 δὴ
1238 496 1285 602 τῶ
1309 515 1344 584 ἐκ
1364 519 1423 603 τῆς

95 643 97 650 ’
195 609 311 693 οὐσίας
330 616 384 680 καί
406 617 453 698 τῷ
477 611 654 701 όμοουσίηι,
677 619 730 682 καί
754 611 807 682 ότι
828 616 910 704 μήτε
930 622 1052 699 κτίσμα
1073 608 1095 703 ἢ
1115 621 1245 700 ποίημα
1259 615 1340 703 μήτε
1355 619 1421 684 τῶν

193 717 335 802 γενητῶν
357 715 447 782 ἐστιν
471 711 489 781 ὑ
510 719 569 782 τοῦ
591 720 675 784 θεοῦ
698 716 777 797 υἱός,
802 712 886 786 άλλὰ
907 723 1049 804 γέννημα
1070 715 1123 783 ”ίκ
1144 719 1203 802 τῆς
1223 710 1340 796 οὐσίας
1361 725 1420 783 τοῦ

194 815 321 901 πατρός
355 815 444 883 ἔστιν
478 812 495 882 ὑ
528 817 633 903 λόγος.
677 821 732 884 καί
760 817 799 884 τό
820 843 857 905 γε
883 817 1089 905 παράδοξον,
1113 811 1274 903 Εὐσέβιος
1302 813 1320 883 ὑ
1350 811 1418 884 άπὸ

192 923 397 1003 Καισαρείας
418 919 476 1005 τῆς
497 920 733 1007 Παλαιστίνης,
756 925 812 986 καί
833 943 887 986 τοι
908 919 975 1007 πρὸ
997 922 1077 1003 μιάς
1099 913 1305 1016 άρνούμενος,
1330 915 1420 1004 ὅμως

192 1014 329 1105 ύστερον
351 1014 559 1105 ὑπογράψας,
585 1019 754 1086 ἐπέστειλε
775 1023 814 1107 τῇ
838 1019 989 1108 ἐκκλησίᾳ
1005 1021 1132 1099 ἑαυτοῦ,
1157 1021 1258 1105 λέγων
1281 1019 1419 1106 1’ταύτην

195 1115 279 1185 εἶναι
306 1121 365 1207 τῆς
391 1119 561 1206 ἐκκλησίας
582 1118 640 1206 τὴν
662 1117 778 1187 πίστιν
800 1124 854 1187 καὶ
876 1125 943 1188 τῶν
964 1127 1118 1207 πατέριον
1139 1120 1198 1207 τὴν
1220 1119 1418 1206 παράδοσιν,

195 1223 282 1287 πᾶσί
303 1245 339 1286 τε
372 1223 523 1307 φανερῶς
552 1220 687 1300 ἐ’άειξεν,
723 1217 775 1287 ότι
804 1221 1201 1316 πρότερονέσφάλλοντο
1229 1224 1282 1288 καί
1313 1221 1420 1308 μάτην

107 1321 419 1410 νοτιέῳιλονείκουν
447 1320 534 1407 πρὸς
561 1321 620 1409 τὴν
648 1317 818 1410 άληθειαν.
865 1323 894 1390 εἰ
914 1322 975 1410 γὰρ
998 1326 1052 1389 καί
1074 1317 1222 1410 Ιτ’γσηύνθη
1244 1322 1320 1389 τότε
1341 1322 1420 1388 ταύ-

194 1447 268 1500 ταις
288 1431 362 1500 ταῖς
384 1423 492 1501 λέξεσι
512 1422 655 1508 γράψαι,
679 1426 732 1490 καί
757 1419 802 1502 ῶς
823 1417 986 1512 ἠθέλησεν
1008 1418 1106 1501 αὐτὸς
1129 1417 1357 1511 ἀπελογήσατο
1379 1426 1419 1510 τῇ

195 1523 360 1608 ἐκκλησίᾳ,
386 1517 470 1589 άλλά
492 1549 528 1608 γε
550 1523 607 1590 διὰ
628 1527 686 1609 τῆς
709 1524 887 1611 ἐπιστολῆς
908 1524 946 1590 τὸ
970 1520 1147 1608 ὑμοούσιον
1169 1527 1223 1590 καὶ
1245 1524 1283 1590 τό
1307 1524 1340 1591 ἐκ
1362 1527 1420 1610 τῆς

195 1617 309 1701 οὐσίας
336 1622 381 1710 μὴ
410 1619 648 1710 ἀρνησάμενος,
680 1628 831 1713 φανερῶς
857 1629 955 1691 τοῦτο
984 1628 1129 1712 σημᾶναι
1155 1625 1319 1709 βούλεται.
1364 1627 1418 1691 καί

194 1729 351 1790 πέπονθέ
372 1750 405 1790 τι
435 1723 577 1792 όεινόν·ο
606 1721 652 1803 ῶς
680 1726 741 1813 γάρ
771 1723 1052 1812 ἀπολογούμενος,
1076 1725 1276 1813 κατηγόρησε
1289 1725 1418 1794 ,λοιπὸν

193 1827 259 1890 τῶν
277 1819 475 1910 Ἅρειανῶν,
511 1821 564 1891 ότι
596 1825 797 1913 γράψαντες·
827 1822 884 1894 οὐκ
912 1817 951 1914 ἦν
975 1823 993 1892 ό
1015 1827 1086 1906 υίὸς
1108 1829 1188 1913 πρὶν
1209 1831 1417 1914 γεννηθῆναι,

121 1953 125 1968 ·
195 1919 253 1991 οὐκ
279 1923 403 2024 ἤθελον
426 1919 526 1992 αὐτὸν
548 1920 633 1993 εἶναι
656 1921 731 1993 οὐδὲ
753 1928 821 2014 πρὸ
843 1931 901 2014 τῆς
922 1928 1006 1995 κατὰ
1028 1928 1134 2014 σάρκα
1154 1933 1318 2014 γενέσεως.
1364 1933 1418 1996 καὶ

142 2111 145 2118 .
193 2027 291 2092 τοῦτο
320 2021 389 2093 owe
417 2029 470 2092 καί
490 2022 656 2108 Ἀνάνιος,
691 2021 731 2094 ῶν
752 2027 872 2116 μὴκαί
896 2026 995 2108 αὐτὸς
1018 2031 1183 2117 φοβηθείς
1205 2031 1261 2095 νῦν
1284 2028 1340 2096 όιά
1361 2029 1418 2096 τὸν

193 2125 306 2212 καιρὸν
334 2124 551 2216 ὑποκρίνηται
576 2131 630 2195 καί
654 2124 834 2216 άρνήσηται
855 2129 913 2217 τὴν
936 2125 1107 2218 ἀλήθειαν.
1151 2126 1321 2208 Ιὑπέταξα
1341 2133 1419 2215 γοῦν
1482 2139 1493 2158 ’

193 2227 227 2295 έν
249 2230 296 2312 τῷ
318 2230 405 2296 τέλει
426 2229 484 2318 τὴν
507 2229 686 2317 ἐπιστολὴν
707 2227 885 2316 Εὐσεβίου,
916 2232 972 2298 ἵνα
994 2231 1028 2298 ἐκ
1049 2229 1169 2316 ταύτης
1189 2232 1274 2316 γνῷς
1295 2233 1362 2297 τῶν
1382 2253 1419 2298 τε

192 2330 420 2415 χριστσμάχιον
448 2333 501 2397 καί
529 2330 612 2397 κατά
640 2331 797 2418 περιττὸν
826 2330 884 2416 τὴν
902 2326 1056 2397 Ἀκακίου
1085 2329 1171 2416 πρός
1192 2330 1269 2408 τοὺς
1292 2331 1417 2398 ἑαυτῶν

194 2430 411 2509 διδασκάλους
434 2425 676 2517 άγνιομοσύνην.

277 2539 309 2599 4.
352 2535 434 2611 Πῶς
455 2539 566 2600 τοίνυν
588 2528 645 2599 οὐκ
669 2527 840 2600 ἀδικοῦσιν
862 2521 969 2611 οὗτοι,
993 2525 1052 2618 κᾷν
1076 2530 1317 2616 ἐνθυμούμενοι
1339 2530 1417 2614 ομό·

194 2655 250 2699 νον
272 2626 450 2718 άντιλίγειν
472 2636 512 2720 τῇ
534 2633 677 2722 τοσαύτη
700 2637 754 2700 καί
772 2633 976 2720 οίιίουμενικῇ
994 2631 1141 2719 συνόόηι,·
1164 2636 1238 2710 πῶς
1253 2626 1292 2697 ού
1307 2655 1418 2718 παρα-

193 2735 331 2817 νομεῦσι
366 2735 552 2818 τολμῶντες
580 2731 789 2820 άντιβλέπειν
816 2745 889 2812 τοῖς
915 2736 1023 2812 καλῶς
1052 2729 1223 2820 όρισθεῒσι
1249 2733 1335 2800 κατά
1360 2736 1419 2821 τῆς

190 2831 361 2923 Ἀρειανῆς
383 2835 539 2922 αἱρέσεως
561 2839 614 2902 καί
637 2841 917 2922 μαρτυρουμένοις
937 2831 1006 2901 ὑπὸ
1028 2838 1094 2900 τῶν
1117 2829 1235 2913 αὐτοὺς
1257 2834 1418 2922 πρότερον

194 2930 324 3022 ἀσεβεῖν
347 2935 567 3020 όιόαξάντωνς
590 2937 619 3004 εί
642 2938 678 3004 όὲ
699 2939 753 3004 καί
775 2935 860 3022 μετά
880 2935 919 3001 τὸ
941 2932 1139 3022 ὑπογράψαι
1152 2935 1371 3021 μετεβάλοντο
1386 2937 1418 3001 οἱ

192 3039 270 3122 περί
292 3032 469 3124 Εὐσέβιον,
498 3041 551 3106 καὶ
576 3033 625 3117 ,ῶς
653 3036 745 3116 κύνες
774 3037 821 3116 εἷς
848 3037 886 3103 τὸ
913 3037 1002 3104 ἰ’όιον
1025 3037 1166 3122 ἐξέραμα
1187 3039 1246 3120 τῆς
1267 3032 1419 3121 ἀσεβείας

194 3137 443 3224 ἐπέστρεψαν“),
459 3142 547 3219 ’πῶς
575 3133 645 3222 οὐχί
675 3141 728 3205 καὶ
756 3139 883 3223 μᾶλλον
905 3135 995 3217 άξιοι
1016 3134 1134 3221 μίσους
1157 3136 1189 3200 οἱ
1211 3139 1267 3201 νῦν
1290 3131 1418 3202 άντιλέ-

192 3259 313 3321 γοντες,
338 3234 391 3303 ότι
411 3240 469 3323 τὴν
493 3241 685 3328 ἐλευθερίαν
707 3243 765 3326 τῆς
786 3239 910 3306 ἑαυτῶν
932 3241 1040 3324 ψυχῆς
1062 3235 1176 3312 ἄλλοις
1196 3241 1418 3320 προπίνοντες

192 3334 329 3414 τούτους
355 3340 409 3403 καί
439 3340 668 3426 καθηγεμόνας
688 3345 747 3426 τῆς
769 3341 925 3422 αἱρέσεως
948 3339 1030 3420 ἔχειν
1052 3335 1259 3415 ίέθέλουσιν,
1285 3330 1418 3422 άνθρώ-

192 3459 287 3518 πους,
319 3432 364 3515 ῶς
386 3431 478 3504 εἶπεν
502 3434 520 3504 ὑ
540 3434 703 3526 Ἰάκωβος,
735 3438 896 3523 διψόχους
917 3440 969 3505 καί
994 3431 1240 3515 άκαταστάτους
1264 3434 1362 3516 όντας
1382 3437 1417 3504 έν

192 3536 320 3627 πάσαις
341 3547 416 3615 ταίς
438 3533 531 3618 όόοῒς
552 3533 698 3620 αὐτῶν),
722 3542 775 3606 καί
799 3539 843 3628 μὴ
866 3545 944 3624 μίαν
966 3539 1026 3622 μὲν
1049 3537 1181 3622 ’ἔχοντας
1195 3537 1335 3625 γνώμην,
1359 3537 1419 3604 άλ-

192 3639 268 3706 λοτε
297 3639 333 3706 όέ
361 3636 468 3718 άλλως
495 3641 814 3725 μεταβαλλομένους,
849 3644 903 3706 καί
926 3642 982 3707 νῦν
1002 3639 1062 3722 μέν
1085 3637 1303 3717 ἐπαινοῦντας
1325 3639 1344 3705 ὃ
1366 3641 1419 3707 λέ-

160 3816 162 3824 ¹
191 3760 296 3823 γουσι,
319 3734 387 3824 μετ’
413 3735 522 3826 ὀλίγον
545 3742 581 3808 όὲ
603 3747 766 3828 ψέγοντας
781 3737 864 3825 ὅπερ
880 3739 1036 3826 εἰρήκασι,
1052 3742 1106 3807 καί
1122 3737 1225 3806 πάλιν
1242 3739 1418 3807 ἐπαινοῦν-

193 3863 253 3918 τας
275 3835 358 3926 ὅπερ
381 3843 448 3928 πρὸ
469 3845 587 3930 μικροῦ
611 3843 812 3928 διέβαλλονίῑ
845 3844 944 3907 τοῦτο
967 3843 1012 3922 δέ,
1038 3838 1083 3920 ῶς
1101 3836 1267 3930 ὑΠοιμὴν
1283 3841 1417 3930 ε’ίρηκεν,

196 3940 325 4027 ἐ’κγονόν
348 3939 419 4009 ἐστι
442 3941 609 4030 διαβόλου,
633 3947 686 4012 καί
708 3941 865 4010 καπίλαιν
889 3944 924 4011 δὲ
946 3945 1073 4028 μᾶλλον
1089 3946 1142 4011 καί
1159 3934 1419 4011 όῦόιόασκάλων

267 4161 332 4226 m.
352 4163 415 4214 Petri
434 4161 458 4224 2,
477 4163 517 4214 22.
587 4165 612 4224 2)
631 4167 711 4216 lacobi
732 4168 755 4225 1,
773 4165 797 4217 8.

230 4311 253 4348 ε.
272 4298 313 4348 Sic
329 4297 386 4358 fleg.
422 4297 450 4346 At
472 4297 513 4348 alii
537 4305 562 4347 ιι
587 4299 644 4348 editi
661 4293 783 4362 γέννημα
836 4301 874 4349 iici
894 4279 1043 4348 ευιιιίτουιι
1060 4287 1101 4342 ἔτι
1119 4287 1150 4342 τὸ
1169 4285 1420 4373 ἀναθηιαηίζεσθηιι

196 4359 242 4413 καὶ
261 4363 308 4424 τῆς
324 4361 374 4412 τοῦ
391 4357 497 4428 πατρὸς
514 4355 617 4417 οὐσίας.
836 4360 866 4412 τὸ
891 4358 945 4428 πρὸ
970 4361 1019 4410 τοῦ
1040 4356 1203 4425 γεννηθέντι
1227 4373 1275 4408 ουκ
1297 4375 1344 4418 ην,
1371 4373 1420 4410 ουτ

229 4432 254 4482 b.
272 4423 375 4492 ταύτην
391 4431 541 4481 restituimus
559 4445 585 4480 ex
604 4447 649 4482 ms.
668 4432 724 4491 Res.
835 4423 941 4478 ἄτοπον
957 4421 1091 4493 ἐνομίσθη
1111 4423 1150 4491 τῷ
1167 4422 1243 4494 παρὰ
1254 4423 1340 4474 πᾶσιν
1352 4419 1418 4492 ὁμσ-

232 4515 253 4552 ε.
273 4499 337 4552 Ηιιι
354 4507 410 4550 sunt
427 4499 479 4563 ipu
499 4497 594 4550 Eusehii
612 4499 682 4548 verba
693 4495 782 4546 ειείιιι
834 4493 977 4560 λιγεῖσθαι
999 4488 1032 4542 τὸ
1050 4481 1120 4569 τληαι
1136 4487 1187 4541 τὸν
1202 4487 1263 4542 υἱὸν
1280 4491 1330 4541 τοῦ
1348 4491 1419 4543 Θεοῦ

199 4567 319 4631 epistola,
337 4579 408 4633 quam
426 4567 450 4617 in
469 4565 516 4616 flue
534 4563 605 4616 huius
625 4564 705 4630 operis
724 4561 782 4610 sub·
833 4555 888 4626 πρό
906 4559 954 4620 τῆς
970 4553 1040 4609 κατὰ
1050 4572 1139 4628 σαρκο
1150 4555 1309 4626 γεννήσεως.
1330 4562 1419 4613 Iden:
