3226 5308
539 355 646 399 nutrio
662 355 705 398 ur.
722 355 836 397 courna
852 354 985 398 ouranos.
1302 341 1369 432 561ι

140 507 250 570 Filium
278 505 418 578 habetur,
451 505 549 568 nullus
579 505 729 568 dubitandi
752 505 835 566 locus
858 511 919 578 cst,
950 505 1021 584 quin
1043 505 1108 585 ipse
1130 505 1289 590 Dominus,
1313 509 1447 588 quinum.

141 609 359 691 interrogabat,
381 608 411 668 id
432 608 516 688 prius
540 607 628 668 Petro
652 627 686 668 ex
708 607 795 668 Patre
816 607 1004 680 revelaverit,
1034 607 1197 688 deindeque
1219 617 1252 670 ut
1272 610 1362 670 homo

142 709 387 790 interrogaverit,
420 728 478 787 quo
513 708 746 782 demonstraret,
782 728 832 784 ea,
866 709 902 770 de
931 709 1038 788 quihus
1063 709 1223 771 secuudum
1245 725 1362 773 carnem

141 812 348 882 sciscitabatur
377 819 406 873 et
432 829 507 890 quae
529 809 634 872 Petrus
664 819 726 872 erat
755 810 904 882 dicturus,
938 829 971 872 se
1000 812 1162 873 secundum
1184 812 1362 874 divinitatem

135 916 260 993 cognita
282 914 400 974 habere.
444 912 606 973 Fatendum
629 931 698 992 ergo
722 921 775 986 est,
799 911 848 972 illa
864 913 1041 992 cognovisse
1055 913 1170 986 Filium,
1194 914 1242 992 qui
1258 933 1363 993 nempe

142 1017 242 1078 omnia
265 1024 294 1077 et
316 1033 402 1076 suum
423 1013 540 1076 Patrem
563 1015 660 1088 novit,
692 1033 750 1094 qua
769 1013 866 1076 Patris
895 1015 1065 1093 cognitione
1085 1014 1159 1076 nihil
1180 1034 1251 1077 saue
1272 1015 1364 1077 maim

141 1126 193 1180 aut
214 1117 373 1198 perfectius
397 1135 464 1178 esse
485 1123 595 1195 potest.

230 1223 281 1284 47.
325 1219 362 1280 Et
383 1218 456 1280 haec
476 1218 594 1296 quidem
616 1216 766 1280 sufficiunt
787 1217 823 1278 ad
846 1216 912 1279 illos
927 1216 1014 1296 plene
1028 1216 1216 1278 refellendos.
1246 1217 1365 1280 Libcret

141 1331 242 1384 tamur
264 1321 336 1381 haec
357 1320 393 1382 ah
415 1320 472 1382 illis
494 1321 665 1400 requirere,
697 1339 755 1398 quo
786 1319 950 1383 evidentius
973 1319 1027 1394 sit,
1058 1339 1110 1380 eos
1134 1327 1163 1380 et
1183 1319 1312 1382 veritatis
1336 1325 1365 1382 et

143 1423 254 1486 Christi
277 1422 407 1484 nelarios
429 1423 533 1484 hostes
556 1441 642 1498 esse;
673 1413 784 1483 scilicet
805 1421 966 1501 Apostolus
988 1420 1116 1488 secunda
1138 1421 1173 1482 ad
1196 1419 1365 1482 Corinthios

141 1524 277 1604 Epistola
298 1524 338 1586 ita
358 1523 476 1586 scribit:
505 1523 575 1586 Scio
599 1524 747 1586 homiaem
768 1527 801 1586 in
826 1523 945 1586 Christo
969 1535 1038 1586 unte
1060 1543 1157 1585 uanos
1180 1525 1364 1604 quatuorde-

143 1631 215 1702 cim,
245 1631 308 1690 sive
334 1631 367 1689 ic
396 1645 524 1706 corpore
552 1631 668 1702 nescio,
703 1629 766 1687 stoc
795 1635 886 1687 estro
916 1643 1027 1704 corpus
1049 1629 1164 1697 nescio,
1193 1624 1274 1686 ileos
1296 1628 1361 1687 scit.

143 1727 222 1802 Quid
245 1747 315 1807 ergo
337 1728 387 1788 hio
408 1725 530 1788 dicitis?
553 1727 639 1788 Novit
660 1726 833 1806 Apostolus,
857 1725 928 1804 quid
951 1725 1008 1786 sibi
1024 1726 1054 1786 in
1069 1725 1183 1788 risione
1198 1725 1361 1804 contigerit,

139 1832 212 1893 licet
233 1831 309 1892 dicat
329 1834 445 1901 nescio,
468 1829 514 1891 vel
536 1847 596 1890 nou
618 1827 724 1891 noviti
761 1829 792 1890 Si
815 1847 876 1890 nou
898 1828 1020 1890 novisse
1043 1827 1244 1907 respondetis,
1268 1827 1364 1889 videte

139 1953 182 1996 ne
204 1932 354 1994 erroribus
378 1931 490 1994 assueti
513 1931 542 1992 in
558 1931 705 2011 Phrygum
729 1949 846 2010 quoque
869 1929 1047 2010 impietatem
1069 1929 1215 2002 incidatis,
1238 1921 1363 2010 quoruu'r

139 2055 250 2115 nempe
283 2035 430 2100 sententia
462 2042 524 2107 cst,
557 2034 723 2112 Prophetas
752 2041 782 2094 et
809 2033 882 2094 alios
905 2033 992 2094 Verbi
1014 2033 1206 2096 administros
1229 2033 1364 2112 ignorare

138 2148 204 2201 tum
228 2157 271 2211 ea,
293 2155 367 2217 quae
388 2145 487 2216 agunt,
511 2144 574 2198 tum
596 2155 671 2215 quae
694 2135 879 2201 annuntiant.
918 2134 1004 2206 Quod
1027 2133 1052 2196 si
1075 2143 1187 2208 nosset,
1211 2155 1276 2198 cum
1292 2134 1363 2198 dixit

138 2243 253 2308 nescio,
275 2239 383 2320 quippe
405 2239 453 2319 qui
470 2237 619 2302 Christum
643 2239 673 2302 in
697 2237 800 2316 seipso
823 2236 879 2298 sibi
904 2237 1002 2298 omnia
1026 2239 1247 2318 patefacientom
1269 2237 1354 2300 habe·

138 2347 204 2412 ret,
237 2358 273 2400 au
302 2359 363 2402 nou
392 2359 495 2402 revera
527 2357 687 2420 perversus
711 2348 740 2401 et
764 2337 952 2400 damnatione
973 2357 1028 2417 per
1049 2358 1082 2401 se
1104 2339 1294 2420 dignissimus
1316 2345 1363 2400 eet

138 2441 194 2504 Ilei
217 2441 346 2505 hostium
374 2445 508 2516 animus,
543 2443 593 2521 qui
621 2441 796 2520 Apostolum
820 2441 965 2503 dicentem
986 2446 1085 2504 aeso'o
1109 2443 1185 2504 scire
1207 2439 1303 2512 aiunt,
1333 2447 1363 2500 et

139 2543 300 2604 llominuru
322 2543 458 2604 similiter
479 2543 627 2604 dicentem
650 2547 746 2606 actn'o
775 2543 889 2605 nescire
916 2542 1120 2606 contendunt?
1163 2541 1235 2602 Nam
1266 2539 1292 2602 si
1315 2558 1361 2614 eo,

145 2642 225 2720 quod
248 2641 381 2702 Christus
403 2644 434 2702 iu
456 2643 505 2703 illo
529 2651 626 2717 esset,
649 2644 733 2706 scivit
753 2645 861 2708 Pardus
885 2665 934 2720 ea,
957 2665 1031 2726 quae
1054 2663 1087 2706 so
1110 2643 1225 2706 nescire
1246 2641 1302 2713 ait,
1324 2657 1361 2702 an

142 2761 207 2804 non
229 2742 322 2804 multo
344 2743 437 2820 magis
461 2743 515 2804 scit
537 2743 682 2820 Christus,
704 2746 772 2809 licet
793 2767 826 2809 se
848 2747 964 2810 nescire
987 2743 1090 2808 dicat?
1121 2745 1221 2823 ltaque
1243 2739 1361 2804 Christo

141 2843 337 2926 patefaciente
357 2854 481 2906 noverat
500 2845 675 2926 Apostolus,
705 2848 775 2928 quid
803 2848 861 2911 sibi
889 2848 1067 2921 evenisset3·
1085 2844 1230 2926 siquidem
1251 2841 1361 2904 idcirco

139 2947 209 3026 ipse
231 2945 286 3007 ait:
320 2943 389 3008 Scio
413 2947 558 3010 bominem
578 2952 611 3011 ia
635 2949 765 3014 Christo.
809 2949 882 3012 Nam
904 2949 953 3028 qui
976 2945 1125 3008 hominem
1147 2952 1279 3018 noverat,
1301 2959 1363 3002 nou

140 3065 216 3110 sane
238 3046 399 3126 ignorabat,
423 3067 550 3128 quonam
573 3051 661 3113 modo
683 3061 787 3131 raptus
809 3051 916 3112 luisset
937 3049 985 3110 ille
1001 3049 1101 3109 homo.
1133 3047 1265 3109 Elizaeus
1280 3043 1361 3117 item,

140 3148 194 3228 qui
216 3147 309 3212 Ellam
330 3149 359 3210 io
382 3150 491 3212 caelum
513 3153 577 3232 rapi
599 3153 681 3226 vidit,
704 3160 828 3215 noverat
849 3171 920 3214 sano
936 3150 1085 3231 quomodo
1101 3155 1250 3211 assumtus
1265 3152 1360 3221 esset3

140 3257 270 3312 attamen
293 3253 425 3332 quamvis
453 3253 481 3314 id
507 3273 568 3317 non
601 3256 770 3334 ignoraret,
805 3253 873 3316 filiis
904 3251 1120 3332 Prophetarum
1151 3247 1360 3313 arbitrantibus

138 3351 234 3414 Eliam
255 3351 285 3414 io
308 3353 432 3434 aliquem
460 3358 606 3420 montium
634 3378 650 3422 a
680 3357 791 3439 Spiritu
819 3357 984 3435 proiectum
1015 3354 1122 3430 luisse3
1155 3353 1204 3416 ille
1231 3353 1442 3434 inquamncor.

138 3454 189 3533 qui
210 3454 295 3516 initio
323 3466 462 3532 noverat,
491 3460 571 3540 quod
599 3461 729 3536 viderat,
759 3479 851 3540 caque
873 3459 910 3522 de
931 3478 964 3521 re
986 3458 1052 3522 illos
1075 3459 1183 3520 lecerat
1206 3455 1358 3529 certiores,

137 3554 244 3618 iisdem
277 3556 445 3638 importune
478 3560 653 3640 urgentibus
683 3569 713 3624 et
741 3562 914 3643 cogentibus
946 3560 1088 3624 conticuit
1115 3568 1144 3622 et
1173 3558 1254 3620 abire
1282 3553 1358 3616 sivit.

137 3655 216 3718 Num
239 3676 323 3737 ergo,
346 3662 415 3739 quia
437 3661 592 3736 conticuit,
616 3663 766 3728 nescivit?
803 3665 889 3727 Certe
911 3665 1012 3736 scivit;
1040 3663 1093 3725 sed
1116 3680 1168 3724 cos
1191 3657 1275 3740 quasi
1296 3675 1360 3718 rem

137 3758 206 3838 ipse
227 3760 355 3823 nesciret
382 3761 509 3836 dimisit,
543 3771 576 3826 ut
605 3764 722 3826 tandem
754 3768 889 3845 persuasi
919 3786 980 3828 uon
1002 3764 1127 3842 amplius
1149 3763 1186 3824 de
1208 3759 1288 3820 Elias
1309 3775 1360 3820 as-

176 3912 193 3960 l.
212 3911 268 3962 Vide
287 3913 403 3977 Epipbsn.
423 3915 488 3965 brer.
507 3915 547 3966 ts.
776 3910 930 3985 iXptorir.
969 3916 1013 3964 llii
1027 3923 1050 3964 ct
1062 3915 1118 3964 editi
1130 3903 1196 3961 abab
1207 3904 1221 3958 d
1231 3903 1358 3976 Χριστός.

175 3993 197 4040 g.
216 3981 255 4029 Sic
272 3979 326 4042 lieg.
350 3982 370 4030 l.
389 3983 724 4044 Segesamunculum·
810 3987 831 4035 t.
852 3987 906 4044 lleg.
918 3985 939 4034 l.
958 3985 1058 4044 Seguer.
1078 3981 1174 4031 Gobler.
1186 3989 1209 4029 et
1220 3979 1322 4028 l'elclm.
1336 3979 1357 4030 l.

137 4047 220 4096 manui
241 4046 261 4096 l.
299 4049 359 4098 Editi
377 4063 433 4099 vero
451 4043 481 4098 lv
498 4043 573 4116 αὐτῷ
590 4045 640 4098 τὸν
656 4051 724 4119 Xpt-
775 4050 824 4099 τοῦ
841 4053 942 4116 κυρίου.
978 4049 1056 4100 Ceteri
1084 4058 1108 4099 ot
1135 4049 1191 4098 editi
1218 4043 1267 4095 τσῦ
1291 4039 1358 4096 υἱοῦ.

138 4108 208 4162 στὸν
232 4107 281 4162 τὸν
303 4107 534 4170 ἀποκαλύπτοντα.
572 4119 644 4168 Paulo
669 4126 726 4184 post
776 4120 828 4169 Mox
847 4121 903 4180 lieg.
924 4120 946 4168 l.
972 4127 995 4168 et
1012 4117 1110 4179 Seguer.
1127 4110 1181 4183 γὰρ
1198 4109 1245 4164 καί
1262 4127 1355 4181 φησιν.

137 4183 195 4241 neg.
217 4183 237 4232 l.
261 4185 401 4246 Segnerian.
420 4187 517 4237 Goblor.
536 4195 559 4235 et
577 4186 681 4236 l'elclm.
703 4187 724 4236 l.
775 4189 820 4238 ttit
839 4197 861 4236 et
880 4187 937 4238 editi
954 4179 1008 4252 γάρ
1027 4195 1122 4250 φησιν.

135 4243 293 4316 θεσμᾶχων.
314 4251 392 4302 Ceteri
406 4262 430 4303 et
442 4255 498 4304 editi
508 4246 722 4322 Χριστσμάχων.
810 4255 825 4304 Ι.
844 4255 900 4318 lieg.
921 4256 943 4306 l.
961 4264 984 4305 et
1002 4255 1102 4316 Seguer.
1120 4243 1177 4304 olda
1193 4249 1257 4306 uois.

173 4319 187 4367 h
216 4321 270 4381 lteg.
283 4319 304 4368 l.
323 4319 423 4382 Segusa.
443 4322 532 4372 Gobler
553 4323 724 4374 attolebat.
810 4337 840 4372 m.
858 4319 911 4392 μέν
927 4325 995 4374 abest
1013 4339 1024 4372 a
1044 4323 1115 4374 basil.

135 4378 299 4454 φάσκουσιν.
335 4387 381 4437 ltu
399 4397 423 4437 et
441 4391 497 4438 editi
515 4385 645 4454 λέγουσιν.
674 4431 677 4438 ,
810 4406 833 4440 a.
852 4393 922 4443 basil.
942 4391 1031 4455 anglic
1057 4399 1079 4442 et
1103 4391 1207 4442 rateto.
1226 4388 1250 4438 5.
1268 4375 1359 4434 διστά-

171 4455 186 4503 i.
207 4457 262 4516 lieg.
282 4455 304 4504 l.
323 4463 347 4504 et
364 4457 503 4518 Segnertrn.
521 4450 613 4519 ἐπειδή
630 4469 725 4510 etmot
776 4469 853 4508 σωσι.
892 4460 965 4510 Paulo
988 4469 1044 4524 post
1068 4469 1167 4524 uterque
1186 4459 1241 4516 fleg.
1259 4455 1357 4530 δομοις.

136 4512 208 4585 ἅπερ
225 4517 302 4586 λέγει.
341 4523 386 4572 ltu
411 4533 434 4574 et
456 4527 512 4575 editi
536 4520 595 4576 tuat
617 4536 640 4578 et
658 4519 724 4594 ὅπερ
776 4525 848 4578 basil.
873 4529 968 4578 Gohler.
993 4538 1016 4578 et
1038 4529 1144 4578 lelclm.
1165 4526 1185 4574 l.
1205 4531 1229 4572 ct
1245 4521 1268 4572 b.
1287 4513 1358 4568 ciro
1559 4529 1564 4536 “

137 4581 218 4648 λέγει.
253 4589 495 4655 Paolopostlieg.l.
513 4603 536 4646 et
553 4595 626 4660 Sego.
643 4587 726 4648 odric
776 4585 913 4664 ignorate.
948 4595 975 4646 lu
993 4596 1047 4646 aliis
1065 4604 1089 4645 et
1105 4595 1176 4646 editis
1194 4584 1208 4638 ὁ
1226 4589 1300 4640 deest
1440 4583 1446 4598 '

174 4669 301 4716 Arusacen
312 4683 364 4720 aar.
374 4687 444 4724 noos.
457 4692 506 4725 aar..
1124 4676 1157 4727 ³⁰
