3234 5282
564 425 692 471 omno
706 425 740 470 u.
755 426 872 472 coortu
886 417 1020 472 mutos.
1337 414 1401 478 397
1450 437 1453 444 ¹

174 582 253 638 statu
275 573 442 656 suspiciunt
455 581 494 636 'et
514 574 941 656 admirantumresponderet:
964 577 1111 640 Dom‘our
1136 583 1252 644 monuit
1271 599 1318 642 ore
1340 583 1487 647 interm.

172 681 248 741 msa
270 681 391 741 vtcrom
413 693 541 738 morem
562 681 596 738 io
618 693 714 756 opero
735 694 807 748 rao,
836 684 868 738 et
888 677 1045 740 Formooa't
1065 697 1111 740 me
1131 691 1167 742 ut
1190 699 1403 762 eonpreporma
1489 665 1507 678 ”

171 777 283 842 irruit.
327 778 409 840 idem
440 785 538 839 autem
567 775 634 855 ipse
663 793 781 855 quoque
811 775 941 856 Spiritus
969 776 1001 837 in
1028 777 1155 839 Psalmis
1183 779 1401 858 praenuncians

169 879 283 942 aiebat:
318 879 512 942 constituisti
519 895 598 940 *mm
618 894 712 957 super
735 894 830 956 opero
849 867 994 938 monum
1017 885 1158 950 tuorum,
1187 881 1266 959 quod
1288 889 1318 940 et
1337 880 1401 942 Do-

168 981 270 1044 minus
300 979 338 1042 de
365 979 466 1058 seipso
494 977 542 1040 his
571 977 726 1038 confirmat
752 976 869 1039 verbis:
913 977 978 1058 Bpo
1005 985 1106 1040 nutem
1129 982 1311 1048 constitutos
1334 997 1402 1040 roos

170 1101 230 1145 rem
257 1082 295 1145 od
323 1099 358 1144 eo
389 1097 482 1161 super
503 1077 581 1142 Sion
601 1089 734 1146 montem
755 1091 895 1142 sonetum
916 1083 990 1141 ants.
1033 1077 1131 1138 Porro
1154 1077 1402 1157 quemadmodum

111 1213 120 1220 ·
170 1201 238 1246 cum
260 1181 355 1244 monti
376 1181 450 1243 Sion
472 1196 600 1259 corpore
629 1177 739 1252 illuxit,
769 1187 840 1240 tuno
867 1196 929 1241 non
950 1178 1083 1258 incoepit
1104 1196 1172 1240 esse
1195 1185 1246 1240 aut
1266 1195 1401 1257 regnare,

171 1284 226 1346 sed
248 1302 315 1346 cum
338 1291 420 1346 esset
440 1281 506 1362 ipse
527 1279 657 1342 Verbum
678 1287 709 1340 et
721 1297 773 1341 rex
789 1280 1000 1360 sempiternus,
1023 1279 1192 1341 humaniter
1206 1279 1299 1340 voluit
1313 1297 1401 1342 soum

168 1402 292 1464 regnaun
314 1382 437 1446 illucere
456 1401 575 1462 quoque
597 1381 629 1442 in
651 1379 741 1453 Sion,
771 1388 805 1442 ut
826 1380 938 1443 scilieet
959 1391 990 1442 et
1009 1398 1066 1441 nos
1084 1387 1119 1454 ¹ct
1139 1379 1206 1441 illos
1229 1399 1246 1441 a
1267 1387 1399 1461 peceato,

169 1485 249 1566 qnod
273 1485 304 1546 in
327 1485 372 1546 eis
392 1483 544 1563 regnabat,
567 1481 729 1544 redimeret
742 1488 773 1543 et
786 1479 818 1542 in
831 1490 988 1562 paternum
1004 1481 1051 1542 rui
1066 1480 1220 1560 merium
1234 1481 1399 1560 redigerem

62 1611 70 1626 ·
168 1585 226 1666 qua
247 1587 350 1666 otique
371 1585 486 1648 radone
507 1585 539 1646 in
561 1602 652 1664 opera
673 1590 721 1646 est
742 1583 934 1656 constitutus,
957 1593 1019 1643 non
1040 1600 1115 1663 quae
1136 1583 1269 1644 noudum
1283 1591 1397 1658 essent,

169 1687 223 1750 sed
245 1705 320 1768 quae
341 1687 400 1748 iam
423 1686 584 1748 existerent
606 1692 636 1746 et
657 1683 864 1746 emendatione
886 1683 1063 1762 indigerent

256 1886 307 1950 53.
350 1884 443 1963 Igitur
470 1883 526 1944 irae
548 1883 692 1945 dictiones
716 1886 843 1953 creauit,
870 1885 1021 1964 [amnuit
1043 1893 1073 1946 et
1094 1886 1253 1946 oooata'tua't
1274 1881 1397 1944 eandem

167 1985 280 2050 habent
301 1983 562 2064 significationem,
595 2001 652 2046 neo
680 1981 741 2045 ullo
769 1984 860 2044 modo
888 1983 1032 2064 probant,
1065 1984 1113 2046 vel
1140 2001 1208 2045 eum
1230 1981 1398 2063 incoepisse
1465 2034 1470 2044 .

167 2107 255 2163 esse,
276 2086 322 2149 rel
344 2075 471 2147 creatam
494 2083 558 2156 eius
578 2103 651 2154 esse
672 2093 826 2159 naturam,
849 2085 904 2148 sed
925 2085 1132 2166 intelligendae
1154 2093 1226 2147 sont
1246 2084 1283 2146 de
1303 2101 1396 2146 reno-

167 2189 303 2262 vatione,
335 2205 392 2266 qua
419 2205 476 2248 nos
509 2185 651 2267 singrdari
679 2185 825 2249 beneficio
854 2186 967 2248 reiecit
1010 2186 1111 2268 itaque
1141 2185 1209 2248 iioct
1235 2186 1309 2249 haec
1330 2185 1396 2249 eiua

166 2291 229 2352 sint
249 2287 349 2364 rerba,
371 2287 437 2368 ipse
457 2287 650 2350 nihilominus
672 2306 706 2350 so
727 2296 797 2350 ante
819 2305 871 2349 res
893 2287 957 2350 ilias
979 2287 1080 2351 docuit
1101 2287 1229 2351 existere
1251 2307 1319 2352 cum
1340 2287 1396 2351 ait:

164 2393 332 2474 Antequam
359 2389 513 2454 Abrohom
542 2389 648 2470 fieret,
683 2407 736 2468 epo
766 2405 849 2459 rom,
882 2395 925 2450 et:
959 2408 1025 2452 eaor
1054 2390 1152 2452 coelos
1176 2387 1395 2470 praeparator,

163 2495 289 2557 aderam
309 2491 365 2565 illi,
389 2499 420 2553 et
441 2491 524 2570 opud
545 2489 633 2551 illum
655 2505 739 2558 mom
761 2505 811 2550 rer
827 2498 896 2570 opta
911 2508 1100 2570 componens.
1135 2487 1392 2562 Quemadmodum

163 2611 240 2654 vero
257 2593 322 2672 ipse
345 2600 424 2664 erat,
446 2597 605 2667 antequam
627 2588 711 2648 tieret
732 2585 892 2666 summm,
920 2590 1016 2654 lsrael
1037 2599 1135 2654 autem
1156 2597 1228 2668 post
1248 2587 1394 2649 Abraham
1402 2608 1479 2658 oen,

165 2691 259 2752 iaetus
282 2699 338 2762 est,
362 2699 534 2769 certumque
556 2695 605 2750 est
625 2688 732 2769 ipsum,
755 2708 821 2752 eum
836 2693 922 2771 prius
938 2691 1093 2765 existeret,
1115 2697 1221 2769 postea
1236 2689 1395 2750 formatum

166 2807 246 2863 esse,
269 2789 357 2868 idque
379 2788 528 2851 nonnius
551 2789 696 2852 existendi
718 2791 906 2872 principium,
930 2792 986 2854 sed
1006 2792 1167 2853 humanam
1189 2789 1225 2852 ab
1248 2807 1284 2850 so
1305 2795 1394 2850 natu·
1494 2865 1498 2872 μ

163 2909 230 2955 ram
250 2897 423 2952 assumtam
455 2887 639 2968 siguificare,
671 2891 703 2952 in
733 2911 790 2972 qua
819 2885 956 2954 videlicet
984 2890 1080 2952 tribus
1102 2889 1198 2950 Israel
1220 2895 1395 2968 congregem

114 3036 117 3044 ,
164 2991 206 3054 ita
227 3007 295 3051 cum
317 2989 383 3068 ipse
405 3007 524 3070 semper
538 2991 579 3052 sit
591 3010 659 3054 etun
668 2990 770 3066 Patre,
791 3009 893 3054 rerum
909 2998 1074 3053 creatarum
1091 2997 1138 3051 est
1152 3007 1271 3069 quoque
1285 2987 1394 3068 opiter,
1447 2997 1451 3006 '

163 3091 321 3171 palamque
344 3097 393 3151 est
413 3108 503 3169 opero
524 3090 592 3171 ipso
615 3109 683 3153 esse
705 3091 886 3171 posteriora,
909 3097 940 3151 et
960 3107 1033 3150 voce
1056 3094 1172 3154 ereonr't
1192 3106 1254 3150 non
1277 3087 1395 3150 ostendi

139 3209 234 3254 ,eum
263 3207 329 3252 esse
361 3189 515 3270 coepisse,
548 3173 601 3253 aed
635 3209 760 3271 operum
793 3188 1097 3263 adminmuationem,
1129 3207 1219 3269 ¹apuam
1245 3189 1276 3250 io
1305 3207 1393 3250 carne

163 3292 269 3372 gessit,
294 3290 472 3370 suscepisse.
518 3290 637 3371 Quippe
659 3291 759 3354 decuit
778 3292 889 3372 ipsum,
910 3290 961 3371 qui
982 3289 1058 3352 alins
1073 3290 1110 3353 ab
1125 3290 1278 3372 operibns,
1299 3290 1391 3354 immo

162 3393 214 3472 qui
237 3399 353 3453 creator
373 3391 492 3454 illorum
516 3400 590 3468 erat,
613 3409 716 3454 eorum
737 3409 858 3472 qnoque
878 3394 910 3454 in
925 3411 960 3455 aa
982 3395 1136 3473 suscipere
1156 3390 1391 3467 renovationem,

161 3500 196 3555 ot
220 3492 287 3572 ipse
313 3491 411 3554 nostri
441 3511 528 3556 causa
559 3500 678 3556 oreatus
708 3493 807 3556 omnia
834 3493 866 3555 io
895 3494 998 3574 seipso
1020 3501 1169 3556 recrearet
1190 3511 1225 3556 ac
1244 3494 1390 3556 reticeret.

160 3591 237 3654 Hine
256 3591 308 3654 uhi
330 3592 402 3654 dixit
424 3599 549 3666 ereooa‘t,
572 3594 673 3679 statim
694 3611 814 3658 oausam
836 3612 945 3677 nempe
966 3615 1058 3677 opero
1080 3595 1203 3669 addidit,
1226 3601 1259 3657 ut
1280 3594 1392 3660 scilieet

160 3691 209 3754 his
231 3693 330 3756 verbis
351 3699 386 3757 tra
407 3713 503 3775 opero
525 3699 627 3758 creari
646 3695 880 3777 significaretur,
901 3697 985 3760 ilium
1006 3697 1158 3759 hominem
1181 3695 1246 3756 fieri
1267 3696 1304 3758 ad
1324 3696 1391 3774 ipsa

163 3811 254 3874 opera
284 3795 486 3858 instaurando.
537 3795 670 3876 Namque
703 3816 738 3860 ea
764 3805 812 3860 est
844 3798 1029 3861 consuetodo
1058 3796 1231 3876 Scripturas
1262 3795 1389 3870 divinae,

159 4005 212 4090 rja
228 4003 315 4072 αῧτῆν
331 4005 403 4079 ἔχον.
439 4011 519 4062 Ceteri
537 4018 561 4061 et
574 4011 631 4062 editi
642 4006 694 4072 τὴν
704 4004 750 4080 aad·
802 4013 899 4091 (iunior.
909 4011 1014 4092 Seieim.
1024 4013 1046 4062 l.
1058 4013 1111 4092 att.
1121 4006 1191 4080 μετὰ
1200 4006 1250 4064 adr
1258 4006 1388 4082 Ἀβραάμ.

157 4093 211 4198 Ἦ.
226 4071 335 4210 ιέἶὲἷιταῗ.
358 4155 383 4197 et
400 4147 456 4210 fleg.
475 4140 620 4196 dameam.
656 4145 702 4198 alit
727 4155 751 4198 et
799 4081 958 4196 Ahialim?
974 4089 1168 4227 τᾶορέοέὲιωξέ
1184 4145 1269 4218 πατρὶ
1286 4145 1387 4206 unvair,

159 4215 217 4266 editi
235 4207 412 4266 demessam.
800 4204 890 4267 adedr-
927 4215 1014 4278 Regios
1038 4205 1093 4282 ἄρα
1115 4207 1157 4266 risa
1179 4213 1231 4267 σὺν
1246 4217 1287 4284 τῷ
1303 4213 1390 4282 πατρὶ

193 4297 215 4344 a.
233 4283 375 4334 Selaimt.
393 4272 475 4336 «iners.
509 4281 570 4333 ibid.
588 4275 748 4349 inalienrpd
800 4273 888 4336 ciris.
914 4283 966 4333 idox
983 4285 1055 4348 Sego.
1069 4285 1159 4348 tortio.
1173 4287 1388 4337 GoblorAEatekm.

158 4346 266 4400 τούτου.
304 4351 419 4415 idemque
442 4365 495 4401 enm
522 4351 624 4412 Segoar.
648 4350 747 4403 Gohtar.
802 4351 824 4400 i.
848 4358 872 4401 et
896 4351 919 4401 5.
938 4351 1029 4402 addunt
1050 4347 1097 4401 καὶ
1120 4346 1203 4413 δῆλόν
1225 4347 1302 4403 ἔστιν
1325 4367 1387 4418 qnae

160 4424 184 4466 et
200 4419 356 4469 Setotmanoi
369 4419 390 4468 1.
409 4427 433 4468 et
450 4419 474 4469 t.
492 4410 625 4486 ὑπάρχειν
641 4409 747 4470 ἔαυτόν.
801 4418 890 4470 mount
906 4420 937 4470 ab
954 4421 1008 4470 otiis
1027 4430 1048 4471 et
1068 4421 1172 4471 editione
1190 4421 1307 4472 commui.

155 4483 220 4536 Editi
238 4495 263 4536 et
280 4487 321 4536 atii
338 4477 470 4552 ὒπάρχειν
485 4477 578 4538 αὐτόν.
832 4487 855 4536 ir.
873 4489 973 4550 Segoer.
992 4479 1030 4540 tir
1046 4480 1137 4536 αὐτόν.
1172 4487 1264 4539 ibidem
1289 4485 1387 4538 Gobter.

193 4554 218 4603 h.
236 4553 277 4603 Sic
294 4553 327 4603 Se
344 4553 394 4604 der.
413 4555 553 4606 iutrimd.
572 4562 596 4604 et
613 4551 747 4618 Scriptura.
798 4561 823 4604 at
840 4553 945 4606 deickm.
964 4555 987 4604 t.
1005 4545 1190 4614 ἂνοατῆσηται
1206 4551 1252 4603 arci
1268 4547 1305 4673 Cir
1340 4544 1387 4599 aad
1497 4548 1503 4558 “

103 4653 110 4661 ,
153 4617 367 4672 Aliietoditioua
384 4611 465 4687 αὐτῷ.
492 4621 746 4686 PantopmtSessner.
797 4615 891 4687 uyev.
926 4622 980 4672 ttox
996 4623 1087 4685 torte
1098 4616 1186 4686 λέγων
1202 4615 1266 4672 τόε
1322 4631 1391 4688 ρνᾱο.
