3070 5242
455 351 571 398 coarat
585 353 803 398 ιιοιιιιιιιιιιιιι
818 353 905 398 arara
920 355 952 398 ιι.
1243 327 1308 410 'ost

18 501 177 582 passio
212 500 313 566 lontmt
340 499 460 574 babuit,
492 501 616 582 ipseque
649 509 695 564 est
722 501 774 582 qui
800 521 817 564 a
845 502 987 582 passione
1015 514 1046 568 et
1075 515 1173 570 marte
1193 508 1397 576 liberatam.

29 605 191 666 omnia
212 622 273 684 per
293 606 393 692 iuram
419 602 505 682 iacto
526 612 612 672 auat,
643 606 762 683 etipse
788 614 836 666 eat
863 615 954 686 capet
982 612 1122 687 corporis
1150 607 1311 684 bertanae,

25 709 107 784 qua·
138 714 201 768 est
224 703 449 784 Primoaem'trvs
471 707 663 774 ermecinis,
685 715 721 765 ut
742 707 783 766 ait
804 709 836 768 ia
860 705 1008 777 mnibus,
1029 705 1135 788 inquit,
1157 713 1222 790 abac
1239 716 1312 790 pri-

29 813 195 868 matum
218 815 335 868 tenear.

163 1005 222 1072 16.
268 1005 327 1068 Cur
340 1005 448 1086 itaque
469 1003 658 1066 rationalium
680 1011 851 1066 naturarum
874 1003 1045 1068 Creatorem
1064 1005 1196 1070 Verbum
1215 1009 1314 1074 dicitis

39 1127 202 1172 carnem
221 1107 280 1170 eibi
304 1105 361 1185 ipsi
381 1105 609 1169 commiscuisse
629 1113 659 1166 et
677 1105 853 1168 rationalem
869 1105 1022 1170 hominem
1036 1108 1145 1172 lacmm
1167 1109 1259 1172 esaei
1282 1121 1314 1176 et

44 1209 237 1290 quomedo
257 1207 439 1271 immutabile
462 1216 492 1270 et
513 1205 683 1278 invariabile
705 1225 828 1270 manens
850 1207 942 1270 homo
965 1208 1073 1272 lactum
1095 1218 1152 1286 est,
1175 1211 1203 1273 si
1217 1211 1333 1276 ratio?

48 1311 176 1374 nalem
202 1309 282 1372 servi
304 1311 429 1375 lormatu
450 1328 512 1372 non
533 1309 770 1382 concinnaverit,
798 1317 831 1371 ut
852 1319 883 1372 et
904 1309 1033 1375 Verbum
1055 1310 1238 1378 immutabile
1259 1333 1312 1376 es·

54 1421 130 1486 set,
157 1429 289 1474 manens
311 1410 390 1490 quod
413 1419 492 1484 erat,
523 1416 553 1471 et
579 1409 732 1471 rationalis
759 1409 851 1471 home
879 1409 911 1470 in
941 1419 1017 1472 terra
1046 1410 1212 1487 videretur,
1244 1413 1314 1476 licet

56 1499 179 1576 tamen
203 1513 286 1576 Deus
315 1509 423 1574 esset?
472 1509 545 1572 Nam
574 1509 711 1574 caelestis
739 1510 831 1574 home
859 1519 923 1574 erat
949 1511 1111 1588 Dominus,
1143 1531 1204 1576 nen
1232 1515 1312 1596 quod

57 1631 204 1678 earnem
233 1633 270 1676 ex
296 1612 378 1676 caelo
408 1620 537 1674 summm
559 1612 743 1687 exhibuerit,
774 1612 827 1674 sed
850 1605 928 1692 quod
952 1631 1032 1687 eam,
1062 1607 1150 1694 quum
1177 1635 1213 1680 ex
1234 1623 1313 1680 terra

59 1716 208 1788 sumsit,
239 1713 397 1778 caelestem
419 1711 617 1776 constituerit
660 1713 774 1776 ldeirco
798 1713 893 1794 qualis
915 1722 963 1776 est
984 1699 1122 1779 caelestis
1144 1716 1209 1791 ille,
1239 1717 1313 1780 talos

66 1827 102 1880 et
130 1815 283 1879 caelestes
306 1814 358 1889 illi,
380 1814 431 1894 qui
453 1832 507 1894 per
529 1814 694 1878 sanctitatis
716 1814 782 1878 eius
802 1813 1058 1896 participationem
1079 1817 1224 1882 caelestes
1246 1818 1315 1882 lacti

18 1977 20 1984 .
69 1925 166 1980 sunt.
205 1916 353 1990 Quocirca
380 1916 439 1996 ipsi
468 1935 542 1996 quse
571 1933 715 1997 corporea
742 1924 812 1978 sunt
840 1916 961 1996 propria
982 1919 1076 1980 luere.
1112 1918 1171 1980 Sed
1192 1937 1314 1982 rursum
1422 1925 1428 1936 ’

70 2018 232 2084 obiicitis:
265 2018 447 2093 „Quomodo
468 2018 628 2083 llominum
656 2017 767 2097 gloriae
795 2017 1020 2089 erucifixerunt,
1049 2018 1121 2098 quin
1143 2025 1241 2082 lamen
1262 2038 1313 2082 se-

71 2119 244 2196 „cundum
273 2139 328 2184 vos
357 2119 486 2184 Verbum
514 2117 764 2185 auennensem
815 2118 899 2182 Absit
927 2115 961 2180 'ut
992 2119 1051 2182 huc
1082 2119 1230 2195 dicamus,
1260 2119 1316 2182 sed

18 2290 20 2300 Ι
72 2223 215 2286 Verbum
237 2220 399 2300 ignominia
420 2223 601 2296 alleoerunt,
632 2220 703 2283 dum
726 2239 835 2301 corpus
858 2219 944 2284 Verbi
966 2221 1046 2284 cruci
1068 2221 1197 2284 allixere.
1241 2221 1315 2284 Nam

18 2399 20 2408 Ι
76 2325 163 2386 Deus
186 2323 306 2402 quidem
329 2331 383 2397 est,
407 2323 457 2402 qui
481 2322 643 2403 ignominia
665 2323 787 2386 allectus
809 2330 865 2396 eet,
889 2322 991 2402 passio
1014 2329 1113 2384 autem
1134 2331 1164 2384 et
1184 2339 1266 2384 mors
1281 2339 1400 2392 acm

18 2413 20 2482 Ϊ
78 2425 268 2488 resurrectio
297 2431 359 2486 tum
388 2424 486 2488 carnis
515 2431 577 2486 turn
607 2423 723 2486 animae
744 2423 797 2484 liei
819 2423 882 2485 luit.
927 2423 1091 2503 Propterea
1111 2421 1229 2485 ludaeis
1251 2423 1315 2486 llo·

18 2598 20 2608 .
80 2525 186 2587 minus
208 2526 264 2586 ait:
288 2523 402 2588 Solvite
423 2523 566 2605 templum
588 2523 654 2599 hoc,
678 2536 708 2588 et
729 2527 762 2587 ia
783 2525 883 2588 tribur
905 2523 1007 2586 diebus
1026 2525 1162 2588 antitodo
1176 2523 1262 2597 illud.
1285 2533 1317 2588 ut

18 2625 20 2712 J
84 2625 130 2688 ait
149 2625 317 2704 Propheta:
340 2624 402 2688 Pro
425 2625 532 2706 quibua
555 2626 670 2689 tradito
692 2635 738 2687 eat
759 2631 792 2688 ia
812 2636 942 2688 mortem
964 2627 1065 2686 anima
1086 2629 1159 2699 σιίιι,
1182 2626 1236 2688 sed
1253 2644 1317 2688 non

18 2725 22 2814 ¹.
84 2727 186 2806 ipsum
208 2724 347 2788 Verbum.
391 2725 518 2788 loannes
540 2736 637 2788 autem
660 2725 718 2797 ait:
742 2725 799 2790 llle
821 2729 952 2788 nonnam
975 2741 1062 2788 auam
1080 2743 1141 2806 pro
1158 2726 1316 2806 anbiane-
1350 2783 1352 2792 ,

88 2833 160 2892 snit.
205 2826 365 2899 Quomodo
394 2825 484 2906 igitur
510 2835 671 2908 potuerunt
696 2826 797 2890 ludaei
825 2825 968 2904 templum
989 2823 1042 2885 Dei
1071 2824 1188 2888 solvere
1215 2835 1246 2890 et
1266 2825 1316 2888 in·

18 2937 19 2940 ’
90 2927 296 2991 dissolubilem
320 2925 416 2990 carnis
439 2945 505 2990 cum
528 2926 624 2989 Verbo
648 2926 891 2989 coniunctionem
911 2925 1068 3000 dirimere,
1089 2926 1116 2988 si
1137 2933 1171 2990 nt
1192 2945 1245 2988 vos
1268 2925 1316 2988 di·

18 3039 19 3046 ’
91 3029 157 3094 citis
185 3027 321 3108 corporis
354 3046 437 3090 mors
470 3027 520 3090 tali
548 3029 638 3090 modo
672 3025 817 3106 contigit?
860 3025 962 3106 Neque
996 3027 1075 3088 enim
1108 3027 1239 3092 occisum
1271 3035 1318 3091 est

93 3149 218 3210 corpus,
246 3129 273 3192 si
301 3147 318 3190 a
351 3128 432 3192 nubo
453 3137 628 3209 separatum
646 3137 702 3190 est.
746 3127 778 3190 Si
801 3129 879 3192 enim
902 3127 1057 3190 dissolutio
1077 3129 1154 3192 lacta
1175 3146 1236 3192 non
1258 3137 1316 3201 est,

95 3249 188 3310 neque
209 3248 291 3292 mors
314 3229 454 3308 contigit3
477 3229 504 3290 si
525 3247 609 3292 mors
631 3247 692 3292 non
715 3227 778 3303 luit,
805 3247 902 3309 neque
924 3228 1105 3292 resurreetio
1127 3229 1193 3292 luit.
1229 3229 1317 3292 linn-
1363 3259 1367 3268 ·

95 3331 188 3396 cedite
208 3330 298 3410 igitur
319 3330 547 3394 dissolutionem
568 3338 599 3393 et
620 3330 838 3410 separationem
861 3349 884 3390 a·
900 3315 1028 3408 corpore
1049 3331 1157 3394 laetam
1177 3349 1263 3406 esse,
1286 3338 1320 3392 nt

97 3433 232 3513 seriptum
263 3441 310 3496 est
338 3433 368 3494 in
397 3431 579 3511 Evangeliis:
607 3431 803 3514 Exspiravit,
832 3439 862 3492 et
883 3430 1036 3494 Inclinato
1066 3435 1161 3511 eapite
1191 3431 1322 3520 tradidit

98 3539 242 3615 spiritam,
264 3541 299 3596 ut
320 3533 458 3608 sciamus,
482 3533 598 3612 qualem
619 3533 759 3612 spiritam
781 3531 958 3594 existimatis
973 3550 989 3593 a
1006 3549 1133 3611 corpore
1149 3532 1320 3594 excessisse

100 3637 193 3715 sicque
213 3643 339 3698 mortem
362 3634 532 3698 obvenisse.
575 3633 699 3696 Dixistit
722 3633 810 3708 enim,
834 3651 900 3698 eum
923 3650 1042 3696 caruem
1064 3649 1126 3694 non
1147 3632 1318 3695 subsistent

103 3748 158 3800 tem
178 3736 232 3796 sibi
254 3735 493 3798 commiscuisset
514 3735 659 3807 Verbum,
692 3753 763 3796 vere
784 3735 960 3796 rationalem
981 3741 1014 3795 et
1032 3735 1198 3812 perlectum
1218 3732 1318 3796 homi·

104 3853 168 3897 nem
187 3833 363 3896 exhibuisse.
407 3834 439 3894 si
461 3833 550 3913 igitur
572 3834 701 3896 Verbum
727 3835 855 3897 excessit
877 3853 894 3895 a
916 3849 1044 3912 corpore
1065 3839 1153 3910 atque
1175 3835 1216 3896 ita
1236 3851 1321 3896 mors

107 3934 221 4008 obvenit,
244 3933 386 4026 adversus
408 3933 503 3995 Deum
524 3933 625 3998 ludaei
647 3933 850 4008 invaluerunt,
879 3951 947 3996 oum
975 3931 1212 3996 indissolubilem
1234 3953 1319 3997 eom·
1358 4001 1361 4010 ¹

18 4159 19 4162 ’
109 4151 222 4216 damnor,
249 4158 345 4214 praeter
367 4149 472 4199 Felclrm.
490 4149 531 4210 2.,
561 4153 600 4215 qni
626 4154 679 4200 cnm
766 4167 787 4201 e.
805 4139 866 4197 καθ’
886 4142 958 4215 ὑμᾶς
975 4150 1043 4198 deest
1061 4149 1084 4198 in
1103 4147 1203 4210 Seguer.

112 4221 172 4270 editis
187 4219 253 4269 habet
271 4211 475 4283 συστησάμενος
496 4213 611 4282 γέγονεν
636 4209 681 4266 ἅν-
765 4219 788 4270 d.
807 4219 905 4270 Gobler.
924 4225 948 4268 et
964 4215 1069 4268 Felelm.
1085 4217 1106 4267 l.
1129 4209 1174 4266 aul
1198 4209 1320 4268 δἸωάν.

111 4289 214 4356 dannot.
730 4299 779 4346 rat·
797 4276 879 4338 abate
896 4293 940 4335 etc.

141 4358 161 4406 b.
181 4356 273 4417 Segner.
292 4346 342 4413 τὴν
370 4343 399 4409 ἐξ
420 4342 513 4408 αὐτοῦ.
555 4353 600 4404 dlii
624 4367 680 4404 reto
766 4369 787 4404 a.
806 4345 842 4402 ἄν
859 4353 927 4404 deest
945 4355 967 4403 in
987 4353 1086 4413 Seguer.

114 4424 237 4475 comeditis
255 4415 306 4482 τὴν
323 4411 414 4470 αὐτοῦ.
450 4419 502 4472 blor
518 4414 561 4470 διὸ
578 4415 625 4470 aet
642 4413 680 4469 ol·
765 4423 782 4472 l.
801 4414 844 4469 lira
868 4422 936 4471 deest
962 4423 985 4470 in
1010 4421 1109 4482 Segner.
1152 4421 1205 4474 llox
1222 4421 1321 4474 Goblet.

112 4487 205 4542 animvm
219 4483 253 4540 rai
271 4487 319 4538 rori
338 4481 466 4554 σώματος
483 4490 570 4540 desnnt
592 4491 616 4541 in
635 4489 680 4540 Se·
731 4497 755 4540 et
772 4489 878 4540 Velelm.
894 4488 917 4538 l.
935 4480 1059 4554 εἴδωμεν,
1316 4487 1321 4492 ’

115 4573 170 4622 gaer.
186 4559 276 4612 anler.
295 4565 319 4613 et
336 4557 441 4608 l'elclm.
462 4558 483 4608 l.
764 4572 787 4620 g.
804 4557 903 4620 Seguer.
922 4547 1119 4608 ἀνυπότακτον.

1061 4639 1117 4690 ta*
1165 4671 1168 4694 ι
