3226 5308
561 411 669 456 onerrc
684 411 728 456 ιιι.
745 411 861 458 cannae
874 411 1009 456 annuos.
1330 401 1393 465 589

164 577 252 628 terra
279 565 380 628 amnia
407 582 599 646 quaecunque
626 563 724 626 coluit
750 565 838 644 facit,
869 572 898 626 et
924 563 1087 632 centesimo
1116 563 1232 627 decimo
1253 565 1477 632 Psalmazraoe.

163 665 274 747 Μαρια
298 665 544 746 operabamini,
569 667 721 745 requisita
741 667 775 726 in
798 683 899 728 omnes
922 665 1095 728 voluntates
1118 669 1194 740 aias,
1218 675 1248 730 et
1269 668 1388 732 Psalmo
1444 741 1451 748 ,

162 768 327 832 centesimo
350 767 503 846 trigesimo
526 773 648 847 quarto:
681 767 789 829 Omnia
811 785 1003 848 quaecunque
1024 768 1124 832 coluit
1146 768 1294 832 Dominus
1315 771 1391 850 fecit

161 873 195 932 in
217 868 300 932 eaelo
324 880 352 931 et
373 873 405 931 in
428 878 523 940 terra,
545 872 578 930 in
598 871 682 929 mari
702 879 731 932 at
752 870 785 929 in
808 869 945 929 omnibns
969 867 1099 948 abyssis.
1143 868 1244 948 ltaque
1267 870 1294 930 si
1310 889 1387 951 opus

161 971 210 1034 illo
242 979 289 1032 est
317 977 347 1031 et
373 987 423 1030 res
451 971 525 1030 lacta
554 975 642 1048 atque
663 987 740 1030 unas
763 987 798 1030 ex
821 967 976 1042 omnibus,
1006 969 1072 1048 ipse
1094 987 1217 1048 quoque
1239 969 1389 1034 voluntate

161 1073 254 1135 lactus
277 1071 408 1145 dicatur3
430 1069 470 1131 ita
492 1069 571 1132 enirn
594 1087 684 1150 opera
706 1068 770 1130 beri
792 1068 880 1132 docet
902 1069 1063 1147 Scriptura.
1107 1068 1174 1147 lpse
1190 1069 1279 1131 etiam
1294 1071 1383 1131 Aste-

161 1174 226 1236 rius
254 1171 390 1234 haeresis
417 1181 562 1251 patronus
584 1171 654 1233 huic
675 1170 840 1232 sententiae
862 1169 1027 1232 assentitur
1050 1169 1093 1231 sio
1115 1169 1264 1232 scribens:
1288 1172 1388 1245 „Nam

161 1267 217 1349 „si
246 1280 380 1336 creatore
407 1272 559 1352 indignum
589 1280 637 1333 est
665 1290 732 1333 eum
762 1271 909 1333 volentem
932 1289 1036 1352 agere,
1065 1271 1130 1333 eius
1154 1289 1225 1350 ergo
1246 1271 1383 1332 voluntas

162 1417 181 1450 „
192 1377 228 1440 ab
262 1374 399 1436 omnibus
431 1373 566 1435 similiter
599 1355 784 1448 amoveatur,
818 1381 850 1435 ut
876 1373 991 1452 integra
1020 1355 1062 1434 illi
1090 1382 1227 1435 servetur
1248 1372 1386 1452 dignitas.

163 1477 243 1554 „Sin
264 1495 337 1538 vero
359 1476 420 1538 llec
443 1475 517 1537 velle
539 1476 685 1550 convenit,
709 1475 749 1537 sit
770 1475 860 1554 igitur
881 1475 968 1537 etiam
985 1474 1015 1536 in
1030 1473 1230 1554 primogenito
1245 1474 1285 1546 id,
1308 1475 1389 1554 quod

162 1580 387 1660 „praestantius
407 1586 462 1640 est.
505 1577 566 1640 Noc
587 1576 666 1639 enim
688 1585 790 1657 potest
811 1577 891 1652 fieri,
921 1585 954 1639 ut
974 1576 1025 1638 uni
1047 1577 1202 1657 eidemque
1225 1575 1286 1638 lieo
1308 1595 1383 1638 con-

162 1682 286 1756 „reniat
307 1679 382 1743 vella
404 1688 434 1742 et
455 1680 534 1742 nolle
557 1679 587 1740 in
609 1697 710 1742 rerum
731 1677 971 1757 procreatione.“
1017 1677 1132 1751 Quibus
1148 1677 1289 1757 Sophiste
1312 1697 1381 1740 ver·

158 1781 207 1845 bis
231 1800 376 1843 summam
399 1781 569 1860 complexus
591 1780 788 1861 impietatem,
812 1798 878 1840 cum
900 1797 1009 1857 nempe
1030 1795 1094 1840 rem
1116 1779 1223 1840 iactam
1246 1787 1275 1841 et
1297 1779 1383 1858 geni-

159 1893 219 1946 tam
242 1882 411 1956 confundit,
438 1882 602 1962 Filiumque
624 1899 713 1944 uuam
735 1899 804 1942 esse
827 1899 862 1942 ex
885 1879 1024 1941 omnibus
1047 1879 1143 1942 rebus
1166 1879 1274 1960 genitis
1297 1899 1384 1942 asse-

157 1993 256 2060 verat,
287 1992 392 2064 postea
423 1983 572 2046 concludit
599 1989 799 2063 congruenter
829 1981 887 2044 dici
917 1999 1006 2061 opera
1036 1980 1186 2043 volontate
1209 1989 1237 2042 et
1259 1981 1382 2043 arbitrio
1441 2066 1446 2074 Ι

157 2088 232 2149 sam
245 2105 442 2267 (ἰθῗειῑιᾳιιι
471 2187 497 2248 si
519 2187 612 2249 Filius
635 2185 710 2248 alios
734 2194 780 2248 est
800 2185 930 2276 arrebus
953 2183 1108 2254 omnibus,
1137 2184 1180 2246 uti
1202 2192 1287 2247 antea
1309 2202 1385 2265 prc-

154 2289 257 2352 batum
286 2296 343 2361 est,
375 2289 536 2369 potiusque
563 2306 655 2369 opera
683 2306 737 2369 per
766 2305 834 2349 eum
856 2287 933 2348 lacta
958 2292 1047 2361 sunt,
1080 2285 1159 2347 absit
1182 2294 1214 2347 ut
1234 2284 1387 2371 rapinane

147 2391 268 2454 ‘dicaan
290 2391 451 2464 exstitisse,
473 2409 511 2453 ne
532 2389 598 2471 ipse
620 2391 727 2452 eodem
749 2387 839 2450 modo
861 2387 929 2461 liat,
953 2406 1011 2468 quo
1035 2405 1085 2461 ea,
1108 2407 1183 2468 quae
1210 2388 1386 2487 per-ipsum

153 2495 227 2555 taeta
249 2501 334 2566 sunt,
356 2493 541 2571 prodierunt.
584 2491 715 2572 Namque
737 2491 845 2553 Paulus
868 2507 923 2570 per
944 2489 1125 2551 voluntatem
1150 2487 1204 2549 bei
1226 2488 1387 2567 Apostolus

155 2599 258 2671 postea
280 2594 373 2654 iactus
395 2601 452 2664 est,
475 2611 541 2655 cum
563 2593 592 2654 id
615 2602 700 2655 antea
722 2611 783 2654 non
806 2600 898 2654 esset.
942 2590 1064 2653 vocatia
1089 2590 1159 2652 item
1179 2596 1293 2662 nosue,
1318 2607 1384 2651 cum

155 2691 313 2770 aliquando
341 2709 402 2752 non
427 2693 530 2764 luerit,
557 2709 635 2754 auno
665 2703 763 2756 autem
784 2695 858 2756 laeta
883 2693 938 2767 sit,
967 2691 1191 2754 antecedentem
1215 2689 1305 2752 babet
1326 2689 1379 2751 Dei

154 2791 352 2866 voluntatem,
382 2800 427 2866 et,
454 2799 488 2854 ut
504 2790 594 2853 ddem
617 2793 725 2856 Paulus
748 2794 895 2874 loquitur,
917 2793 1081 2856 seeundum
1103 2791 1294 2873 propositum
1317 2791 1383 2852 eius

153 2890 314 2953 voluntatis
338 2893 412 2953 lacta
434 2900 489 2954 est
533 2892 690 2956 Praeterea
712 2895 791 2973 quod
812 2915 866 2974 per
880 2897 1010 2976 lloysem
1034 2895 1156 2958 dicitnr:
1180 2893 1248 2956 Fiat
1271 2893 1327 2955 lan
1349 2898 1380 2953 et

153 2993 310 3056 Producat
331 3004 417 3056 tarra
439 3000 469 3054 et
490 2991 647 3056 Faciamus
670 2995 825 3067 bominem,
849 2995 934 3074 signa
948 3015 1018 3058 reor
1033 3015 1112 3070 esse,
1129 2991 1378 3074 quemadmodum

140 3108 246 3173 ‘supra
268 3092 377 3156 dietum
399 3103 456 3168 est,
478 3092 637 3155 voluntatis
660 3097 813 3156 creatoris.
856 3096 931 3157 Nam
945 3115 979 3158 ea
990 3097 1119 3176 quidem,
1136 3115 1210 3177 quae
1225 3093 1380 3175 aliquando

152 3213 215 3256 non
238 3203 331 3270 erant,
355 3195 408 3258 sed
430 3195 616 3257 extrinsecus
638 3201 744 3274 postea
766 3195 855 3271 fiunt,
879 3197 975 3258 lacere
999 3210 1116 3259 cremor
1137 3198 1291 3270 deliberat,
1315 3214 1382 3258 oum

152 3305 252 3358 autem
274 3295 404 3358 Verbum
433 3314 521 3359 suum
549 3315 583 3357 ex
614 3296 715 3375 seipso
744 3299 848 3358 natura
877 3297 990 3377 gignit,
1022 3298 1172 3377 praeviam
1192 3298 1302 3360 nullam
1327 3295 1381 3358 ad-

151 3395 234 3458 hibet
255 3395 508 3460 deliberationem.
553 3396 705 3477 Siquidem
726 3398 756 3459 in
780 3417 816 3459 eo
838 3397 927 3460 Pater
949 3397 1020 3471 alia,
1051 3413 1243 3477 quaecunque
1265 3397 1379 3477 produ·

152 3515 219 3560 cere
241 3497 353 3568 statuit,
375 3499 444 3562 iacit
466 3507 496 3562 et
517 3507 611 3573 meat,
634 3500 677 3562 uti
700 3515 758 3561 uos
782 3500 870 3562 etiam
886 3498 1012 3561 lacobus
1027 3497 1189 3578 Apostolus
1212 3499 1259 3562 bis
1282 3497 1468 3560 verbiseatt·

151 3597 252 3660 dccet:
278 3599 383 3664 Valeas
405 3605 509 3682 penult
529 3619 586 3663 ucs
612 3601 706 3664 Verba
729 3601 912 3668 voluntatis.
957 3601 1058 3682 ltaque
1074 3598 1126 3661 bai
1141 3599 1291 3674 voluntas,
1307 3617 1382 3680 quae

152 3699 215 3762 sive
236 3699 316 3775 illas,
339 3696 389 3781 qui
410 3709 632 3784 regenerantur,
655 3703 718 3766 sire
741 3723 785 3778 ea,
808 3721 883 3785 quae
895 3703 988 3766 semel
999 3703 1083 3776 fiunt,
1099 3708 1222 3781 spectat,
1239 3701 1270 3763 in
1283 3701 1379 3764 Verbo

905 3807 918 3836 Ι

150 3947 229 4000 Ceteri
254 3957 334 4002 antem
359 3965 417 4002 mse.
440 3945 621 4028 nannetum.
661 3953 737 4002 Pecto
789 3966 839 4020 nep
858 3954 927 4004 deest
944 3948 991 4002 atei
1007 3955 1031 4003 ic
1050 3952 1142 4014 dent.
1161 3961 1185 4002 et
1202 3954 1302 4016 sepner.

149 4025 206 4080 post
223 4017 279 4080 llep.
292 4017 313 4068 l.
333 4025 357 4068 et
369 4019 469 4081 sepner.
488 4011 609 4083 ρημασιν
628 4011 735 4068 ἑαυτοῦ.
824 4035 846 4082 g.
865 4021 905 4070 Sic
920 4021 977 4083 lies.
992 4019 1014 4068 l.
1032 4019 1132 4082 Segcsr.
1152 4021 1222 4070 Gobl.
1238 4027 1261 4070 et
1275 4020 1381 4072 Felolm.

149 4083 195 4134 llii
214 4085 319 4150 editiqae
338 4081 458 4152 ῥήμασιν
475 4077 569 4134 αὐτοῦ.
792 4087 815 4136 1.
849 4089 878 4136 at
895 4089 919 4138 ia
937 4087 991 4136 aliis
1009 4094 1033 4136 et
1057 4087 1127 4136 editis
1145 4087 1214 4136 deest
1231 4081 1288 4147 τήν.

184 4165 204 4200 ι.
223 4153 265 4202 Sic
282 4153 340 4216 llep.
354 4153 375 4203 l.
395 4153 493 4216 Segcer.
513 4154 609 4205 Gablsr.
621 4152 739 4203 etl’slclr·
824 4153 848 4204 b.
867 4154 923 4216 nep.
944 4154 966 4204 l.
985 4161 1008 4204 et
1026 4155 1125 4214 Segusa.
1145 4149 1177 4202 τὸ
1196 4148 1232 4203 dt.

148 4221 231 4270 manni
251 4219 273 4268 l.
309 4220 336 4270 la
355 4221 409 4270 eliis
426 4229 505 4271 actem
530 4229 554 4271 et
577 4221 648 4271 editis
671 4222 739 4271 deest
825 4223 840 4272 i.
860 4223 957 4274 Gobler.
976 4230 999 4272 et
1018 4221 1128 4284 Felclrn,
1143 4223 1164 4272 l.
1184 4215 1335 4289 ἡγούμεθα.

148 4277 246 4336 ὄντων.
281 4287 373 4348 duplic.
396 4289 452 4338 ibid.
470 4279 640 4368 ysvppdsotr.
676 4288 737 4338 lbid.
825 4289 846 4338 Ιι.
873 4291 913 4340 Sic
931 4289 1023 4352 Repl.
1044 4298 1067 4339 et
1085 4291 1184 4354 Segcer.
1204 4291 1243 4341 bic
1261 4299 1284 4340 et
1302 4288 1376 4356 paulo

147 4349 577 4432 a53.1.nsiauer.eicraaro.
613 4356 657 4406 stit
677 4371 736 4406 mss.
790 4365 859 4420 post,
887 4359 1007 4423 iidemque
1032 4371 1086 4407 mox
1109 4351 1289 4424 γεννώμενον.
1331 4357 1378 4406 alii

147 4431 186 4474 ets
208 4419 350 4472 τοιοῦτον.
386 4423 437 4473 ldoi
462 4425 519 4488 Rep.
540 4424 562 4474 l.
586 4433 610 4475 et
633 4425 739 4488 Sepusr.
789 4432 869 4476 autem
887 4434 912 4476 st
929 4427 985 4478 aditi
1002 4419 1127 4490 βούλεται
1145 4435 1170 4476 et
1185 4423 1298 4492 γεννῶν.

147 4481 275 4550 βουλήσει
290 4485 337 4538 καὶ
353 4485 495 4558 θελήματι.
824 4493 840 4542 l.
859 4494 914 4556 llep.
929 4496 951 4545 l.
969 4497 1069 4558 Segner.
1088 4495 1186 4554 Gobler,
1203 4503 1226 4544 ιι
1236 4493 1341 4543 Fclclm.
1353 4491 1376 4540 l.

182 4556 200 4603 l.
219 4557 259 4606 Sic
276 4559 371 4620 dent.
391 4568 414 4609 et
432 4561 571 4621 Segoerian.
607 4559 637 4612 tlt
654 4559 696 4609 elii
714 4567 739 4610 et
789 4557 846 4606 τῶν
863 4551 942 4625 duay.
977 4561 1023 4611 Alii
1047 4569 1071 4612 et
1089 4563 1162 4612 editio
1181 4561 1299 4612 Commsl.
1318 4559 1375 4607 τῶν

149 4619 208 4672 editi
226 4616 312 4690 decep
331 4637 380 4675 aar
396 4619 426 4676 ἐν
442 4625 508 4682 τοῖς.
545 4627 610 4678 latre
625 4617 738 4692 postris·
787 4639 818 4676 τε
835 4617 915 4694 duay.
