3234 5282
537 389 644 434 curro
659 392 693 436 n.
709 391 825 438 cenem
839 393 975 441 ssmnos.
1210 405 1216 414 ·
1305 385 1369 448 409

220 541 272 606 58.
315 537 350 601 id
372 539 464 620 igitur
484 541 562 608 inter
584 559 662 616 eum,
685 543 736 621 qui
757 542 875 622 genitus
898 555 954 620 est,
978 553 1008 608 et
1028 566 1079 609 res
1099 549 1191 610 sectos
1206 549 1368 614 discrimen
1377 557 1456 616 nese.

135 641 220 706 norit
241 640 339 704 divine
360 639 524 720 Scriptura,
547 661 624 722 quse
646 652 677 705 et
699 661 776 716 eum,
799 646 850 724 qui
871 646 991 724 genitus
1013 655 1070 718 est,
1092 647 1196 711 Filium
1220 669 1290 713 csse
1312 671 1370 716 nec

135 742 294 822 abaliquo
317 741 455 822 coepisse
482 742 629 823 principio
652 743 705 806 sed
729 753 883 806 aeternum
907 763 979 806 esse
1004 746 1146 821 declaret,
1176 769 1240 813 rem
1269 743 1367 816 sutem

75 823 85 840 ⁸
137 846 252 915 tactem
276 852 414 923 anquam
437 861 514 924 epus
538 853 619 906 entre
641 835 812 906 effectorem
830 845 975 918 existens,
998 843 1064 906 fleri
1089 845 1256 927 incoepisse
1271 853 1367 918 docet.

83 1013 87 1026 ,
137 943 216 1007 Hinc
236 943 316 1006 enim
331 941 459 1006 loannes
476 945 513 1007 de
529 945 604 1007 Filio
619 945 773 1014 disserens
789 964 848 1008 nec
861 946 968 1008 horum
990 946 1203 1011 vocabulorum
1226 951 1366 1030 ignorans

134 1044 334 1108 differentiam
363 1064 425 1108 non
452 1045 540 1108 dixit:
576 1046 609 1108 ln
631 1046 780 1127 principio
802 1049 896 1110 iaetus
918 1055 969 1110 ent
990 1049 1139 1110 tormotns
1163 1059 1225 1122 est,
1255 1052 1308 1114 sed
1331 1053 1369 1118 ie

132 1151 287 1229 principie
310 1156 380 1210 eret
404 1145 546 1220 Verium,
576 1153 610 1209 ut
635 1165 691 1228 per
713 1147 911 1210 beccensem
934 1161 1001 1212 eret
1030 1149 1150 1228 penitus
1180 1168 1249 1213 esse
1275 1171 1369 1232 ogno-

137 1255 289 1321 sceretm,
322 1246 481 1326 nullusque
502 1257 670 1329 temporum
700 1249 825 1328 fingeret
853 1249 1021 1324 internodia,
1056 1250 1117 1314 sed
1139 1269 1260 1333 semper
1283 1261 1312 1316 et
1333 1255 1370 1316 sb

136 1349 310 1412 aeternitate
331 1346 438 1412 Filium
460 1349 596 1412 extitisse
618 1350 818 1414 crederemus.
864 1349 948 1422 Ques
970 1368 1036 1413 cnm
1059 1351 1099 1414 ito
1121 1369 1191 1416 esse
1211 1355 1370 1434 probatum

139 1451 190 1524 sit,
213 1455 263 1530 qut
286 1451 334 1525 fit,
357 1469 376 1512 o
397 1450 509 1523 Ariani,
534 1451 646 1526 uthis,
669 1469 746 1530 quoe
768 1451 798 1512 in
815 1451 1048 1514 Deuteronomio
1064 1453 1219 1529 habentur,
1242 1473 1304 1518 non
1319 1457 1368 1518 in-

136 1551 277 1622 tedects's,
312 1570 417 1614 rursus
447 1551 530 1631 impii
558 1550 588 1612 in
610 1551 769 1614 Dominum
793 1570 863 1614 esse
891 1551 1040 1626 audeatis,
1073 1572 1139 1616 oum
1166 1555 1264 1618 dicitis
1285 1555 1368 1620 iilum

136 1654 245 1716 tomum
268 1652 315 1714 rei
336 1659 468 1716 ereetum
491 1653 553 1714 sire
576 1652 708 1732 genitum
730 1651 824 1716 esse?
847 1651 1034 1716 Contenditis
1050 1653 1138 1728 enirn,
1160 1674 1224 1718 rem
1240 1658 1369 1736 genitam

135 1763 169 1816 et
195 1771 260 1814 rem
286 1754 391 1819 rocam
424 1751 504 1814 idem
538 1752 713 1831 significare.
758 1755 795 1815 itt
822 1753 916 1816 nihilo
949 1753 1049 1818 secius
1078 1773 1114 1818 en
1135 1755 1194 1818 hoc
1214 1757 1281 1837 ipso
1302 1757 1368 1822 loeo

140 1853 307 1933 imperitiae
328 1862 358 1915 et
378 1853 537 1932 impietatis
559 1853 783 1916 convincemini.
826 1855 928 1935 itaque
950 1855 999 1916 hic
1020 1861 1067 1918 est
1087 1855 1219 1935 primus,
1249 1859 1287 1920 de
1308 1877 1368 1937 quo

99 1953 101 1958 '
137 1953 251 2034 κείων,
281 1953 381 2016 locus:
418 1953 571 2035 Numquid
598 1973 661 2018 non
683 1956 731 2018 die
751 1961 815 2037 ipse
832 1967 925 2036 poter
947 1967 1019 2020 troes
1037 1959 1176 2038 possent
1198 1968 1226 2021 te
1247 1969 1277 2020 et
1297 1960 1372 2039 lecit

136 2067 165 2120 te
186 2064 217 2117 et
239 2058 356 2118 creavit
377 2053 430 2118 tei’
451 2062 482 2117 et
501 2055 589 2135 poulo
611 2064 682 2134 post
703 2056 734 2118 in
757 2056 862 2119 eodem
878 2056 1015 2119 Gaudeo:
1038 2057 1135 2121 Derim
1156 2063 1210 2140 pus·
1222 2071 1250 2122 te
1263 2063 1369 2142 pense

134 2157 334 2238 dereliquisti,
357 2167 386 2218 et
407 2155 520 2219 obiitne
543 2177 574 2220 ee
598 2157 656 2221 Dei
675 2162 895 2222 neustriensis.
925 2157 1060 2231 Quorum
1076 2159 1193 2238 quidem
1210 2161 1368 2225 verborum
1435 2219 1439 2225 .

131 2257 280 2321 sententie
303 2256 483 2320 admirabilis
504 2257 592 2338 piane
613 2267 669 2320 est.
714 2259 777 2320 Nec
798 2259 878 2320 enim
899 2259 1124 2338 priminndixit
1143 2269 1253 2342 petiuit,
1276 2283 1315 2326 ne
1337 2265 1368 2326 id

104 2429 107 2438 ¹
133 2357 310 2422 rocshuium
333 2357 410 2420 idem
431 2367 539 2438 posset
560 2359 729 2438 significare
752 2377 787 2419 so
801 2361 885 2438 feeit,
900 2359 1034 2440 *indeque
1050 2380 1151 2424 ensem
1166 2360 1206 2425 illi
1223 2364 1370 2426 heberent

133 2461 174 2522 ita
194 2459 352 2540 loquendi:
375 2460 492 2540 Moyses
516 2459 637 2539 quidem
660 2459 791 2520 narrarit
804 2459 896 2522 Deum
911 2480 928 2523 s
942 2462 1090 2544 principio
1105 2464 1236 2526 dixisse:
1261 2463 1369 2524 Facin-

131 2580 199 2623 mse
223 2561 386 2633 domineco:
408 2560 489 2623 idem
511 2569 610 2622 autem
632 2567 704 2638 post
724 2559 797 2622 haec
811 2561 898 2624 dixit:
921 2563 1019 2628 Deum
1040 2571 1142 2646 quite
1162 2569 1268 2644 penest:
1282 2565 1370 2626 dere-

133 2660 261 2739 liquisti,
285 2669 319 2720 ut
338 2669 411 2738 pote
432 2679 500 2722 cum
522 2659 579 2721 hoe
601 2679 688 2722 voces
710 2669 867 2743 utrumque
882 2665 1055 2743 promiscue
1071 2664 1249 2743 significent,
1273 2662 1370 2741 siqui·-

136 2753 205 2820 dem
238 2757 317 2818 idem
351 2766 399 2820 est
427 2777 477 2821 res
508 2761 604 2839 genita
632 2779 666 2824 nc
691 2763 776 2827 tacte.
820 2765 929 2828 Verum
962 2774 1032 2845 post
1063 2765 1154 2826 rerba
1168 2763 1317 2844 *possedit
1341 2772 1371 2824 et

135 2859 212 2939 [ecit
239 2857 353 2920 eddidit
379 2858 502 2920 verbum
529 2865 647 2942 perunit,
679 2871 713 2924 ut
739 2865 836 2928 cretio
860 2882 944 2928 susm
966 2883 1071 2926 secum
1094 2862 1378 2942 interpretationem
1450 2907 1454 2916 -

135 2959 271 3020 heberet.
306 2957 381 3020 Nom
403 2959 532 3022 dictione
554 2965 625 3042 [ecit
647 2983 717 3026 vere
738 2964 778 3040 id,
801 2967 881 3044 quod
905 2974 1031 3026 naturae
1045 2963 1199 3024 hominum
1215 2963 1371 3043 proprium

137 3068 196 3133 est,
219 3057 375 3140 significet,
399 3079 453 3123 eos
475 3080 583 3141 nempe
604 3065 678 3126 tecte
701 3083 772 3130 esse
788 3083 895 3144 opere:
917 3073 949 3126 st
963 3063 1093 3126 dictione
1108 3067 1210 3143 pessit
1225 3079 1370 3126 summam

136 3160 191 3222 Dei
215 3179 283 3240 erge
307 3161 445 3223 hemines
467 3161 679 3242 benignitotem
702 3173 861 3244 postquam
883 3163 951 3226 illos
971 3164 1083 3226 creavit
1096 3164 1214 3232 indicet.
1236 3165 1266 3225 in
1283 3181 1369 3243 quam

137 3261 207 3340 quia
239 3280 273 3322 se
302 3261 505 3341 praebuerunt
535 3265 685 3342 ingratos,
720 3283 774 3326 eos
804 3265 911 3326 merito
944 3264 1081 3344 obiurget
1111 3265 1237 3344 Moyses.
1292 3265 1368 3328 Hinc

133 3360 233 3441 primo
256 3362 313 3424 sit:
345 3362 493 3426 Haeccine
513 3365 645 3428 Domino
669 3363 859 3446 rependitis?
890 3365 996 3428 deinde
1018 3364 1182 3447 subiungit:
1215 3365 1368 3448 Numquid

133 3481 197 3526 non
219 3463 267 3525 in'e
288 3467 355 3544 ipse
372 3475 465 3544 peter
486 3476 558 3528 tuse
577 3468 716 3548 possedit
737 3478 781 3538 te,
813 3468 888 3546 secie
916 3479 944 3530 te
973 3477 1002 3529 et
1031 3472 1146 3530 erescit
1168 3466 1222 3530 te?
1257 3468 1366 3530 Postea

134 3581 206 3625 vero
220 3563 332 3646 pergit:
356 3563 598 3631 immolaverunt
611 3568 775 3632 daemoniis
792 3579 897 3631 ernon
912 3569 985 3640 Deo,
1008 3567 1065 3632 dii:
1080 3587 1155 3650 pecs
1170 3569 1366 3649 ipnoradont.

170 3783 194 3832 h.
212 3783 253 3833 Sic
270 3782 369 3847 Segner.
389 3785 487 3836 Gobier.
506 3787 610 3836 Fetckrn.
631 3787 653 3836 i.
666 3795 689 3836 et
699 3787 723 3836 4.
811 3789 833 3837 i.
851 3787 959 3838 i'eiekm.
976 3789 1001 3837 4.
1017 3781 1064 3836 καὶ
1080 3779 1179 3834 λοιπὸν
1195 3779 1296 3846 ἐπειδή.

136 3849 165 3898 dt
182 3849 239 3899 editi
263 3858 287 3899 et
304 3849 345 3900 eiii
362 3845 408 3900 sei
424 3847 536 3916 λέγωσι·
553 3849 725 3918 Menippeis
810 3855 827 3904 Ι.
846 3855 902 3916 [teg.
914 3855 987 3904 desii.
1005 3863 1029 3904 et
1039 3855 1106 3916 tngt.
1122 3849 1209 3900 ταῦτα
1223 3851 1262 3917 spi
1271 3853 1365 3918 κυρίῳ.

136 3909 166 3972 ἕξ
183 3909 267 3984 &extis
291 3909 376 3971 οὕτως
398 3907 473 3968 εἶπεν
495 3913 637 3986 εἰρηκέναι.
673 3921 726 3972 itox
776 3921 839 3970 ibid.
863 3923 964 3982 Segner.
987 3922 1079 3982 tostis.
1104 3920 1202 3971 Gobier.
1221 3928 1244 3970 et
1262 3921 1368 3972 Feieim.

136 3984 237 4042 Sepuer.
256 3983 311 4046 seg.
331 3986 429 4036 Gobter.
452 3987 558 4036 Felcirn.
578 3987 601 4034 t.
619 3987 642 4035 4,
662 3995 685 4036 et
703 3987 726 4036 5.
782 3987 802 4036 1.
828 3995 852 4036 et
875 3987 899 4036 t.
924 3975 983 4036 sira
1007 3978 1116 4051 ἐπάγει·
1144 3979 1192 4034 οὐκ
1216 3977 1298 4042 airo'c
1322 3997 1367 4104 fc.

136 4041 221 4103 edric
238 4044 458 4118 δὲμειᾶταῦτα.
485 4053 548 4102 Editi
560 4061 583 4100 et
594 4052 635 4102 etii
646 4044 728 4106 αὐτὸς
778 4055 807 4102 t:
832 4053 873 4102 otii
897 4063 921 4104 et
944 4053 1016 4104 editio
1042 4055 1160 4106 Commel.
1179 4057 1291 4106 omittunt
1309 4069 1369 4106 ετα

134 4112 183 4164 :eui
198 4112 268 4184 μετὰ
287 4118 379 4168 ταῦτα.
415 4121 516 4184 Segner.
540 4119 628 4168 ibidem
646 4111 728 4167 πάλιν
778 4112 830 4169 ἐπ’
851 4133 882 4169 es.
910 4122 969 4170 item
988 4122 1045 4170 ibid.
1064 4123 1162 4173 Gobter.
1181 4123 1287 4173 i'etctm.
1308 4123 1329 4172 t.
1345 4129 1370 4174 et

136 4175 232 4250 iprae.
779 4187 802 4237 4.
835 4182 947 4235 κτίσατό
965 4199 1003 4237 σε.
1030 4189 1089 4238 ibid.
1108 4191 1207 4252 Segner.
1226 4190 1370 4241 etFelcirm.

172 4253 186 4301 i.
205 4253 306 4316 Segner.
324 4249 355 4301 τὸ
370 4249 485 4319 γένημα.
505 4253 602 4306 Gobier.
621 4255 726 4304 Feiotm.
779 4255 803 4305 t.
827 4249 874 4304 καὶ
896 4248 1007 4314 ἐποίησέ
1030 4268 1073 4305 σε·
1100 4251 1147 4304 καὶ
1169 4248 1231 4305 derit
1264 4271 1297 4304 ον
1322 4265 1368 4310 ets.
1422 4289 1439 4322 0

142 4317 164 4368 i.
180 4327 204 4368 et
221 4321 245 4369 4.
264 4313 296 4368 ed
321 4315 453 4387 γέννημα.
491 4321 517 4371 in
543 4323 598 4372 otiis
622 4331 646 4372 et
670 4323 727 4372 edit.
779 4323 884 4373 Fetcirm.
904 4324 927 4372 5.
945 4315 1056 4382 tuosque
1074 4334 1118 4372 σε·
1144 4318 1190 4372 sni
1212 4315 1244 4372 ἔτι
1262 4319 1311 4372 snt
1329 4335 1368 4375 σε.

138 4383 255 4438 Commei.
273 4389 343 4438 deest
361 4382 401 4437 τό.
439 4389 490 4439 idox
513 4405 559 4453 pro
583 4382 725 4449 ἐκτήσατο,
772 4385 825 4437 ’καὶ
841 4380 900 4456 μετ’
922 4381 1001 4456 ὀλίγα
1018 4383 1049 4440 ἐν
1065 4389 1098 4458 τῇ
1117 4404 1184 4456 evep
1204 4387 1261 4458 pdp
1280 4403 1369 4456 φησιν

141 4460 164 4500 nt
182 4454 271 4506 habent
288 4457 488 4507 editieCcmnrei.
507 4465 531 4507 et
549 4471 607 4506 mss.
626 4457 726 4522 :liquot
777 4449 869 4506 ἔθυον.
906 4457 1006 4508 Gobier.
1030 4465 1054 4508 ot
1081 4459 1187 4508 Feiciim.
1214 4457 1234 4506 i.
1259 4451 1371 4514 ἐποίησέ

42 4519 46 4526 ’
135 4519 323 4584 segnentngt.
343 4525 413 4574 Goht.
432 4525 537 4574 Fetctm.
561 4524 581 4573 1.
602 4525 658 4574 eti
682 4527 726 4573 he·
779 4534 816 4574 es.
840 4517 998 4574 scindite·
1022 4517 1114 4572 ἔθυον.
1150 4525 1250 4584 Seguer.
1270 4521 1326 4570 inid.
1346 4527 1370 4572 et

136 4581 342 4641 bentlnrisarc.
360 4592 484 4655 ibiditeg.
491 4583 609 4658 ὕστερον
622 4583 726 4656 ἐπάγει.
777 4592 903 4656 scriptor:
915 4583 1027 4644 sevoco.
1051 4591 1109 4640 -ttti
1127 4597 1151 4639 et
1169 4591 1226 4638 editi
1243 4581 1335 4638 iduor.
