3236 5286
573 345 681 390 enarro
696 345 718 389 s.
733 345 851 393 eortrna
865 346 999 390 tonsos.
1332 297 1409 396 191⁸

162 499 281 579 genitus
305 495 516 560 convenienter
538 503 568 556 et
588 494 655 576 ipse
676 495 796 558 alterins
816 496 851 556 tit
869 506 964 576 pater,
990 515 1056 559 eam
1077 497 1108 559 in
1129 497 1232 579 seipso
1255 497 1479 561 virtutemnon.

162 598 432 682 spone-bobane,
455 616 491 658 ex
512 615 571 677 qua
592 604 623 658 et
642 595 708 676 ipse
727 598 822 660 tamus
845 605 901 660 est.
944 597 1022 660 ilino
1042 599 1074 659 in
1096 598 1155 660 iltis
1176 617 1236 662 non
1255 609 1391 680 estpro-

163 701 230 782 prie
250 709 337 780 pater
356 697 403 761 rel
423 699 548 780 proprie
569 698 658 771 filius,
681 717 737 760 neo
759 697 874 760 stabilis
896 698 944 759 set
966 705 1108 760 constans
1129 701 1279 779 estpatris
1295 709 1325 762 et
1339 701 1391 762 filii

164 801 307 872 eonditio.
350 799 432 862 idem
460 799 569 881 quippe
597 808 628 862 et
648 799 726 862 fitius
748 808 779 862 et
799 807 885 878 pater
906 799 956 870 fit,
986 798 1064 860 iilius
1094 799 1214 877 inquam
1241 802 1392 878 genitoris,

164 913 249 984 pater
270 911 368 964 autem
390 901 470 976 eius,
498 901 548 981 qui
577 919 614 963 ex
641 901 708 980 ipso
731 899 871 980 gignitur,
915 899 1026 960 Verum
1048 897 1078 960 in
1101 897 1253 961 divinitate
1274 917 1335 961 non
1355 901 1395 964 ita

166 1023 200 1066 se
220 1022 271 1065 res
294 1003 392 1066 habet.
433 1001 496 1064 Neo
510 1001 590 1063 enim
604 1000 760 1062 hominum
783 999 890 1062 similis
914 1007 961 1062 est
974 999 1063 1074 Deus,
1087 1018 1143 1062 nec
1155 997 1246 1062 Pater
1260 1019 1296 1062 ex
1311 1008 1394 1080 patro

166 1112 222 1178 ast,
246 1103 324 1165 unde
344 1109 401 1165 ne'o
420 1111 536 1183 patrem
558 1101 726 1182 geniturum
749 1099 858 1180 gignit,
881 1119 936 1162 neo
956 1101 1047 1163 Filius
1071 1110 1116 1163 est
1139 1119 1175 1162 ex
1197 1102 1315 1164 eiilurio
1335 1100 1396 1164 Pa-

166 1205 238 1278 tris,
260 1224 317 1266 neo
338 1223 374 1268 ex
395 1204 496 1284 genito
517 1203 607 1266 Patre
628 1201 746 1283 genitus
769 1209 831 1280 est,
855 1202 981 1282 ideoque
1002 1221 1059 1266 neo
1079 1203 1211 1284 gignitur
1232 1211 1266 1266 ut
1286 1203 1396 1284 gignm

166 1293 242 1369 Hine
264 1305 294 1368 io
317 1306 380 1370 sola
401 1305 558 1368 Divinitate
580 1305 669 1367 Pater
690 1303 819 1386 proprie
834 1311 919 1384 pater
940 1312 986 1366 est
1007 1304 1143 1366 etFilius
1161 1305 1397 1392 propriqsslins,

167 1417 254 1488 atqm
274 1407 306 1468 in
327 1407 375 1470 bis
396 1407 471 1469 solis
493 1413 637 1470 onustans
659 1405 802 1484 mutaque
824 1403 872 1466 es't
892 1405 986 1485 patris
1009 1405 1112 1468 attilii
1133 1405 1275 1482 conditio,
1300 1408 1340 1470 ita
1362 1417 1397 1472 ut

165 1508 253 1571 Pater
274 1508 314 1572 sit
335 1527 455 1588 semper
476 1516 560 1588 pater
582 1515 612 1570 et
632 1505 726 1568 Filius
748 1523 868 1586 semper
889 1505 975 1570 filius.

257 2012 309 2074 22.
354 2009 412 2082 Qui
433 2008 525 2088 igitur
544 2009 679 2088 inquirit,
707 2027 761 2070 eur
786 2009 879 2071 Filius
907 2008 961 2072 filii
988 2009 1063 2072 alius
1091 2011 1228 2090 gigneuffi
1256 2010 1314 2072 mm
1336 2028 1397 2074 non

170 2109 287 2186 habeat,
309 2110 387 2173 idem
408 2110 546 2191 inquirat,
569 2130 621 2174 mr
639 2109 729 2174 Pater
749 2129 811 2174 non
834 2111 972 2173 habnen't
991 2119 1115 2191 nauem.
1147 2113 1254 2176 Verum
1277 2123 1395 2176 utrum-

169 2233 227 2294 que
249 2212 464 2294 perabsurdum
487 2222 533 2276 est
553 2213 761 2294 impietateque
784 2213 866 2276 omui
888 2211 1019 2292 plenum.
1051 2213 1090 2276 Ut
1110 2215 1189 2276 enim
1204 2216 1291 2279 Pater
1312 2235 1394 2280 sem-

166 2334 224 2396 per
251 2325 296 2378 est
321 2324 405 2396 pater
431 2335 489 2378 neo
515 2332 643 2398 unquam
673 2315 754 2378 iilius
782 2323 884 2394 potest
912 2333 994 2388 esse,
1026 2314 1065 2378 ita
1086 2315 1179 2378 Filius
1209 2337 1328 2398 semper
1349 2328 1397 2380 est

166 2417 247 2480 fitius
269 2435 324 2482 nec
344 2437 473 2499 unquam
495 2428 582 2499 pater
602 2437 672 2480 esso
694 2424 810 2495 potest;
833 2434 892 2494 quo
908 2418 1009 2496 utique
1027 2417 1119 2480 modo
1141 2419 1268 2482 maxime
1290 2427 1399 2482 osten-.

165 2519 246 2582 ditur
266 2519 358 2600 figura
386 2529 417 2582 et
442 2521 541 2598 imago
564 2518 664 2580 Patris
693 2535 776 2591 esse,
803 2517 950 2580 manendo
973 2519 1053 2598 quod
1076 2527 1124 2580 est
1143 2519 1397 2598 mutationemque

164 2620 276 2682 nmlam
298 2621 467 2693 subeundo,
490 2619 545 2680 sed
567 2623 716 2697 acceptam
737 2618 853 2682 aPatre
867 2619 1015 2682 servando
1030 2620 1306 2682 immutabilitatem.
1335 2619 1397 2680 lta·

169 2739 228 2800 que
257 2719 282 2780 si
303 2721 393 2781 Pater
421 2727 569 2792 mutatur,
602 2719 667 2780 eius
696 2739 812 2800 quoquo
838 2721 936 2799 imago
965 2727 1106 2782 mutetur.
1150 2721 1200 2784 Sio
1227 2719 1308 2780 enim
1330 2735 1429 2794 erga.

172 2819 339 2898 genitorem
362 2819 509 2880 sehabet
531 2819 593 2882 eius
615 2827 645 2881 et
664 2820 760 2901 imago
784 2830 814 2883 et
835 2821 987 2899 splendor.
1030 2825 1069 2884 At
1090 2821 1118 2882 si
1139 2817 1333 2884 immutabilis
1356 2823 1404 2880 est

139 2951 141 2959 ν
172 2919 263 2980 Pater
284 2925 315 2980 et
334 2917 376 2992 id,
399 2921 479 2998 qnod
500 2921 567 3000 ipse
589 2930 645 2996 est,
667 2929 810 3001 perpetuo
832 2932 942 2994 manet,
964 2922 1004 2984 ita
1025 2938 1152 2982 necesso
1173 2927 1221 2982 est
1243 2919 1309 2981 eius
1324 2919 1402 2980 ima-

175 3019 275 3099 ginem
296 3019 335 3094 id,
358 3020 439 3102 quod
460 3021 526 3102 ipsa
549 3029 605 3096 est,
626 3021 763 3087 similiter
783 3040 960 3102 permanere
980 3039 1038 3085 neo
1058 3019 1177 3084 mutari.
1209 3019 1296 3098 Atqui
1309 3019 1402 3082 Filius

175 3129 224 3182 est
246 3139 282 3183 er
302 3121 406 3196 Patre3
428 3141 489 3184 non
511 3122 602 3203 igitur
623 3122 702 3186 aliud
725 3123 775 3184 fiet
796 3141 885 3202 mam
906 3121 986 3201 quod
1008 3118 1165 3184 estPatris
1185 3129 1307 3182 nawrae
1324 3136 1400 3201 pro-

170 3222 282 3304 prium.
324 3223 427 3303 ltaque
447 3225 568 3286 imstra'
580 3233 610 3287 et
631 3223 713 3286 istud
735 3223 817 3285 stulti
837 3222 994 3284 commenti
1010 3229 1090 3296 sunt,
1112 3220 1266 3303 imaginem
1281 3223 1399 3286 aPatre

171 3321 323 3404 cupientes
344 3325 527 3400 abstrahere,
550 3335 583 3388 ut
596 3325 705 3389 Filium
726 3323 819 3388 rebus
841 3325 927 3386 raons
940 3343 1044 3404 parem
1060 3326 1197 3388 iacerent.
1234 3323 1310 3388 Hine
1324 3343 1481 3405 ergonnr.

170 3425 271 3486 Ariani
291 3404 379 3488 illuns
395 3425 427 3488 in
447 3445 549 3489 rerum
570 3428 714 3490 tactorum
736 3445 862 3489 numero
890 3443 925 3488 er
945 3425 1068 3489 Eusebii
1089 3426 1222 3504 doctrina
1245 3420 1398 3508 reponenss

172 3533 229 3600 tes,
249 3525 398 3606 talemque
413 3545 482 3590 esse
498 3528 686 3603 arbitrantes,
709 3529 805 3609 qualia
826 3547 902 3610 quae
923 3527 960 3590 ab
973 3534 1048 3612 ipso
1070 3533 1142 3592 sunt
1154 3530 1241 3602 tacto,
1263 3527 1400 3609 proruta

154 3625 297 3689 'venare
318 3627 500 3704 discessere,
523 3630 733 3712 rationibusque
754 3631 811 3695 sibi
833 3631 1010 3711 comparatis
1032 3631 1157 3702 voculis,
1181 3629 1401 3709 cumprimum

173 3726 283 3790 bancos
304 3729 465 3792 formarent
485 3731 648 3806 baeresim,
681 3731 870 3796 oiroumoiroa
892 3731 1124 3804 montreabant,
1157 3731 1219 3792 imo
1249 3729 1336 3794 etiam
1365 3727 1402 3790 ad

176 3935 325 4015 ἆμφότερα
340 3942 410 4014 μετὰ
426 3940 517 4007 πάσης
531 3940 694 4011 δυςσερείας·
714 3943 762 4002 ὥς·
813 3943 829 4028 ᾖ
855 3941 936 3998 ebor
958 3939 1054 3996 ttae
1068 3943 1202 4015 empna
1237 3947 1401 4000 attuierunt

175 4022 227 4079 περ
248 4006 304 4081 γὰρ
323 4005 337 4063 ὅ
356 4007 449 4081 πατήρ
473 4024 519 4075 etc,
560 4017 606 4066 itio
635 4023 714 4066 soum
738 4017 762 4065 in
814 4007 931 4075 ηεῖκῶν
953 4007 991 4069 ὥς
1013 4005 1073 4064 tat
1090 4010 1221 4084 διαμένει.
1259 4015 1359 4069 Gobior.
1378 4025 1403 4068 et

176 4082 284 4144 margins
303 4082 400 4134 Codiois
412 4073 484 4146 iterii
508 4083 568 4132 traso
585 4089 695 4134 erstem:
719 4072 764 4131 ὅτι
813 4083 920 4134 Felctm.
941 4083 963 4134 1.
979 4077 1064 4149 μένει.

176 4141 223 4226 aa}
244 4143 316 4228 norb
332 4143 421 4229 τὸμὴ
439 4147 542 4228 γεννᾶν
558 4141 575 4230 ὅι
590 4141 699 4230 οἶδμ’
733 4165 762 4200 α·
848 4165 870 4216 ς.
889 4152 1030 4229 §aquariam
1044 4151 1142 4206 Gobiar.
1163 4161 1187 4204 ot
1206 4151 1310 4204 Foiotm.
1331 4152 1354 4202 t.
1371 4145 1401 4202 iat

176 4209 763 4364 fflmtfhbzzowssitfferffiqumme:
794 4333 798 4348 ,
812 4231 963 4341 πῖρὶῗεῆ.
981 4296 1006 4340 ot
1017 4287 1122 4340 Febrim.
1133 4288 1157 4339 5.
1174 4288 1323 4352 γεννητοῖς.
1335 4287 1402 4364 ,Μαι

173 4365 223 4400 ‚non
240 4355 327 4416 qqait,
346 4355 422 4418 flaura
439 4362 461 4405 et
477 4357 552 4420 imoqo
570 4357 645 4407 Patris
662 4359 763 4408 nomme
813 4357 913 4419 Sequor.
932 4357 1033 4408 Goblor.
1050 4364 1074 4408 et
1090 4356 1197 4408 Feiotnt.
1209 4356 1232 4406 t.
1250 4349 1281 4406 tv
1296 4369 1403 4408 roureto

177 4421 314 4470 ostenditur.
812 4423 882 4490 γοῦν
899 4415 1000 4478 αὐτοῖς.

211 4487 228 4535 t.
251 4487 292 4538 Sia
309 4487 411 4552 Sequor.
428 4489 485 4570 Req.
505 4491 601 4542 Gobter.
620 4491 725 4543 Fstrim.
739 4492 762 4542 t.
848 4495 864 4544 i.
887 4493 959 4543 basii.
985 4480 1223 4556 συμφορήσαντες.
1258 4489 1404 4544 Fatalem&

178 4559 202 4602 rt
218 4553 243 4603 b.
275 4555 338 4606 satu
361 4565 441 4608 nomm
461 4571 554 4613 orror.
591 4558 644 4610 tior
661 4559 765 4624 Sequor.
815 4553 1071 4628 συμφρονήσαντες·
