3226 5280
239 351 300 415 132
637 365 663 414 s,
678 363 831 408 ετυιαιεα
846 359 1073 406 ιαεαιευιεουει

151 509 308 598 πνεῦμα
329 508 593 599 ύμολογείτιυσαν
614 513 688 578 ’καί
710 507 798 597 άπερ
820 504 913 577 εἶπεν
935 503 1204 596 ἀπολογούμενος
1217 507 1256 575 τὸ
1274 502 1464 594 ὁμοούσιον,

235 615 291 680 καλ
313 611 352 679 τὸ
374 612 410 680 ἐκ
431 615 490 701 τῆς
511 607 627 690 οὐσίας
649 605 735 679 ελναι
755 609 813 680 τὸν
835 608 918 690 υἱόν,
940 609 1056 676 καὶτὸ
1079 605 1205 691 ἀΐδιον,
1229 608 1363 676 καὶτὸν
1387 612 1467 678 νοῦν

237 713 324 799 πρὸς
344 712 402 780 τὸν
424 712 531 798 λόγον,
554 711 613 800 τήν
634 737 671 782 τε
692 711 799 800 πηγὴν
820 710 947 778 καὶτὸν
963 711 1126 796 ποταμόν,
1143 708 1371 779 καλτάἀλλα·
1388 709 1467 777 Ι’ἵνα

237 809 297 904 κάν
330 814 365 882 ἐκ
397 817 456 899 τῆς
487 814 654 902 διαφορᾶς
684 815 823 900 γνιῦυιν,
857 815 933 892 πῶς
960 812 1068 881 ἐκεῖνα
1088 814 1149 897 μὲν
1169 807 1238 879 κατ’
1263 812 1465 897 οἰκονομίαν,

237 918 343 983 ταῦτα
371 915 408 982 δὲ
430 910 476 994 ιύς
498 910 516 981 6
538 918 596 1002 τῆς
618 909 772 1000 εὐσεβοῦς
793 919 941 993 πίστεως
960 913 1117 1000 βούλεται
1138 911 1236 999 λόγος
1257 914 1372 1000 εἴρηκε.
1402 914 1465 981 ’καὶ

237 1015 358 1084 λοιπὸν
380 1017 486 1084 ταῦτα
507 1018 655 1102 λέγοντες
675 1009 875 1101 ’ἀναιροῦσιν
897 1010 984 1101 άπερ
1005 1009 1073 1080 κατ’
1098 1008 1208 1081 αὐτῶν
1223 1013 1349 1082 τούτων
1365 1013 1466 1102 ἐφρό-

238 1140 349 1206 νησαν.
380 1123 414 1186 τί
434 1117 496 1203 γὰρ
518 1109 578 1205 κάν
600 1115 692 1202 ἐγγύς
714 1116 780 1198 λ’χει
800 1117 867 1182 τῶν
886 1108 1018 1201 Ἀρείου
1038 1118 1146 1182 κακῶν
1168 1111 1188 1202 ἡ
1210 1120 1393 1182 Διονυσίου
1407 1121 1467 1182 πί-

238 1241 329 1302 στις,·
362 1212 420 1301 οὐχ
442 1214 460 1283 6
482 1219 542 1301 μὲν
557 1214 691 1304 Ἀρειος
712 1209 779 1284 κατ’
805 1215 958 1282 ἐπίνοιαν
980 1217 1067 1302 λέγει
1088 1215 1145 1284 τόν
1167 1215 1275 1303 λόγον,
1299 1212 1370 1283 δδὲ
1384 1221 1467 1283 Διο-

237 1319 350 1399 νύσιος
379 1314 541 1407 ἀληθινὸν
569 1322 623 1384 καὶ
647 1315 747 1406 φύσει
768 1315 866 1403 λόγον
887 1319 947 1382 τοῦ
968 1321 1072 1401 θεούς
1104 1317 1161 1386 καὶ
1183 1313 1201 1384 6
1222 1319 1283 1402 μὲν
1305 1313 1468 1398 ἀποξενοί

237 1421 296 1489 τόν
328 1420 426 1507 λόγον
459 1415 530 1488 ἀπὸ
561 1423 621 1485 τοῦ
650 1418 794 1504 πατρός,
830 1413 908 1484 όδὲ
929 1417 1016 1484 ἰ’διον
1038 1422 1093 1486 καί
1116 1415 1303 1505 ἀδιαίρετον
1324 1420 1384 1505 τῆς
1404 1420 1465 1484 τοῦ

238 1521 367 1610 πατρὸς
389 1516 507 1600 ούοίας
527 1515 628 1587 αὐτὸν
650 1514 736 1588 εἶναι
758 1517 921 1598 διδάσκει,
953 1513 999 1598 ιύς
1026 1519 1116 1586 ἔστιν
1140 1513 1158 1584 6
1180 1517 1277 1604 λόγος
1298 1518 1385 1606 πρὸς
1406 1517 1467 1586 τὸν

240 1626 316 1692 νοῦν
337 1625 393 1692 καί
414 1621 568 1708 ποταμὸς
588 1620 675 1709 πρὸς
695 1620 754 1707 τὴν
776 1619 892 1709 πηγήν.
924 1619 954 1687 εί
974 1621 1034 1704 μὲν
1056 1608 1113 1686 οῦν
1136 1615 1277 1706 διαιρεῖν
1298 1617 1355 1685 καλ
1374 1614 1463 1686 ἀπο-

240 1726 352 1805 ξενοῦν
384 1722 442 1790 τὸν
474 1722 571 1809 λόγον
599 1725 654 1790 καί
676 1720 734 1788 τὸν
756 1725 833 1789 νοῦν
855 1745 907 1800 τις
929 1719 1080 1806 δύναται,
1112 1713 1213 1808 ἢτδν
1235 1718 1388 1805 ποταμὸν
1410 1723 1465 1787 καί

239 1825 299 1912 τὴν
321 1824 428 1914 πηγὴν
449 1822 585 1911 μερίσαι
606 1821 662 1891 καὶ
682 1829 828 1906 τειχίσας
850 1823 988 1903 διελεῖν,
1017 1815 1038 1910 ἢ
1059 1821 1117 1886 τὸν
1140 1820 1293 1906 ποταμὸν
1315 1820 1466 1907 ύτεροού-

122 2000 127 2006 ,
240 1949 314 1995 σιον
337 1927 444 1994 εἰπεῖν
466 1925 552 2013 πρὸς
572 1924 632 2014 τὴν
653 1923 770 2013 πηγήν,
794 1921 850 1990 καὶ
871 1924 963 2004 ξένον
978 1922 1017 1990 τὸ
1032 1919 1121 2010 ύδωρ
1137 1924 1253 2003 δεῖξαι,
1269 1915 1343 2009 ἢτδ
1359 1916 1468 1989 ἀπαύ,

239 2051 351 2114 γααμα
368 2027 498 2114 ’ῑτολμᾷ
519 2027 640 2094 διελεῖν
662 2019 733 2092 ἀπὸ
754 2028 812 2091 τοῦ
836 2023 957 2113 φωτός,
980 2027 1035 2104 καὶ
1051 2023 1160 2092 εἰπεῖν
1175 2023 1211 2104 ἐξ
1225 2023 1338 2109 ἑτέρας
1353 2017 1469 2103 οὐσίας

240 2124 327 2195 εἶναι
346 2125 385 2192 τὸ
408 2121 612 2213 ἀπαύγασμα
632 2125 689 2194 καλ
708 2125 754 2214 μὴ
769 2125 805 2195 ἐκ
817 2129 877 2192 τοῦ
889 2125 1012 2213 φωτός,
1028 2131 1203 2209 μαινέσθω
1218 2123 1304 2209 μετὰ
1320 2121 1467 2211 Ἀρείου·

241 2224 260 2293 6
289 2227 350 2315 γάρ
377 2231 530 2306 τοιοῦτος
556 2228 640 2315 μηδὲ
670 2231 747 2294 νοῦν
769 2221 987 2311 ἀνθρώπινον
1010 2226 1091 2308 ἴγων
1113 2225 1179 2293 ’ότι
1201 2224 1393 2313 φανήσεται.
1439 2224 1470 2292 εί

243 2329 280 2396 δὲ
302 2323 476 2416 ἀδιαίρετα
502 2331 607 2395 ταῦτα
629 2323 717 2397 οἶδεν
740 2324 760 2415 ἡ
784 2327 885 2416 φύσις
905 2325 961 2393 καὶ
981 2323 1020 2392 τὸ
1044 2325 1184 2393 Ιτούτων
1205 2331 1348 2415 γέννημα
1370 2327 1468 2406 ἰ’διον,

240 2427 322 2514 μήτε
343 2429 385 2496 τά
409 2424 541 2515 Ἀρείου
562 2453 614 2508 τις
636 2430 686 2497 ἔτι
708 2428 827 2496 λοιπὸν
851 2434 1023 2516 φρονείτω,
1039 2425 1121 2514 μήτε
1135 2427 1316 2494 Διονύσιον
1332 2427 1470 2513 διαβαλ-

240 2531 341 2611 λέτω,
371 2525 530 2598 ἀλλὰκαὶ
552 2531 679 2616 μᾶλλον
700 2531 758 2598 ’ἐκ
779 2529 905 2596 τούτων
927 2523 1028 2596 αὐτοῦ
1050 2528 1249 2613 θαυμαζέτω
1271 2528 1330 2617 τήν
1352 2529 1469 2596 τετοῦ

242 2630 343 2717 λόγου
365 2632 543 2720 λευκότητα
564 2635 618 2699 καί
640 2631 698 2720 τὴν
719 2635 778 2718 τῆς
800 2639 947 2709 πίστεως
969 2627 1147 2717 ὀρθότητα.

328 2739 378 2800 25.
416 2728 492 2800 Ὅτι
511 2731 573 2819 γάρ
596 2732 682 2820 πρὸς
703 2733 761 2820 τὴν
783 2739 904 2816 μανίαν
923 2726 1065 2818 Ἀρείου,
1088 2731 1242 2817 λέγοντος
1263 2729 1364 2800 ἀλλον
1386 2725 1473 2796 εἶναι

241 2833 299 2902 τὸν
333 2832 367 2902 ίν
395 2836 441 2922 τῷ
470 2837 542 2919 θεῷ
571 2833 684 2920 λόγον,
712 2836 766 2901 καὶ
790 2832 891 2901 ἀλλον
913 2836 991 2918 περὶ
1015 2822 1053 2899 οῦ
1076 2855 1179 2921 φησιν
1203 2827 1221 2898 6
1241 2827 1403 2919 Ἰωάννης·
1437 2829 1472 2898 ἐν

242 2930 323 3023 ἀρχῇ
344 2925 384 3024 ἦν
407 2929 425 3001 6
448 2935 544 3022 λόγος
552 2939 582 3016 ¹),
605 2933 661 3002 καὶ
682 2933 804 3023 1’ἀλλην
826 2937 885 3020 μὲν
909 2935 996 3002 ίόίαν
1020 2942 1144 3021 σοφίαν
1167 2928 1253 3001 εἶναι
1274 2933 1308 3000 ἐν
1323 2935 1370 3017 τῷ
1385 2935 1468 3018 θεῷ,

242 3035 344 3125 ἀλλην
367 3037 403 3103 δὲ
425 3041 503 3124 περὶ
525 3026 564 3123 ἦς
587 3057 689 3125 φησιν
713 3032 731 3102 6
754 3033 960 3116 ἀπόστολος·
983 3035 1236 3122 Χριστδςδευῦ
1258 3032 1472 3117 δύναμιςκαὶ

241 3140 326 3204 θεοῦ
356 3135 505 3226 αοφύα’),
535 3138 639 3206 πάλιν
668 3132 686 3204 6
708 3137 887 3216 Διονύσιος
916 3132 1119 3204 ἀνθίσταται
1140 3139 1194 3204 καὶ
1218 3133 1390 3216 διαβάλλει
1411 3132 1471 3220 τὴν

241 3237 396 3322 τοιαύτην
417 3241 622 3319 κακοδοξίαν,
650 3235 712 3325 δρα
733 3239 836 3306 πάλιν
857 3241 932 3316 πῶς
954 3237 988 3304 ἒν
1009 3240 1056 3323 τῷ
1079 3238 1220 3324 δευτέρῳ
1242 3237 1375 3322 ίβιβλίῳ
1389 3235 1471 3322 γρά-

235 3357 301 3423 φει
321 3339 400 3419 περὶ
420 3336 547 3404 τούτων
570 3337 690 3415 οὕτως·
714 3338 748 3405 ἐν
771 3335 851 3424 ἀρχῇ
870 3327 909 3422 ἦν
925 3332 943 3401 6
958 3335 1073 3420 λόγος·
1097 3333 1166 3404 ἀλλ’
1185 3331 1244 3404 οὐκ
1257 3327 1297 3424 ἧν
1318 3331 1470 3422 Ι“λόγοςύ

155 3459 156 3464 ’
242 3435 300 3502 τὸν
314 3434 411 3520 λόγον
423 3442 620 3521 προέμενος·
637 3427 676 3525 ἦν
690 3436 752 3524 γὰρ
765 3433 783 3502 6
795 3435 890 3520 λόγος
901 3435 1054 3522 πρδςτὸν
1065 3437 1158 3505 θεόν.
1187 3445 1293 3526 σοφία
1301 3443 1472 3525 γεγέννηται

244 3533 401 3622 όκύριος·
424 3531 482 3602 οὐκ
491 3526 531 3622 ἦν
542 3527 599 3603 οὐν
615 3533 721 3623 σοφία
732 3533 751 3603 6
763 3535 822 3624 τὴν
834 3543 958 3624 σοφίαν
973 3531 1078 3616 ἀνείς·
1095 3539 1158 3626 ίγιύ
1172 3539 1234 3627 γὰρ
1249 3539 1344 3628 ἤμην,
1358 3544 1471 3626 φησίν,

156 3629 266 3726 πνοιῇ
287 3635 542 3726 πρυςίγαύρεν3).
588 3631 732 3724 ἀλήθειά
754 3636 844 3704 ἐστιν
867 3634 885 3703 6
906 3634 1071 3725 Χριστός·
1095 3635 1268 3727 εὐλογητὸς
1289 3641 1334 3721 δέ,
1359 3646 1472 3728 φησίν,

247 3735 264 3806 6
286 3737 370 3819 θεὸς
390 3741 449 3826 τῆς
471 3731 671 3834 ᾇληθείαςλ.
716 3735 864 3804 ίνταῦθα
885 3741 940 3806 καλ
962 3739 1144 3822 Σαβόλλιον
1164 3739 1222 3808 καὶ
1237 3739 1370 3828 Ἀρειον
1393 3735 1475 3808 ἀνα-

315 3963 423 4024 1)Ιυευ.
445 3964 512 4025 1,1.
592 3962 618 4024 2)
638 3963 659 4012 l.
679 3961 734 4013 Cor.
755 3960 837 4024 1‚24.
923 3963 949 4025 3)
967 3963 1034 4014 Prov.
1054 3962 1079 4026 8,
1098 3963 1138 4016 30.
1218 3960 1474 4032 ⁴)1.13‘sdr.[txx.

244 4031 268 4082 3.
287 4031 358 4088 Endr.
376 4027 455 4097 λυΙς]
472 4031 498 4093 ί,
516 4031 557 4080 ⁴⁰.

279 4180 301 4215 ι.
320 4166 361 4217 Sic
383 4167 440 4228 neg.
467 4165 564 4214 waurin.
590 4163 659 4214 Colb.
685 4165 731 4215 λιν.
756 4166 794 4217 Fr.
813 4166 831 4216 1.
883 4158 945 4232 ύχεκ
982 4167 1036 4217 Mox
1060 4167 1159 4217 Tauria.
1184 4166 1254 4228 colb.
1277 4167 1323 4218 Ιεε.
1343 4159 1358 4226 ἡ
1376 4165 1473 4216 Διονυ-

245 4234 272 4283 ln
290 4233 362 4284 edilis
379 4236 425 4280 καί
441 4232 599 4282 desideratur.
635 4229 727 4282 Ibidem
750 4233 832 4285 Ιειυίι.
884 4234 945 4282 σίου
963 4228 1038 4290 δόξα,

247 4292 467 4366 ὁμολογούμενος
484 4314 528 4364 pro
547 4289 775 4366 ἀπολογούμενος.
918 4301 941 4348 d.
962 4300 1049 4362 Regius
1073 4294 1104 4347 τὸ
1129 4290 1187 4365 ἅμα
1210 4298 1336 4349 mendoso.
1372 4299 1472 4351 Τιυήα.

282 4369 306 4419 b.
324 4369 424 4418 Τευείυ.
444 4367 512 4418 colb.
532 4367 578 4416 Ιεε.
598 4357 677 4414 ἱκανά
694 4358 753 4430 κᾷν.
884 4366 952 4415 colb.
977 4367 1024 4416 Ιει.
1049 4374 1073 4416 ει
1098 4365 1137 4415 Fr.
1156 4365 1174 4414 1.
1192 4361 1281 4430 τολμᾷ
1299 4373 1371 4415 κιαι.
1406 4364 1471 4418 Εδίιὶ

283 4451 303 4486 υ.
323 4435 420 4486 Tauria.
439 4435 486 4484 les.
504 4425 675 4500 ἀναιροῦσιν.
696 4435 831 4485 Μονόδιον
884 4425 950 4480 ἀνι.
987 4433 1040 4482 Μαι
1065 4434 1138 4483 huuc:
1161 4425 1207 4480 καὶ
1229 4423 1315 4481 εἰπεῖν
1331 4424 1361 4489 ἒξ
1376 4425 1472 4496 &lewe

196 4555 200 4564 .
248 4517 301 4553 cum
314 4501 390 4560 ,(ἶοίί).
410 4509 435 4554 ει
451 4501 490 4551 Fr.
509 4503 526 4552 Ι.
545 4492 602 4550 κατ’
623 4493 709 4551 αὐτὸν
724 4499 832 4551 τοῦτον.
884 4513 899 4547 τ
934 4499 978 4552 tue
994 4487 1066 4548 εἶναι
1082 4494 1114 4548 τό
1134 4489 1305 4566 ἀπαύγασμα
1321 4493 1367 4549 καὶ
1383 4493 1422 4566 μὴ
1440 4492 1471 4549 ἰν

246 4571 308 4622 lbid.
327 4570 383 4634 δερ.
403 4569 501 4622 Tauria.
521 4569 566 4622 Ιει.
585 4569 625 4620 Fr.
643 4571 661 4620 1.
679 4561 735 4636 λχγ.
769 4567 834 4619 miti
883 4565 934 4616 τοῦ
960 4559 1071 4632 φονεύς,
1100 4569 1125 4619 in
1151 4567 1221 4618 editis
1250 4569 1340 4620 οαίενι
1364 4570 1471 4631 fuorunt,
