3176 5304
399 1353 406 1362 -
434 1299 552 1378 'TOY
579 1303 643 1376 ΕΝ
668 1302 728 1374 ΑΓ
730 1300 828 1376 ΙΟΙΣ
854 1298 1052 1374 ΠΑΤΡΟΣ
1077 1297 1215 1374 ΗΜΩΝ

603 1457 1090 1576 ΑΘΑΝΑΣΙΟΥ
1186 1433 1199 1532 Ϊ
1268 1491 1274 1499 ·

538 1616 856 1672 ΔΡΧΙΕΙΙΙΣΚΟΙΙΟΥ
872 1611 1153 1671 ΑΛΕΞΑΝΔΡΕΙΑΣ

678 1723 992 1840 ΕΠΙΣΤΟΙΗ.

253 1868 315 1920 οΤΙ
330 1871 359 1919 Η
375 1871 428 1920 ΕΝ
443 1869 587 1920 ΝΙΚΑΙΑΙ
601 1868 777 1920 ΣΥΝΟΔΟΣ
793 1869 978 1920 mmm
997 1869 1074 1918 ΤΗΝ
1088 1865 1319 1918 mmmm
1335 1869 1413 1920 ΤΩΝ

250 1953 337 2004 mm
370 1955 561 2006 ΕΤΣΕΒΙΟΝ
589 1951 759 2006 ΕΞΕΘΕΤῸ
786 1953 1010 2003 ΠΡΕΙΙΟΝΤΩΣ
1027 1952 1093 2002 ΚΑΙ
1116 1953 1289 2002 mmm
1311 1954 1411 2004 ΚΑΤΑ

450 2041 523 2089 ΤΗΣ
542 2039 730 2090 amum
745 2037 932 2088 ΔΙΡΕΣΕΩΣ
949 2037 993 2087 ΤΑ
1010 2035 1224 2090 ΟΡΙΣΘΕΝΤΔ.

132 2385 207 2428 m·
306 2378 332 2435 1.
378 2373 499 2450 Καλῶς
528 2371 702 2456 ἐποίησας,
734 2371 884 2459 δηλώσας
905 2395 964 2455 μοι
992 2371 1051 2458 τὴν
1072 2375 1246 2457 γενομένην
1268 2371 1363 2457 παρὰ
1385 2375 1446 2437 σοῦ

218 2469 349 2558 ζήτησιν
372 2469 457 2557 πρὸς
479 2469 556 2550 τοὺς
577 2471 619 2538 τὰ
638 2466 768 2558 Ἀρείου
790 2472 1042 2558 πρεσβεύοντας,
1066 2469 1100 2538 έν
1124 2467 1175 2550 οἷς
1196 2461 1279 2558 ἦσαν
1301 2473 1355 2538 καὶ
1377 2475 1445 2538 τῶν

216 2565 380 2656 Εύσεβίου
408 2573 496 2650 τινὲς
523 2572 661 2659 ἑταίρων
668 2624 677 2654 ,
707 2576 761 2639 καὶ
789 2576 946 2640 πλεῖστοι
973 2573 1009 2638 δὲ
1037 2575 1103 2639 τῶν
1132 2571 1174 2638 τά
1194 2577 1252 2659 τῆς
1275 2571 1446 2660 ἐκκλησίας

220 2671 430 2760 φρονούντων
461 2667 624 2761 ἀδελφῶν.
669 2671 728 2759 τὴν
752 2675 813 2758 μὲν
836 2664 893 2741 σύν
917 2673 976 2762 σὴν
1000 2671 1213 2760 φιλόχριστον
1236 2676 1338 2762 νῆψιν
1360 2667 1446 2741 ἀττε-

218 2772 375 2859 δεξαίμην,
406 2775 514 2853 καλῶς
541 2775 751 2860 διελέγξασαν
779 2774 838 2862 τὴν
865 2779 923 2863 τῆς
946 2775 1103 2861 αἱρέσεως
1126 2768 1298 2860 ἀσέβειαν·
1327 2772 1385 2862 τὴν
1409 2769 1443 2840 δ’

217 2874 347 2942 ίκείνων
370 2869 601 2960 ἀναισχυντίαν
623 2876 827 2962 τεθαύμακα,
852 2873 905 2942 ὅτι
925 2883 1036 2943 καίτοι
1057 2865 1116 2941 καί
1129 2870 1310 2960 Ἀρειανῶν
1333 2877 1446 2961 λογισ-

216 2979 287 3061 μῶν
311 2977 509 3060 δειχθέντων
532 2981 670 3063 σαθρῶν
693 2980 804 3045 τεκαὶ
826 2984 986 3063 ματαίων,
1011 2971 1169 3043 ἀλλὰκαὶ
1193 2975 1287 3062 παρὰ
1308 2975 1445 3043 πάντων

217 3071 311 3146 αύτοί
344 3085 633 3164 καταγνωσθέντες
666 3077 722 3145 ἐπὶ
755 3079 847 3165 πάσῃ
876 3076 1120 3165 κακοφροσύνῃ,
1157 3073 1247 3160 ὅμως
1276 3080 1330 3143 καί
1360 3075 1446 3162 μετὰ

216 3181 320 3243 ταῦτα
343 3178 547 3266 διεγόγγυζον
568 3179 652 3247 κατὰ
673 3179 750 3259 τοὺς
767 3175 953 3258 Ἰουδαίους,
978 3180 1140 3263 λέγοντες·
1165 3177 1221 3243 διὰ
1243 3185 1277 3244 τί
1298 3178 1330 3244 οἱ
1353 3177 1387 3244 έν
1401 3181 1442 3264 τῇ

217 3282 342 3361 Νικαίᾳ
372 3279 589 3359 συνελθόντες
618 3281 766 3366 ἔγραψαν
790 3277 958 3366 ἀγράφους
980 3280 1099 3358 λέξεις,
1129 3277 1168 3344 τ’ί)
1191 3277 1225 3344 ἐκ
1246 3283 1304 3366 τῆς
1327 3273 1444 3356 ούσίας

217 3373 332 3444 καὶτὸ
356 3372 552 3462 ὁμοούσιον,·
592 3379 632 3444 σὺ
659 3383 719 3464 μέν
742 3369 829 3458 1ὀῦν,
855 3375 899 3458 ῶς
922 3378 1032 3465 λόγιος
1055 3376 1151 3465 ἀνήρ,
1179 3382 1234 3445 καί
1257 3377 1362 3458 οὕτως
1385 3373 1445 3445 αύ-

219 3476 296 3556 τούς
319 3477 616 3565 σχηματιζομένους
633 3474 728 3547 ούδὲν
743 3469 840 3566 ἧττον
853 3475 1301 3565 ἀπεδείξαςκενολογούντας.
1326 3480 1446 3546 έκεῖνοι
1518 3511 1528 3520 ·

219 3579 254 3644 δὲ
277 3571 371 3644 ούδὲν
395 3579 486 3658 ξένον
507 3582 565 3666 τῆς
585 3578 710 3647 ἑαυτῶν
720 3579 894 3660 κακονοίας
904 3580 1099 3668 πράττουσι,
1123 3579 1347 3666 πλαττόμενοι
1358 3603 1446 3665 προ-

218 3678 346 3767 φύσεις.
394 3679 457 3747 είσί
480 3679 541 3768 γὰρ
564 3681 714 3747 ποικίλοι
735 3684 788 3747 καὶ
811 3683 1018 3768 παλίμβολοι
1039 3681 1099 3761 τὰς
1113 3683 1253 3768 γνιύμας,
1278 3679 1324 3761 ῶς
1339 3675 1371 3748 οἱ
1384 3706 1445 3763 χα-

215 3781 406 3864 μαιλέοντος
429 3781 463 3849 έν
484 3785 556 3861 τοῖς
575 3780 736 3869 χρώμασι,
759 3785 814 3848 καί
838 3781 1042 3867 ἐλεγχόμενοι
1062 3783 1347 3870 μὲνέρυθριῶσιν,
1364 3777 1446 3849 ἀνα-

217 3880 404 3968 κρινόμενοι
427 3884 463 3950 δὲ
486 3877 660 3971 ἀποροῦσι,
686 3886 739 3950 καὶ
764 3881 883 3951 λοιπὸν
901 3877 1152 3968 ἀναιδευόμενοι
1166 3887 1442 3973 προφασίζονται.

218 3976 258 4048 ἀν
281 3983 318 4050 δέ
338 4009 389 4062 τις
411 3981 530 4063 αύτούς
550 3988 604 4052 καὶ
628 3985 662 4052 έν
683 3984 814 4064 τούτοις
837 3987 998 4074 διελέγξῃ,
1020 3985 1200 4071 κάμνουσιν
1222 3986 1284 4063 ἕως
1307 3981 1347 4052 ἀν
1370 3984 1446 4050 έπι-
1495 4049 1499 4054 .

218 4083 365 4169 νοήσωσι
385 4083 427 4150 τό
447 4085 492 4171 μὴ
510 4083 599 4166 όντα,
615 4089 669 4152 καὶ
685 4086 768 4154 κατὰ
784 4085 823 4153 τό
838 4093 1058 4173 γεγραμμένον
1073 4087 1266 4171 λογίζωνται
1276 4084 1404 4167 μάταια
1412 4088 1443 4163 ’),

217 4183 274 4250 ίνα
300 4184 402 4269 μόνον
431 4186 644 4270 διαμείνωσιν
674 4181 876 4272 ἀσεβοῦντες.
922 4187 961 4252 τὸ
996 4189 1030 4252 δὲ
1063 4189 1214 4250 τοιοῦτον
1248 4181 1446 4268 ἐπιχείρημα

219 4277 314 4352 ούδὲν
345 4285 454 4371 ἕτερόν
484 4285 573 4353 ἔστιν
602 4279 813 4373 ἢγνῶρισμα
834 4289 894 4371 μὲν
916 4283 1066 4370 ἀντικρυς
1087 4287 1145 4370 τῆς
1167 4277 1302 4368 ἀλογίας
1325 4277 1443 4360 αύτῶν,

290 4455 313 4518 1)
332 4457 394 4508 vm.
414 4455 439 4520 ν,
460 4457 481 4506 1.

252 4589 274 4625 ι.
294 4575 380 4637 Regius
404 4589 461 4636 mss.
485 4570 535 4621 τοῦ
566 4563 650 4622 αὐτοῦ
675 4563 717 4620 ὅτι
741 4565 805 4632 ἡίν
855 4565 957 4635 Νικαίςι
981 4563 1096 4624 σύνοδος
1114 4579 1158 4620 ιιι.
1191 4567 1229 4622 'In
1247 4569 1318 4620 edilis
1336 4577 1392 4635 post
1409 4563 1446 4618 τὰ
