3258 5276
594 396 702 442 eserie
719 399 739 440 r.
756 397 871 442 cereres
886 397 1022 444 mures.
1349 385 1414 454 243

181 543 254 627 quid
277 544 499 625 iutdiipcudum
521 545 600 608 eiiud
621 546 753 609 occurrit
772 565 860 625 quum
882 567 950 610 euru
972 567 990 612 e
1011 548 1101 612 rebus
1124 549 1209 614 iectis
1224 551 1313 616 dium
1331 569 1499 626 esserum.

182 649 340 726 suiumque
367 665 435 710 esse
457 647 553 708 Petris
575 645 721 722 Verbum,
749 647 939 726 splendorem
967 658 998 710 ct
1025 650 1216 728 sapientiam,
1246 652 1331 716 usius
1360 671 1412 716 ree

182 767 289 812 umees
307 755 427 810 cratae
448 749 521 810 iicet
541 747 711 828 participes,
734 757 765 810 et
787 757 906 812 muetee
928 748 966 810 eb
982 749 1087 810 eedem
1102 749 1212 828 Spiritu
1228 752 1413 817 reddanturt

169 850 331 938 ‚Quocirca
352 849 401 912 bic
422 849 493 928 uugi
514 849 631 922 dicitu,
653 866 714 910 neu
738 856 772 912 ut
785 847 866 910 beus
881 849 932 910 iiet
954 851 1035 922 (nem
1049 847 1128 910 Deus
1151 855 1236 910 entes
1249 851 1313 928 ipse
1327 859 1412 932 eret),

184 969 240 1014 uec
261 959 294 1012 ut
314 969 368 1012 rex
390 949 431 1011 sit
451 949 501 1024 (eb
524 947 800 1014 eeteruitsteenim
822 947 901 1010 idem
924 949 1071 1026 tepuerit,
1106 955 1210 1028 utpute
1232 949 1281 1028 qui
1301 949 1356 1014 liei
1377 953 1414 1016 sit

183 1054 292 1130 imago,
315 1050 565 1130 quemadmodum
588 1049 741 1129 Scriptura
763 1055 909 1126 testetur),
932 1067 1033 1110 verum
1055 1048 1087 1112 id
1109 1067 1228 1128 queque
1248 1067 1305 1128 pro
1327 1049 1413 1114 nubis

184 1152 329 1231 scriptum
351 1161 407 1214 est.
453 1150 528 1214 iiam
549 1169 636 1230 repes
657 1147 821 1221 israelites,
843 1167 909 1210 mm
932 1147 1134 1228 ungebantur,
1156 1158 1227 1212 tunc
1248 1167 1337 1229 reges
1359 1152 1414 1214 iie-

184 1253 265 1327 bent,
287 1251 337 1331 qui
358 1259 445 1314 retur
467 1269 555 1331 repes
578 1267 639 1312 cen
662 1257 755 1320 erem,
779 1257 812 1310 ut
825 1248 926 1322 lievid,
948 1250 1101 1324 Erecbiee,
1124 1249 1219 1312 iusies
1234 1251 1351 1331 eiiiquc.
1380 1253 1416 1314 dt

185 1372 254 1416 rere
277 1353 422 1426 Sdrrtcr,
446 1352 562 1414 temetsi
586 1359 674 1412 antee
693 1349 775 1412 licus
798 1367 976 1429 semperque
995 1351 1093 1414 Petris
1114 1369 1208 1431 repre
1230 1352 1345 1433 petitus
1366 1363 1414 1418 ιι-

184 1473 242 1535 que
264 1453 408 1534 Spiritum
438 1461 573 1516 seudum
601 1451 668 1532 ipse
694 1450 887 1529 impertiens,
915 1457 1013 1514 temen
1041 1469 1120 1516 nuuc
1139 1453 1209 1532 uugi
1230 1453 1353 1529 dicitur,
1382 1462 1416 1520 ut

183 1574 251 1618 cum
272 1563 418 1634 qrcrteuue
439 1555 531 1616 beme
546 1553 658 1634 Spiritu
674 1552 745 1630 uugi
767 1551 958 1630 significetur,
981 1553 1229 1631 quemadmodum
1251 1554 1339 1618 uubis
1353 1555 1412 1618 be·

184 1657 315 1720 minibus
337 1655 419 1718 dedit
441 1661 473 1716 ut
494 1654 690 1716 eniterentur
711 1659 742 1714 et
762 1667 1007 1730 reeurperemue,
1029 1653 1074 1716 sic
1094 1672 1152 1718 uus
1173 1655 1261 1718 ιιίιιιι
1282 1655 1412 1736 Spiritum

184 1756 398 1820 bebitetiuuem
426 1755 597 1832 suricueque
623 1753 764 1814 efficeret.
784 1827 792 1842 ι
811 1749 846 1814 id
878 1753 945 1832 ipse
973 1753 1118 1818 iiemiuus
1146 1754 1195 1818 bis
1223 1755 1285 1820 euie
1311 1757 1412 1818 uerbis

188 1855 349 1926 iudicabat,
373 1861 407 1916 ut
427 1853 536 1932 iegitur
557 1853 586 1913 iu
608 1853 730 1914 ieeuuis
751 1852 926 1931 Evangelio:
954 1854 1016 1934 Epo
1037 1859 1111 1918 eriri
1130 1871 1181 1920 eut
1204 1858 1236 1918 ιἰι
1256 1857 1411 1929 nestun,

46 2041 51 2048 ,
187 1965 220 2018 et
238 1971 299 2036 pre
322 1960 363 2016 eie
385 1971 438 2034 epe
461 1953 618 2034 candifico
638 1957 799 2034 uesperum,
833 1965 869 2016 ut
890 1957 953 2018 sciet
975 1964 1004 2016 et
1024 1958 1087 2033 iper·
1105 1954 1289 2035 randifium
1308 1959 1340 2018 rie
1362 1973 1414 2018 ce-

186 2060 290 2120 ritate.
334 2053 450 2128 Quibm
473 2053 573 2133 utique
593 2053 693 2116 verbis
715 2053 869 2134 prteieeit,
897 2071 932 2116 se
953 2071 1015 2116 neu
1043 2071 1113 2116 esse
1134 2053 1183 2134 qui
1204 2055 1500 2128 sencdbceturmm·

183 2156 242 2220 sed
263 2156 314 2234 qui
336 2154 508 2218 muetidcet
550 2155 611 2218 Nec
625 2155 704 2218 enim
727 2155 764 2218 ab
780 2155 839 2218 aiio
854 2154 1062 2228 sanctificetur,
1086 2156 1141 2217 sed
1161 2173 1194 2216 se
1217 2156 1280 2234 ipse
1301 2156 1414 2218 seucti-

183 2257 263 2328 iicrt,
285 2266 320 2318 ut
340 2275 397 2318 uus
419 2256 449 2318 in
471 2257 593 2320 veritetc
614 2257 846 2320 unctiiiremur.
890 2253 952 2326 Qui
966 2262 1063 2318 autem
1086 2255 1219 2336 seipsum
1241 2257 1413 2324 seuctiiicrt,

186 2357 387 2423 emuttiendi
404 2353 557 2420 'burdinus
582 2369 642 2420 est
688 2357 750 2429 out
778 2373 870 2436 perro
898 2355 978 2418 istud
1004 2355 1148 2428 efficitur,
1179 2355 1309 2436 quidque
1335 2355 1415 2418 eliud

184 2457 256 2522 dicit
276 2477 362 2539 mem
384 2459 472 2520 verbe
494 2457 685 2522 huiusmodi:
713 2457 775 2534 Ege
798 2455 848 2536 qui
870 2455 965 2520 Petris
988 2457 1116 2522 Verbum
1138 2475 1219 2530 rum,
1254 2455 1320 2534 ipse
1342 2455 1415 2517 mibi

184 2559 261 2622 [rute
282 2560 398 2622 bomini
418 2559 500 2620 ὼιο
522 2557 678 2636 Spiritum,
699 2573 806 2636 meqrre
827 2559 936 2622 iuctrrm
956 2559 1110 2622 burniuem
1133 2555 1164 2620 in
1186 2555 1237 2620 iiic
1253 2553 1416 2626 sanctifico,

184 2667 219 2722 ut
240 2659 382 2738 deinceps
404 2659 436 2720 iu
457 2675 524 2728 me,
553 2645 604 2734 eui
626 2655 733 2718 ueritus
756 2675 821 2719 sum
849 2663 931 2734 (uem
957 2657 1084 2720 Verium
1106 2668 1191 2722 ιιιιι
1212 2655 1329 2717 ceritas
1351 2659 1416 2730 eet),

188 2775 293 2818 omues
315 2754 561 2818 seuctiiicenturi

274 3241 328 3304 47.
372 3237 461 3312 Queri
489 3237 634 3300 sicestri
656 3237 751 3318 gretie
774 3256 808 3300 ee
830 3237 896 3317 ipse
919 3235 1096 3310 mdidmt,
1125 3235 1215 3315 idque
1243 3241 1311 3298 tuuc
1337 3235 1414 3310 iecit,

187 3357 258 3402 cerm
275 3339 368 3402 bumu
391 3347 438 3402 est
458 3340 564 3413 ecus,
587 3349 668 3404 certe
690 3339 783 3418 iiquet
804 3337 959 3418 Spiritum,
980 3355 1048 3400 mm
1070 3337 1100 3399 iu
1123 3355 1191 3400 cum
1211 3337 1289 3418 epud
1309 3337 1414 3401 ierdu·

185 3458 255 3504 uem
278 3439 448 3512 dmeeedit,
471 3439 503 3502 iu
522 3459 581 3504 nes
603 3439 704 3519 ipses,
733 3438 801 3519 queis
822 3447 960 3502 nestrum
981 3438 1031 3503 iiie
1051 3446 1182 3519 pecteret
1202 3455 1329 3518 corpus,
1359 3437 1414 3500 de-

186 3541 343 3606 scendisse
363 3558 460 3618 uequs
481 3539 511 3606 id
533 3539 712 3620 contigisse,
742 3547 776 3602 ut
796 3539 925 3602 Verbum
953 3537 1059 3602 meiius
1087 3539 1186 3612 fleret,
1216 3535 1270 3598 sed
1299 3543 1332 3598 ut
1357 3553 1415 3598 nus

184 3641 486 3706 succederemus
516 3641 640 3721 eiusque
662 3639 812 3704 medonis
833 3659 967 3706 essemus
988 3639 1165 3721 participes,
1198 3655 1233 3700 ec
1262 3636 1300 3702 dc
1326 3635 1415 3698 ucbie

222 3839 243 3874 ι,
261 3825 361 3886 Seguer.
378 3820 424 3874 καὶ
440 3815 601 3886 ἀναστῆναι.
860 3829 875 3875 i.
906 3825 964 3885 iiep.
988 3825 1127 3873 retckmrn.
1146 3821 1170 3870 b.
1195 3827 1219 3869 et
1234 3817 1307 3868 Sunii.
1328 3809 1398 3884 drdr

223 3891 240 3940 i.
258 3889 362 3942 i'eicbm.
381 3891 405 3942 2.
427 3899 454 3941 et
476 3894 533 3942 editi
552 3883 635 3943 αὐτὸς
652 3882 667 3938 d
684 3883 716 3940 rui
736 3905 777 3944 ter
826 3886 914 3954 λόγος.
950 3889 1003 3938 iius
1021 3889 1120 3939 Gebier.
1138 3830 1418 3936 cruciaminis

186 3949 285 4035 iique.
319 3957 363 4007 iiiii
382 3973 468 4010 omues
487 3973 546 4008 rues.
564 3948 647 4009 abrec
664 3948 697 4005 δι’
717 3903 777 4006 suu·
828 3951 907 4021 ἡμῶν
921 3948 1015 4018 χάριν.
1322 4010 1336 4031 ν

181 4037 239 4076 ,ιιι
257 4033 302 4074 etc.
506 4061 513 4072 .
863 4024 878 4071 ir
904 4021 944 4070 Sic
962 4035 1021 4070 urse.
1055 4021 1082 4069 it
1100 4017 1299 4070 editieCemmei.
1316 4013 1419 4078 edth

222 4106 245 4154 p.
271 4091 312 4140 Sic
328 4090 429 4153 Sepuer.
454 4097 480 4140 et
504 4098 528 4141 et
546 4089 634 4152 iegitur
651 4087 717 4164 ipsu.
738 4088 778 4148 i'i,
830 4088 954 4138 mendose.
990 4087 1081 4138 ibidem
1106 4087 1204 4148 Segucr.
1223 4077 1267 4134 du
1282 4080 1329 4136 nui
1347 4079 1362 4146 ἡ
1380 4077 1419 4140 sic

190 4157 229 4208 iii.
265 4159 309 4207 iiii
328 4171 384 4207 rere
402 4147 779 4219 etuditicmittcutiyuetmer
830 4145 921 4202 αὐτόν,
959 4155 1046 4218 iiepius
1065 4163 1088 4204 ιι
1106 4154 1211 4204 Feiciru.
1229 4153 1253 4203 b.
1281 4145 1414 4211 dcxciii

187 4224 278 4275 bebeut
295 4217 326 4272 tr
342 4221 376 4290 τῇ
394 4215 519 4286 ἀληθείᾳ.
579 4279 592 4301 .
829 4215 867 4275 ric
884 4211 975 4270 cicer.
1011 4223 1054 4272 titt
1064 4229 1088 4272 et
1097 4221 1154 4272 editi
1172 4214 1210 4274 dc
1219 4213 1265 4268 erui
1276 4211 1315 4272 sic
1324 4211 1417 4267 αὐτόν.
1501 4253 1505 4270 ,

221 4292 247 4342 b.
265 4289 364 4342 Gebier.
382 4297 407 4340 et
418 4291 523 4342 Feicim.
536 4291 557 4342 i.
576 4306 591 4350 'i
609 4287 669 4344 πῶς
684 4285 716 4339 di
733 4297 779 4340 etc.
864 4292 880 4339 i.
899 4289 940 4340 Sic
957 4289 1056 4352 seruet.
1075 4296 1101 4338 ut
1118 4296 1142 4338 ιι
1155 4287 1263 4338 Naeuius
1281 4287 1345 4350 lepti.
1373 4287 1418 4335 iiii

187 4357 250 4408 ibid.
274 4371 359 4408 omues
383 4373 444 4409 mss.
462 4349 478 4417 ἢ
497 4349 541 4408 ὅτι
558 4367 656 4422 prester
673 4358 778 4408 Feicirm.
830 4364 854 4408 et
871 4357 927 4408 editi
945 4359 1058 4408 emittunt
1074 4349 1107 4404 τὸ
1126 4345 1265 4420 ἧμιιερον.

185 4423 228 4484 2.,
254 4425 279 4474 iu
306 4439 354 4488 que
372 4433 396 4476 et
413 4427 437 4476 iu
455 4427 512 4476 edit
530 4425 649 4476 Cemmei.
667 4425 736 4474 decet
753 4415 778 4482 ἦ.
864 4439 895 4475 m.
914 4425 954 4476 Sir
971 4423 1111 4486 Sepurrien.
1129 4421 1227 4472 Gubier.
1246 4417 1420 4470 eructetur.

188 4492 248 4542 item
261 4491 319 4542 ibid.
330 4507 387 4544 mes.
399 4485 482 4546 eadric
497 4487 607 4574 dpseurfi
625 4481 776 4559 bupdup.
829 4492 875 4541 iiii
892 4505 948 4540 reru
966 4499 991 4542 ct
1007 4491 1082 4540 editio
1097 4487 1215 4538 ecmmet.
1228 4481 1319 4566 ism.
1344 4481 1419 4534 Pruie

188 4558 253 4610 Editi
270 4549 353 4613 edric
369 4553 433 4626 ἐμοὶ
450 4559 489 4625 epi
507 4555 658 4626 erdpeirrp.
830 4567 887 4624 pest
904 4559 1010 4608 Feictre.
1028 4558 1052 4605 b.
1071 4545 1140 4604 otest
1154 4546 1185 4602 dr
1202 4545 1276 4618 ἥμιν.

1161 4631 1215 4683 16*
