3054 5236
438 1077 480 1170 S.
512 1001 796 1172 ttflstttsu
826 1078 1234 1172 tRcfltEPtscopt

704 1235 964 1309 epistota

631 1370 690 1434 stt
719 1369 1037 1433 noELPtttutt.

688 1597 989 1608 ...ffl—

697 1749 975 1852 nonautrta.
1019 1869 1025 1874 .

139 1967 215 2012 msto.
309 1939 333 2002 t.
378 1937 541 2020 ttetpnus
564 1945 621 2004 iste
639 1939 1163 2020 Tomoattnnoetenospopato.
1179 1937 1368 2019 Episcopus
1385 1935 1458 2000 Onu-

222 2042 317 2122 pleas
340 2039 531 2118 lychnorum
552 2053 748 2114 memoratur,
771 2059 856 2123 quem
878 2041 1053 2104 stertens
1075 2043 1108 2100 in
1122 2039 1272 2102 exsilium
1288 2039 1458 2102 Psinabla

229 2140 384 2202 Titelratiis
412 2143 537 2203 missum
561 2143 683 2221 lepemus
705 2141 846 2218 Historia
867 2143 1054 2204 Asianorum
1076 2141 1116 2204 ai
1136 2136 1314 2202 Monoelos
1337 2161 1373 2222 p.
1395 2142 1454 2204 387.

225 2261 309 2305 num.
326 2243 376 2306 72.
400 2251 427 2302 et
451 2240 596 2331 Apolopia
619 2243 654 2304 ae
675 2244 751 2323 supa
769 2261 841 2324 pop.
863 2245 936 2307 324.
959 2260 1041 2304 num.
1065 2244 1110 2311 7.,
1134 2239 1268 2320 linoque
1292 2251 1361 2314 est,
1388 2241 1453 2320 psai
1496 2305 1497 2330 ξ

225 2345 303 2406 idem
324 2347 357 2404 in
378 2340 533 2422 Epistulae
555 2342 644 2408 titulo
668 2335 871 2427 ὁμολογητής
892 2343 1055 2404 Coniessor
1077 2341 1202 2402 dieitur.
1249 2340 1296 2402 ln
1318 2344 1378 2422 fine
1387 2341 1447 2402 llis
1496 2331 1497 2352 *

225 2446 307 2504 racis
331 2441 517 2520 Presbyteri,
542 2445 592 2504 eui
612 2454 640 2505 et
661 2443 734 2505 mee
755 2445 914 2506 recitanda
936 2445 1027 2523 eupit,
1049 2443 1181 2502 mnnim‘t
1196 2441 1412 2515 Athanasium
1430 2444 1450 2500 is

227 2551 329 2605 autem
349 2543 472 2604 uidetur
493 2561 572 2614 eese',
603 2547 655 2623 qui
675 2547 790 2628 etipse
812 2548 845 2606 oi
863 2545 1054 2606 Asianorum
1075 2543 1175 2610 eodem
1196 2543 1371 2606 ansulasse
1392 2553 1450 2604 te*

225 2661 304 2723 pore
327 2642 401 2706 loeis
423 2643 510 2706 maio
536 2643 667 2708 laniatis
689 2645 804 2723 fertur.
842 2643 968 2724 Scripta
983 2655 1082 2706 autem
1097 2643 1222 2704 violetur
1236 2641 1388 2722 Epistola
1404 2649 1449 2705 eir·

229 2749 305 2809 aiter
336 2763 451 2807 annum
471 2746 560 2822 371..
594 2764 652 2826 qna
681 2763 784 2825 nempe
808 2743 984 2824 pullulante
1011 2742 1199 2830 Apollinarji
1226 2741 1361 2807 laeresi
1385 2747 1451 2806 ueri

230 2845 451 2910 esaon'e'lantur
479 2847 513 2908 ale
538 2845 656 2910 Glaristi
675 2845 890 2911 lnaarnotione
913 2861 1047 2906 errores.
1092 2842 1314 2906 Numeriani
1334 2845 1384 2908 lie
1401 2863 1448 2906 ne

229 2951 345 3010 morati
363 2951 512 3028 impietati
531 2966 605 3010 snae
624 2947 891 3028 pristinaealiam
912 2963 951 3008 eu
964 2943 1196 3027 Apollinaristis
1216 2944 1309 3022 forte
1332 2947 1449 3008 munet

229 3047 375 3111 adiecere.

314 3149 350 3210 ll.
397 3151 435 3210 ln
463 3149 607 3230 quosdam
635 3152 731 3228 ipitur
752 3150 885 3212 Arianae
908 3150 1024 3229 saripta
1046 3156 1104 3216 est,
1133 3154 1169 3206 ut
1195 3146 1264 3224 fert
1285 3148 1442 3229 insere‘ptitn

230 3253 289 3328 qui,
311 3259 347 3308 ut
368 3265 495 3316 numero
516 3253 542 3310 1.
566 3259 700 3311 testatur
721 3249 907 3312 Athanasius
927 3251 1098 3330 passimque
1111 3246 1194 3322 otttt,
1213 3250 1355 3326 primurn
1372 3248 1443 3310 l'erli

230 3346 417 3406 divinitatem
444 3349 556 3421 nepare
584 3349 660 3406 satis
690 3347 866 3410 noluerunt
891 3349 1171 3430 somniaveruntpue
1192 3351 1256 3408 eius
1278 3351 1313 3408 in
1335 3367 1439 3411 eam

229 3443 389 3505 aduentum
411 3459 443 3501 se
465 3445 524 3502 rite
545 3459 718 3519 opnosoere,
737 3447 932 3521 postmodnm
954 3465 1028 3508 uero
1051 3437 1137 3528 impie
1158 3464 1273 3529 quaque
1295 3448 1331 3509 de
1344 3447 1439 3512 letet-

229 3545 352 3604 natione
373 3539 498 3601 Domini
517 3552 690 3603 senserunt.
734 3540 878 3604 Homines
900 3547 1011 3624 itaque,
1034 3534 1109 3628 pno's
1133 3547 1181 3610 lta
1203 3559 1358 3627 appupnat
1369 3548 1435 3610 Sas-

231 3640 432 3712 etuslloator,
458 3638 574 3703 corten
595 3659 706 3722 eorpus
728 3637 878 3722 nepabant
899 3663 964 3708 esse
985 3649 1194 3724 odorandum:
1218 3646 1268 3708 oel
1284 3651 1389 3728 ponus,
1409 3659 1435 3708 st

160 3808 164 3818 ,
229 3741 360 3820 videtur,
383 3742 533 3824 nepalant
555 3763 573 3804 a
597 3743 758 3807 Catltoliee’s
781 3748 841 3808 rite
860 3764 952 3826 posse
975 3749 1118 3818 adorari,
1148 3752 1202 3829 qui
1220 3751 1359 3809 nimirum
1378 3767 1433 3809 ere

229 3844 337 3908 terent
361 3845 487 3910 Verium
504 3849 676 3928 perfectam
698 3850 877 3911 assumsisse
903 3847 1064 3910 numanam
1089 3827 1243 3919 naturam,
1266 3853 1432 3928 eorpussai-

170 3997 174 4004 .
231 3943 300 4006 lieet
332 3959 516 4030 mentemque
549 3949 719 4011 numanam.
767 3948 884 4012 Contra
911 3947 1207 4029 Apollinaristaram
1241 3949 1323 4010 tuus
1347 3965 1430 4029 praee

231 4046 446 4127 opinabantur,
470 4046 574 4110 salam
590 4049 751 4113 humanam
773 4066 894 4111 earnem
916 4067 934 4110 a
960 4048 1052 4112 Verbo
1075 4059 1242 4111 assumtam
1259 4067 1326 4124 esse,
1345 4053 1429 4130 ipsun

231 4158 332 4208 antem
357 4145 609 4212 Vertumnum
631 4153 749 4211 animae
770 4151 869 4229 fnisse
893 4150 1023 4212 laumano
1045 4154 1185 4229 corpori,
1209 4167 1299 4231 quam
1318 4148 1346 4211 al
1367 4167 1426 4211 aas·

230 4263 296 4307 sam
314 4249 489 4325 passionem
513 4256 666 4326 ceteraque
688 4248 821 4311 hnmana
842 4253 943 4312 omnia
963 4253 996 4312 in
1018 4254 1081 4311 eius
1097 4250 1324 4329 transferebant
1335 4251 1426 4311 lirini

232 4355 334 4408 tatem.
378 4343 427 4406 lta
450 4343 545 4424 piane
573 4347 658 4410 claret
687 4345 719 4407 S.
733 4348 927 4412 -Atltanasins
950 4351 1142 4412 orationibus
1165 4361 1274 4412 eontra
1293 4349 1424 4431 Apollono-

232 4452 323 4509 rium.
367 4445 450 4509 idem
472 4443 612 4508 similiter
634 4447 748 4511 diserte
770 4450 877 4514 sarilit
899 4449 1065 4530 Greporius
1080 4449 1297 4516 Nazianzenus
1309 4449 1387 4534 Epist.
1401 4453 1423 4513 l.
