3226 5308
181 322 188 330 ·
291 304 353 370 628
542 327 545 338 ¹
685 321 711 364 s.
725 319 876 364 numu
890 317 1112 364 ωοοιτοιεοοει

206 464 385 536 machaa.
424 467 453 534 εί
472 468 532 553 μὲν
553 467 613 556 γάρ
636 461 694 536 οόκ
715 467 804 536 ἔστιν
825 467 860 536 ἐκ
879 469 938 534 τοῦ
960 471 1044 536 θεοῦ
1066 462 1084 533 5
1106 464 1211 554 λόγῠςν
1233 465 1372 545 εἰκότως
1400 459 1459 534 ἂν
1482 462 1556 532 αι’·-

288 568 346 636 τόν
368 564 519 656 ἆρνοῖντο
542 565 627 640 εἶναι
647 569 734 651 υἱόν,
758 570 788 638 εί
810 571 845 637 δὲ
867 569 901 636 ἐκ
922 572 981 635 τοῦ
1003 571 1087 637 θεοῦ
1110 567 1195 649 ἐστι,
1224 569 1316 635 όιατί
1336 566 1385 653 μό
1424 593 1557 635 avro-

287 671 391 756 ρῶσιν
414 666 467 738 ότι
487 671 526 741 τό
549 673 583 741 ἔκ
604 697 693 753 τινος
707 668 854 758 όπάρχον
868 669 940 750 οίός
954 671 1046 738 ἐστιν
1062 670 1194 752 ἐκείνου,
1218 668 1253 750 ἐξ
1266 659 1305 736 οὗ
1319 668 1382 738 καὶ
1404 670 1528 738 ἔστιν
1537 702 1552 753 ,-

289 767 361 840 εἶτα
382 773 412 842 εί
432 778 491 842 τοῦ
513 774 610 862 λόγου
632 774 741 862 πατήρ
764 774 853 842 ίστιν
875 768 893 840 5
915 771 1005 854 θεός,
1031 775 1121 841 όιατί
1140 771 1186 860 μὴ
1206 771 1262 842 καὶ
1283 768 1439 858 όλόγος
1458 773 1550 852 υἱὸς

261 867 329 942 όν
356 877 407 964 εἴη
433 879 492 944 τοῦ
520 877 638 944 ἑαυτοῦ
665 875 791 964 πατρός
798 907 810 960 ,-
845 874 953 962 πατὴρ
981 875 1042 963 γάρ
1072 881 1124 955 τίς
1145 873 1217 943 ἐστι
1236 878 1290 942 καί
1312 875 1472 960 λέγεται
1498 867 1547 942 οἷ

288 975 378 1047 ἐστιν
406 976 424 1046 5
453 976 538 1059 υἱός,
571 981 626 1045 καλ
654 977 725 1058 αίός
745 983 796 1058 τίς
818 978 890 1046 ίστι
910 976 965 1044 καὶ
984 980 1116 1065 Ιλέγεται
1137 975 1274 1056 ἐκείνου,
1307 965 1350 1043 οὗ
1373 976 1493 1044 ἐστιν
1520 975 1541 1044 5

287 1080 406 1170 πατήρ.
454 1080 484 1149 εἰ
508 1073 618 1147 τοίνυν
643 1083 702 1146 τοῦ
724 1084 873 1168 Χριστοῦ
903 1067 960 1148 οόκ
989 1081 1061 1148 ἔστι
1081 1079 1190 1168 πατὴρ
1213 1075 1231 1144 ό
1252 1078 1350 1161 θεός,
1388 1074 1488 1147 οὐδὲ
1516 1077 1538 1146 5

289 1182 385 1270 λόγος
406 1182 477 1263 νίὸς
499 1177 538 1250 &v
561 1182 620 1270 ε’ίη,
645 1181 674 1249 εἰ
696 1183 732 1249 55
753 1181 879 1272 ·πατὴρ
903 1179 920 1250 5
941 1181 1032 1262 θεός,
1058 1180 1191 1260 εἰκότως
1211 1175 1250 1247 άν
1272 1182 1323 1269 ε’ίη
1338 1184 1400 1248 καὶ
1424 1178 1449 1248 5
1469 1185 1533 1250 λό-

232 1353 235 1362 ,
286 1309 344 1371 γος
365 1284 444 1365 οίός.
483 1284 512 1354 εἰ
533 1285 570 1351 δὲ
590 1281 726 1371 ὕστερον
746 1287 806 1370 μὲν
828 1284 937 1372 πατὴρ
958 1287 1012 1351 καί
1034 1286 1167 1370 πρῶτον
1188 1281 1278 1362 θεός,
1301 1277 1530 1369 1’Ἀρειιινιλν

286 1388 346 1472 μὲν
367 1385 405 1452 τὸ
428 1385 595 1475 φρόνημα·
619 1387 735 1454 ἔπειτα
756 1385 883 1454 άτοπον
903 1385 1172 1472 μεταβάλλεσθαι
1192 1383 1249 1451 τὸν
1269 1382 1365 1465 θεόν,
1394 1407 1529 1472 σωμα-

285 1485 377 1554 τικόν
398 1487 468 1574 γάρ.
507 1488 536 1556 εἰ
558 1490 593 1557 δὲ
616 1485 725 1577 ιόςπερ
747 1488 805 1556 ἐπὶ
825 1492 884 1578 τῆς
903 1495 1039 1567 κτίσεως
1060 1483 1196 1574 ὕστερον
1217 1485 1369 1572 ποιητής,
1397 1486 1524 1556 ἰστέον

287 1583 426 1658 ὅτιτῶν
447 1596 641 1677 ογινομένων
663 1588 798 1679 όστερόν
821 1590 910 1658 ἐστιν
931 1586 951 1677 ἡ
972 1589 1149 1678 μεταβολή,
1173 1583 1324 1680 οόχὶθτοῦ
1345 1593 1461 1657 θεοῦ.

374 1698 422 1762 16.
466 1692 509 1760 Et
528 1694 588 1778 μὲν
610 1683 667 1761 σόν
688 1700 818 1780 ποίημα
838 1699 893 1761 καὶ
917 1689 955 1759 ¹¹5
977 1693 1062 1773 οἶός,
1085 1693 1193 1770 καλῶς
1213 1687 1253 1758 άν
1273 1687 1420 1778 ὕστερον
1445 1719 1519 1761 πα-

285 1792 344 1881 τὴρ
365 1793 422 1862 καὶ
443 1788 494 1862 ἐπ’
518 1789 632 1875 αὐτοῦ,
653 1794 682 1862 εί
704 1796 740 1862 όλ
758 1789 798 1882 Ιοό
821 1791 991 1883 ποίημαό
1014 1794 1093 1874 υἱός,
1118 1788 1170 1861 άελ
1192 1791 1256 1882 άρα
1270 1790 1289 1860 ό
1304 1793 1434 1882 πατήρ,
1463 1791 1514 1864 ἀεὶ

283 1895 341 1964 καὶ
363 1893 381 1962 5
403 1897 483 1976 οἶός.
521 1897 550 1964 εἰ
572 1897 608 1963 δὲ
630 1891 682 1965 άελ
703 1893 739 1965 ⁰5
761 1897 848 1979 ολός,
882 1893 980 1977 αὐτὸς
1002 1891 1041 1965 άν
1064 1897 1113 1984 ε’ίνγ
1137 1892 1155 1962 5
1178 1896 1282 1983 λόγος.
1320 1895 1351 1964 εἰ
1371 1897 1441 1985 γὰρ
1464 1899 1513 1984 μὴ
1574 1898 1578 1920 “’

285 1999 357 2077 οίός
385 1999 434 2086 ε’ίη
463 1995 481 2064 5
509 1997 620 2084 λόγος,
649 2001 704 2068 καὶ
725 1998 823 2068 τοῦτό
844 2025 896 2078 τις
918 1995 1118 2084 άποτολμῶν
1141 2000 1247 2079 ε’ίποι,
1278 1994 1380 2088 ἢτόν
1404 1999 1510 2087 λόγον

284 2103 414 2184 πατέρα
440 2100 525 2184 λέγει
551 2092 573 2187 ἢ
599 2099 657 2166 τὸν
684 2101 755 2168 υἱὸν
783 2108 953 2190 κρείττονα
979 2103 1038 2167 τοῦ
1061 2100 1168 2187 λόγου.
1205 2102 1264 2167 τοῦ
1284 2100 1347 2187 γὰρ
1369 2101 1447 2168 οἱοῦ
1468 2103 1506 2170 ἐν

284 2197 423 2278 κόλποις
452 2197 547 2279 ὄντος
574 2203 633 2268 τοῦ
661 2202 789 2289 πατρός
797 2208 833 2286 ¹),
867 2201 986 2291 ἀνάγκη
1015 2197 1036 2288 ἢ
1062 2200 1107 2291 μὴ
1136 2197 1222 2269 τίνοι
1241 2201 1310 2288 πρὸ
1330 2203 1420 2269 ὐἱοῦ
1440 2203 1502 2270 τόν

285 2299 396 2396 λόγον,
421 2296 514 2369 οόόὲν
536 2301 598 2390 γάρ
621 2301 691 2370 ἐστι
713 2304 780 2392 πρὸ
801 2309 860 2372 τοῦ
884 2293 979 2384 ὄντος
1001 2303 1034 2372 ἓν
1056 2307 1103 2392 τῷ
1125 2310 1244 2390 πατρί,
1267 2297 1289 2391 ἢ
1311 2305 1339 2372 εί
1357 2300 1376 2369 5
1392 2304 1492 2388 λόγος

285 2400 384 2484 ἄλλος
406 2403 477 2472 ἐστὶ
497 2403 590 2492 παρὰ
612 2404 670 2472 τόν
692 2405 772 2490 υἱόν,
797 2402 815 2472 5
837 2407 933 2494 λόγος
955 2400 994 2474 ἂν
1017 2404 1068 2492 ε’ίη
1091 2401 1110 2472 ό
1132 2404 1250 2492 πατήρ,
1276 2406 1312 2474 ἒν
1328 2395 1353 2492 ρ’
1363 2399 1483 2470 όοτινό

284 2505 363 2584 οἶός.
402 2507 432 2574 εἰ
459 2508 495 2575 όλ
523 2501 580 2574 οόκ
602 2505 691 2574 ἔστιν
714 2501 732 2572 5
754 2506 850 2592 λόγος
870 2509 996 2598 πατήρ,
1028 2502 1111 2574 ἀλλὰ
1132 2505 1242 2593 λόγος,
1274 2506 1360 2587 ἐκτός
1378 2499 1414 2572 ἂν
1437 2505 1488 2594 εἴη

284 2601 303 2674 5
325 2607 421 2695 λόγος
441 2611 500 2676 τοῦ
521 2607 658 2697 πατρός,
683 2605 777 2687 όντος
797 2611 856 2674 τοῦ
878 2612 951 2677 οίοῠ
974 2610 1008 2678 ἐν
1029 2619 1102 2688 τοῖς
1121 2606 1260 2688 κόλποις
1280 2613 1339 2676 τοό
1359 2608 1494 2696 πατρός.

284 2703 323 2776 οό
349 2710 410 2799 γὰρ
439 2706 625 2800 άμφότερα,
656 2705 722 2792 &ve
743 2710 838 2796 λόγος
858 2710 914 2778 καὶ
937 2707 954 2777 ό
976 2711 1061 2791 υἱός,
1091 2711 1125 2778 ἐν
1145 2719 1218 2790 τοῖς
1239 2709 1392 2792 κόλποις,
1424 2705 1494 2778 ἀλλ’

284 2811 342 2881 ἕνα
363 2808 447 2880 εἶναι
469 2814 521 2881 δεῖ
541 2817 595 2882 καὶ
616 2815 734 2882 τοῦτον
755 2811 812 2880 τόν
834 2811 920 2894 υἱόν,
945 2809 982 2892 ὅς
1004 2813 1075 2880 ἐστι
1095 2812 1280 2900 μονογενής.
1317 2817 1372 2880 καὶ
1394 2813 1496 2882 πάλιν

284 2914 313 2982 εί
335 2911 434 2995 άλλος
454 2930 468 2968 ⁸
474 2915 563 2985 ἐστίν
593 2913 610 2984 5
632 2915 728 3002 λόγος
749 2917 802 2984 καὶ
826 2913 925 2994 ἄλλος
947 2910 964 2982 5
987 2913 1073 3006 υίός,
1103 2922 1257 3003 κρείττων
1280 2909 1492 3004 εὑρεθήσεται

284 3013 302 3084 5
324 3017 396 3098 οίός
416 3021 475 3086 τοῦ
497 3018 605 3106 λόγου,
631 3013 738 3098 οὐδεὶς
758 3016 818 3105 γάρ
840 3017 991 3106 γινώσκει
1012 3015 1070 3083 τόν
1091 3023 1221 3103 πατέρα
1242 3017 1272 3084 εί
1291 3016 1336 3103 μὴ
1353 3013 1371 3083 ό
1386 3017 1490 3102 οίόςἿ,

285 3113 342 3201 οόχ
364 3115 382 3184 5
404 3119 508 3206 λόγος.
546 3115 567 3207 ἢ
588 3127 698 3188 τοίνυν
721 3117 778 3188 οόκ
800 3115 887 3189 οἶδεν
911 3116 929 3188 5
952 3119 1063 3206 λόγος,
1085 3112 1107 3206 ἢ
1128 3119 1158 3186 εἰ
1180 3114 1283 3200 οἶδεν,
1310 3120 1434 3204 ψεόόος
1453 3120 1489 3186 τὸ

197 3215 392 3296 ο.ωο.οόόείς
418 3220 578 3306 γινώσκει.
621 3219 661 3287 τό
689 3217 769 3288 αὐτὸ
792 3222 827 3288 55
849 3227 902 3290 καὶ
925 3222 981 3290 ἐπὶ
1003 3225 1061 3289 τοῦ
1084 3215 1101 3287 ό
1124 3220 1275 3308 ἑωρακὼς
1296 3219 1351 3306 ἐμὲ
1374 3221 1488 3308 ἑώρακε

283 3317 340 3384 τόν
362 3324 527 3404 πατέρα’),
551 3323 604 3387 καί
627 3319 690 3406 ἐγὼ
711 3325 765 3388 καί
788 3317 806 3388 ό
828 3323 936 3409 πατὴρ
959 3325 993 3390 ίν
1015 3323 1150 3406 ἐσμεν),
1174 3324 1246 3390 υίοῦ
1266 3321 1328 3409 γάρ
1343 3322 1488 3412 εἰσιφω-

283 3425 352 3499 ναί,
383 3417 439 3497 καὶ
465 3415 502 3485 οό
531 3417 628 3504 λόγου
659 3416 727 3486 κατ’
751 3417 885 3499 αὐτούς·
919 3425 1016 3508 δῆλον
1046 3424 1083 3490 55
1111 3421 1180 3492 άπὸ
1201 3428 1267 3491 τῶν
1290 3418 1484 3512 εὐαγγελίων.

282 3519 384 3588 1ῑκοτόι
404 3520 465 3606 γάρ
487 3517 544 3586 τόν
563 3515 711 3606 Ἰωάννην
733 3522 882 3607 λίγοντος
902 3527 961 3589 τοῦ
982 3531 1112 3609 κορίοο’
1128 3525 1197 3612 ίγά
1218 3524 1273 3593 καὶ
1295 3521 1313 3592 5
1335 3526 1438 3624 πατὴρ
1452 3527 1485 3595 ἓν

283 3625 389 3710 ἐσμεν,
413 3619 598 3708 ἐβάστασαν
619 3621 738 3701 λίθους
760 3622 793 3690 οἱ
811 3617 972 3706 Ἰουδαῖοι,
995 3625 1051 3692 ’ίνα
1065 3627 1254 3696 λιθάσωσιν
1268 3625 1375 3696 αὐτόν.
1407 3621 1484 3696 άπε-

282 3732 381 3815 κρίθη
403 3719 517 3808 αὐτοῖς
539 3720 557 3792 5
575 3718 712 3813 Ἰησοῦς·
735 3725 845 3793 πολλὰ
868 3725 945 3813 ’ἔργα
965 3727 1049 3796 καλά
1071 3729 1178 3810 όδειξα
1199 3725 1276 3815 όμίν
1298 3731 1333 3798 ἐκ
1352 3733 1482 3798 τοῦπο-

281 3829 373 3917 τρός,
404 3828 460 3896 διὰ
488 3837 589 3897 ποῖον
610 3821 732 3896 ἰαιόταλν
754 3827 847 3916 ἔργον
869 3828 925 3916 ἐμὲ
946 3830 1101 3912 λιθάζετε
1108 3862 1119 3916 ,·
1153 3825 1381 3921 ἀπεκρίθησαν
1393 3824 1480 3930 Ιαὐτῷ

282 3921 315 3997 ολ
332 3925 503 3998 Ἰουδαῖοι*
525 3930 605 4019 περὶ
625 3933 725 4001 καλοῦ
748 3931 842 4020 ἔργον
865 3929 903 4000 οὗ
925 3933 1104 4020 λιθάζομέν
1127 3957 1172 4016 σε,
1197 3930 1281 4002 ἀλλὰ
1301 3932 1379 4020 περὶ
1391 3932 1477 4018 βλας-

281 4037 406 4120 φημίας
427 4035 501 4100 *nal
525 4030 578 4101 ότι
600 4033 639 4102 σὺ
662 4032 845 4122 ἄνθρωπος
859 4031 905 4103 τόν
919 4047 1031 4115 ποιεῖς
1046 4035 1182 4105 σεαυτὸν
1196 4035 1286 4104 θεόν.
1326 4029 1475 4121 άπεκρίθιγ

252 4255 256 4268 .
350 4221 457 4284 1)1oan.
478 4224 501 4284 1,
522 4221 560 4272 ιε.
626 4187 753 4284 maun.
774 4224 871 4285 mv.
941 4227 965 4286 3)
984 4227 1050 4276 νοω.
1072 4227 1110 4288 ιι,
1129 4226 1153 4277 ο.
1222 4227 1248 4288 ι)
1267 4227 1332 4278 loun.
1354 4227 1390 4290 10,
1406 4225 1439 4276 ιο.

199 4377 201 4386 ι
313 4375 335 4409 ι.
353 4360 411 4421 ίίος.
429 4349 453 4406 εί
470 4351 499 4405 δὲ
516 4349 531 4404 ό
548 4350 637 4435 παγὴρ
656 4350 670 4404 5
687 4352 759 4410 θεός.
863 4395 864 4398 ¹
943 4361 966 4409 d.
985 4361 1024 4410 Sic
1041 4361 1096 4422 Ress.
1115 4362 1214 4426 Seguer.
1232 4362 1366 4414 ιιῦοοίοε,
1398 4361 1473 4412 ίοιίίίν

312 4427 336 4478 b.
355 4426 425 4476 Basil.
444 4433 467 4475 οι
482 4423 572 4489 λοςΙίο.
589 4417 724 4492 Αρειανόν
744 4421 796 4491 μίν
812 4436 857 4478 ιιι.
910 4437 932 4478 οι
949 4427 1019 4477 editis
1038 4420 1051 4475 5
1070 4430 1146 4480 deest.
1281 4475 1283 4484 ,

313 4513 334 4547 ο.
352 4497 408 4559 fleg.
428 4495 525 4556 δόρατι.
544 4493 617 4543 Βοοίί.
637 4501 659 4543 τι
676 4493 765 4554 λορίίο.
782 4507 857 4558 γινο-
941 4511 962 4544 ι.
982 4497 1037 4576 ⁸⁰5·
1056 4505 1079 4546 οι
1097 4497 1193 4561 Seguer.
1212 4489 1254 4548 άεὶ
1270 4489 1334 4551 οἶός.
1371 4499 1436 4550 Celeri
1452 4505 1474 4550 ει

208 4567 209 4574 ’
276 4559 375 4631 μόνον.
412 4563 456 4614 Alii
473 4577 527 4613 vero
546 4569 569 4614 οι
587 4561 642 4614 editi
659 4557 819 4628 γενομένων.
909 4563 964 4615 editi
982 4555 1024 4614 ἀει
1041 4555 1055 4614 5
1073 4556 1138 4620 οἷός.
