3226 5280
241 391 283 454 98
504 405 507 414 ’
644 399 670 442 τ.
686 377 841 445 amun
855 399 1079 446 ικααιινιεοονι

155 575 233 620 νοω
243 552 446 633 πανουργίας
472 538 529 611 ὀὐ
557 541 762 630 θελήσωσιν
791 538 981 632 άποστήναί
1006 567 1108 614 ποτε·
1135 545 1273 634 καὶγὰρ
1296 549 1350 614 καί
1372 551 1474 616 τοῦτο

240 653 307 718 τῶν
334 649 412 734 περὶ
436 645 595 733 Καϊάφαν
625 643 806 731 ἐζήλωσαν,
835 641 946 731 ῶςπερ
968 648 1022 712 καί
1043 645 1085 714 τὸ
1106 642 1288 732 ἀρνεῖσθαι
1306 647 1366 715 τὸν
1386 655 1473 736 Χρι·

240 751 319 818 στὸν
340 741 419 834 παρ’
447 741 556 814 αύτῶν
577 742 801 832 μεμαθήκασι
839 748 893 812 καί
915 744 977 832 γάρ
999 740 1145 833 κᾴκεῖνοι
1165 750 1314 816 τοσαῦτα
1334 751 1394 816 τοῦ
1415 774 1474 817 κυ-

239 858 315 938 ρίου
337 846 562 935 πεποιηκότος
585 845 671 930 ἔργα,
695 838 743 910 δι’
768 834 815 912 ῶν
830 844 1000 932 ἐγνώριζεν
1015 845 1133 914 ἑαυτὸν
1148 841 1235 915 ελναι
1248 847 1307 916 τὸν
1323 849 1473 935 Χριστὸν

239 952 299 1020 τὸν
321 950 393 1018 υλδν
415 951 474 1016 τοῦ
496 949 581 1014 θεοῦ
596 949 662 1012 τοῦ
685 945 816 1028 ζῶντος,
839 945 1044 1032 ἐλεγχόμενοί
1064 973 1102 1015 τε
1122 942 1200 1033 παρ’
1225 944 1338 1030 αύτού,
1360 949 1474 1020 πάντα

241 1051 335 1140 παρὰ
365 1050 425 1130 τὰς
457 1046 589 1136 γραφὰς
616 1043 737 1114 λοιπὸν
767 1050 821 1114 καί
851 1050 1051 1135 φρονοῦντες
1077 1049 1131 1116 καλ
1153 1050 1317 1135 λέγοντες,
1351 1053 1405 1119 καί
1427 1049 1477 1142 μή.
1533 1077 1535 1084 ‘

242 1153 418 1238 δυνάμενοι
438 1143 499 1237 κᾷν
521 1147 608 1234 πρὸς
629 1147 668 1215 τὸ
690 1147 791 1234 βραχύ
815 1147 901 1234 πρὸς
921 1147 999 1228 τοὺς
1020 1145 1087 1217 κατ’
1112 1145 1221 1218 αὐτῶν
1243 1150 1393 1238 ἐλέγχους
1414 1147 1474 1221 άν-

240 1255 425 1341 τιβλέπειν,
451 1251 498 1332 είς
519 1250 578 1318 τὸν
600 1248 805 1337 πατριάργην
826 1255 1010 1338 κατέφυγον
1032 1252 1195 1336 λέγοντες·
1224 1248 1322 1338 ἡμεῖς
1342 1259 1473 1340 πατέρα

240 1357 354 1439 ἐγσμεν
376 1351 434 1419 τὸν
453 1349 607 1438 Ἀβραάμ
617 1356 647 1432 ¹),
671 1353 726 1418 καὶ
749 1351 939 1435 νομίζοντος
960 1351 995 1419 ἐν
1016 1351 1122 1438 τούτῳ
1138 1351 1307 1420 δύνασθαι
1320 1352 1379 1440 τὴν
1394 1349 1475 1422 άλο-

239 1461 313 1544 γίαν
335 1453 462 1521 ἑαυτῶν
485 1452 734 1521 ἐπικαλύπτων.
766 1447 835 1518 ἀλλ’
859 1449 936 1519 οὔτε
958 1451 1080 1520 ἐκείνοι
1098 1455 1197 1520 τοῦτο
1218 1455 1367 1539 λέγοντες
1389 1451 1475 1542 ὤνη-

243 1555 305 1623 σάν
327 1581 370 1635 τι,
395 1553 472 1622 ούτε
493 1543 588 1621 οὗτοι
602 1551 784 1620 Διονύσιον
806 1546 1023 1638 ὀνομάζοντες
1044 1562 1160 1640 φυγεῖν
1182 1554 1241 1640 τὴν
1256 1550 1375 1638 δμοίαν
1390 1554 1473 1622 ἐκεί-

237 1678 309 1735 νοις
339 1657 450 1723 αἰτίαν
479 1655 692 1742 δυνήσονται·
724 1655 779 1720 καί
807 1652 869 1740 γάρ
897 1649 1065 1741 κᾷκείνους
1093 1648 1143 1741 ἐφ’
1169 1649 1221 1732 οἷς
1249 1651 1465 1742 παρηνόμυυν

237 1755 370 1846 ἤλεγξεν
393 1753 411 1824 o‘
433 1755 545 1843 κύριος
567 1756 689 1840 λέγων·
712 1756 811 1820 τοῦτο
824 1749 1052 1840 Ἀβραὰμυύκ
1067 1751 1244 1842 ἐποίησα),
1267 1753 1473 1836 narramus

239 1853 442 1945 άσεβοῦντος
472 1859 527 1923 καί
555 1856 783 1942 ψευδομένους
812 1851 832 1941 ἡ
862 1849 943 1942 αύτὴ
972 1853 1076 1923 πάλιν
1106 1851 1251 1941 ἀλήθεια
1279 1857 1472 1942 Ι’διελέγξας

240 1955 294 2026 ὅτι
319 1957 362 2025 τδι
388 1953 520 2042 Ἀρείου
544 1955 725 2034 Δωυύσιος
755 1951 773 2020 δ
801 1954 987 2034 ἐπίσκοπος
1019 1950 1084 2022 οὔτ’
1109 1954 1290 2043 ἐφρόνησεν
1318 1953 1396 2023 οὔτε
1416 1955 1474 2041 τὴν

239 2055 401 2144 άλήθειαν
433 2053 606 2144 ἠγνόησεν·
641 2051 726 2122 άλλδι
752 2058 806 2122 καί
836 2057 868 2120 ολ
897 2054 974 2123 τότε
997 2050 1153 2122 Ἰουδαῖοι
1179 2057 1234 2122 καί
1264 2055 1298 2122 οἱ
1319 2060 1389 2121 νέοι
1410 2057 1467 2122 νῦν

237 2158 332 2244 παρὰ
353 2161 412 2224 τοῦ
433 2157 563 2243 πατρὸς
584 2157 710 2224 ἑαυτῶν
731 2159 790 2222 τοῦ
812 2153 978 2240 διαβόλου
1000 2155 1060 2242 τήν
1072 2155 1294 2242 χριστομάχυν
1316 2154 1474 2244 οἐνιληριύ-

239 2282 341 2328 σαντο
373 2265 508 2342 μανίαν.
552 2263 636 2343 μέγα
667 2259 727 2342 μέν
760 2246 818 2322 ούν
849 2254 1023 2343 τεκμήριον
1050 2259 1110 2322 τοῦ
1137 2257 1221 2344 μηδὲ
1248 2260 1347 2324 τοῦτο
1369 2257 1473 2342 λέγειν

239 2355 359 2438 αὖτοὺς
380 2355 514 2446 άληθές,
539 2353 624 2425 ἀλλὰ
648 2356 707 2423 τὸν
723 2355 828 2442 ἄνδρα
843 2366 1070 2445 συκοφαντεῖν,
1095 2352 1149 2424 ὅτι
1162 2357 1246 2446 μήτε
1258 2353 1338 2444 παρ’
1356 2358 1474 2444 ἐτέρων

239 2459 434 2528 ἐπισκόπων
464 2453 516 2526 ἐπ’
542 2453 680 2544 άσεβείηι
712 2459 961 2542 καταγνωσθεὶς
991 2452 1168 2545 ἀπεβλήθη
1196 2461 1256 2543 τῆς
1277 2458 1472 2545 ἐπισκοπῆς,

213 2557 349 2647 ,ῶςπερ
380 2549 474 2627 οὗτοι
501 2563 561 2626 τοῦ
593 2557 729 2645 κλήρου,
752 2557 836 2645 μήτε
857 2552 958 2638 αὐτὸς
980 2553 1025 2638 ῶς
1046 2559 1175 2645 αἵρεσιν
1197 2559 1333 2626 ἐκδικῶν
1355 2559 1476 2646 ἐξῆλθε

238 2659 297 2747 τής
319 2662 498 2748 ἐκκλησίας,
523 2655 591 2727 ἀλλ’
617 2659 651 2726 ἐν
674 2653 756 2746 αύτῇ
779 2664 972 2746 κεκοίμηται
992 2660 1109 2740 καλῶς,
1132 2661 1187 2725 καί
1208 2655 1228 2747 ή
1250 2658 1360 2748 μνήμη
1381 2666 1475 2745 μέχρι

238 2765 297 2830 νῦν
325 2758 427 2829 αὐτοῦ
454 2760 627 2846 μετὰτῶν
654 2766 809 2846 πατέρων
832 2759 903 2827 ἐστὶ
924 2762 979 2827 καί
1001 2765 1192 2846 γέγραπται
1239 2760 1269 2828 εί
1289 2760 1351 2847 γὰρ
1372 2751 1412 2848 ἦν
1433 2759 1476 2828 τά

238 2863 365 2932 τούτων
388 2863 566 2950 φρονήσας,
590 2857 611 2949 ή
638 2863 716 2947 περὶ
741 2851 787 2928 ῶν
810 2861 937 2948 ἔγραφε
956 2860 1001 2948 μὴ
1022 2851 1062 2947 ήν
1086 2855 1393 2948 ἀπολογησάμενος,
1417 2855 1475 2928 ούκ

238 2953 279 3052 ήν
302 2961 490 3052 ἀμφίβολον
496 3016 505 3046 ,
531 2959 585 3031 ότι
606 2962 696 3030 πάντ
704 2987 749 3042 ως
770 2961 813 3029 τά
835 2957 921 3030 αύτά
941 2965 996 3029 καί
1019 2958 1119 3041 αὐτὸς
1141 2957 1255 3040 αὐτοῖς
1276 2961 1473 3030 ἐπεπόνθει

325 3075 354 3132 4.
400 3066 470 3134 Καὶ
497 3064 590 3154 ήρκει
623 3067 685 3149 μέν
708 3068 813 3131 ταῦτα
834 3063 921 3149 πρὸς
943 3067 1057 3130 πᾶσαν
1078 3061 1283 3148 κατάγνωσιν
1304 3065 1370 3130 τῶν
1393 3067 1474 3129 νέων

236 3159 412 3246 Ἰουδαίων,
436 3171 502 3233 τῶν
524 3170 578 3234 καί
600 3165 660 3233 τὸν
681 3164 798 3253 κύριον
821 3158 1050 3250 λάρνουμένων
1072 3166 1127 3229 καί
1148 3162 1226 3242 τοὺς
1240 3168 1388 3250 πατέρας
1402 3165 1475 3230 δια-

239 3263 430 3346 βαλλόντων
452 3269 506 3331 καί
529 3266 659 3343 πάντας
673 3263 902 3350 Χριστιανοὺς
918 3261 1171 3346 ἐπιχειρούντων
1186 3256 1328 3352 άπατᾷν.
1359 3263 1489 3349 ἐπειδή.

242 3362 278 3428 δὲ
300 3361 490 3449 προφάσεις
513 3363 596 3444 ἐχειν
622 3359 796 3445 νομίζουσι
815 3366 874 3448 τῆς
896 3362 944 3440 είς
954 3361 1012 3428 τὸν
1024 3361 1209 3430 ἐπίσκοπον
1221 3364 1380 3450 διαβολῆς
1392 3370 1474 3452 μέρη

239 3460 317 3528 τινὰ
338 3457 520 3544 ἐπιστολῆς
541 3458 653 3542 αύτοϋ,
678 3467 759 3549 φέρε
779 3463 835 3526 καὶ
856 3463 961 3528 ταῦτα
982 3461 1116 3546 ἰ’δωμεν,
1138 3463 1195 3530 ἵνα
1215 3463 1273 3530 καὶ
1294 3465 1329 3532 ἐκ
1349 3463 1475 3532 τούτων

241 3555 349 3628 αὐτῶν
376 3556 397 3649 ή
429 3561 651 3644 ματαιολογία
679 3561 814 3646 δειχθῇ,
848 3563 901 3628 καλ
924 3563 1139 3633 ’παύσωνται
1158 3565 1219 3649 μέν
1242 3559 1301 3652 κάν
1325 3561 1475 3650 ὀψέποτε

238 3663 511 3749 βλοςφημοῦντες
539 3654 617 3745 παρ’
643 3659 775 3739 ἑαυτοῖς
795 3660 854 3726 τὸν
875 3662 997 3748 κύριον,
1021 3660 1253 3751 ὁμολογήσωσι
1267 3666 1304 3731 δὲ
1317 3661 1378 3753 κᾷν
1390 3665 1475 3750 μετά

240 3763 307 3830 τῶν
336 3762 547 3847 στρατιωτῶν
573 3759 757 3845 βλέποντες
777 3766 1010 3850 μαρτυροῦσαν
1031 3763 1090 3851 τήν
1111 3761 1233 3846 κτίσιν,
1263 3761 1316 3834 ότι
1338 3762 1474 3854 άληθῶς

311 3933 335 3995 ι)
354 3932 448 3998 [naun.
468 3933 493 3996 ε,
511 3934 535 3984 υ.
555 3941 579 3984 ει
596 3936 653 3986 ιιι.
676 3933 700 3994 υ,
719 3930 756 4002 ε]
775 3934 841 3987 lm.
862 3893 947 3997 κω.
1018 3935 1043 3995 ει
1061 3938 1127 3988 loun.
1146 3937 1172 3999 υ,
1189 3937 1231 3989 ω.

275 4064 298 4100 ε.
317 4049 414 4101 Τιυτίο,
428 4051 633 4102 eolb.1e2.Fr.1.
652 4041 684 4098 ού
697 4045 836 4106 θέλουσιν.
889 4044 929 4100 δι’
950 4036 990 4100 ῶν
1014 4047 1163 4134 ἐγνώριζον
1181 4045 1267 4103 αύτδν
1331 4047 1410 4102 ιστδν
1425 4049 1475 4102 τὸν

243 4116 296 4166 Μαι
314 4117 383 4166 Colb.
402 4111 526 4184 Καίφαν.
564 4119 655 4168 widem
673 4128 730 4182 post
747 4109 834 4187 ῶταερ
887 4113 950 4169 υἱὸν
965 4120 1016 4170 τοῦ
1033 4119 1161 4169 θεσυτσῦ
1174 4114 1313 4177 δέηταί
1378 4115 1475 4186 άμενος

242 4178 290 4231 καί
315 4185 339 4233 in
364 4185 470 4238 colbert.
498 4175 530 4231 τό
558 4185 634 4233 duest·
679 4186 753 4236 ΡευΙο
778 4197 835 4251 post
887 4189 951 4250 (Ισησ
969 4181 1151 4253 ἐλεηάμενοι)
1175 4177 1244 4252 παρ’
1265 4179 1350 4236 αύτου
1366 4181 1413 4237 καί
1434 4182 1472 4255 μή

245 4250 303 4300 odit.
321 4251 396 4300 Paris.
421 4259 445 4302 εί
462 4251 549 4301 colon.
567 4239 716 4318 ίγνιόριζον
739 4244 833 4305 ούτάν.
887 4247 1037 4320 δυνάμεναι
1058 4247 1129 4320 πρὸς
1146 4246 1211 4304 τοδε
1232 4246 1358 4320 ἰλίγγους
1375 4247 1472 4306 αύτ-.

243 4315 307 4366 Edit.
326 4317 446 4369 Commel.
464 4325 487 4367 τί
505 4331 591 4368 omnes
610 4333 669 4368 mss.
685 4312 833 4385 ἐγνώριζεν
887 4322 928 4385 qui
942 4321 1018 4370 codex
1029 4321 1067 4368 hic
1077 4319 1232 4381 incipit‚uam
1243 4321 1311 4372 initio
1322 4323 1473 4373 ισοῑίΙοιεεῑ.

242 4376 350 4444 ἔαυτόν,
369 4393 442 4464 τηατ,
461 4393 561 4449 empto
572 4385 760 4466 ίυΙελαιιοηίθ.
772 4401 833 4437 nno·
921 4387 973 4462 λίοι
992 4385 1056 4434 λίσαι
1075 4381 1254 4450 κατέφευγον.
1290 4388 1366 4438 Paulo
1382 4397 1437 4452 ηοω
1450 4389 1474 4440 in

241 4465 314 4565 {53¹⁰
323 4453 833 4588 &3123ss*fossossssssffssossffasslbssssi
884 4453 1026 4582 {23:3ss
1040 4451 1137 4568 λίλύ·
1155 4449 1474 4574 λύίλ“’τῖἕλλ““ειίλῖ

239 4595 290 4653 τυρ
304 4597 336 4634 ου
358 4581 537 4648 momine
560 4579 652 4657 ίργινν
669 4589 733 4651 (lego
751 4579 832 4652 ἔργα)
885 4585 932 4635 les.
958 4593 982 4636 τι
1007 4583 1114 4636 Felckm.
1139 4583 1163 4635 ³.
1188 4601 1261 4637 anon.
1283 4580 1335 4647 τήν
1359 4579 1473 4654 ἀλογίαν
