3226 5280
554 415 719 459 ouationes
735 414 849 458 contus
864 409 1000 458 [linitos.
1332 400 1391 462 143

158 564 271 652 πάσης
290 559 463 650 Ἀρειανῆς
484 559 709 648 παρατάξεως.
739 563 793 628 καί
817 561 850 628 ei'
867 585 920 640 τις
941 561 998 628 τὸν
1021 561 1184 648 θεολόγον
1207 561 1475 650 Γρηγόριονο,4οι.

159 663 215 732 καὶ
230 663 289 731 τὸν
303 669 403 731 θεῖον
417 663 596 730 Βασίλειον
612 661 646 730 ἐκ
666 662 787 750 ταύτης
810 658 918 748 ὥςπερ
945 666 1053 750 πηγῆς
1067 659 1291 748 ἀρυσαμένους
1307 672 1388 754 φαίη

159 769 219 854 τῆς
247 765 366 849 βίβλου
393 763 472 843 τοὺς
498 763 618 843 καλοὺς
646 763 789 842 ἐκείνους
810 764 864 829 καὶ
888 763 1025 841 διειδείς
1045 767 1112 828 τῶν
1135 763 1262 830 οἰκείων
1285 766 1390 852 λόγων

159 865 244 934 κατὰ
264 869 323 953 τῆς
344 864 472 953 πλάνης
493 866 610 951 ῥεῦσαι
631 863 814 948 ποταμούς,
839 858 897 929 οἱα
913 858 952 929 ἂν
969 858 1064 946 οἶμαι
1081 865 1222 950 σφαλείη
1245 869 1302 930 τοῦ
1325 893 1390 933 πα-

159 968 386 1053 ραδείγματος.
432 969 469 1032 ld
496 983 557 1033 est:
602 969 685 1030 Lecti
714 975 785 1028 suut
818 967 952 1030 eiusdem
987 965 1088 1028 Sancti
1121 967 1294 1044 (Athanasii)
1325 969 1392 1033 lihri

160 1072 291 1152 quinque
314 1080 416 1132 contra
437 1070 539 1132 hrium
562 1079 592 1131 et
615 1070 679 1130 eius
701 1067 849 1146 dogmata.
894 1067 928 1128 ln
950 1067 997 1129 his
1021 1078 1053 1129 ut
1075 1076 1105 1129 et
1123 1068 1152 1129 in
1169 1067 1307 1130 omnihus
1330 1065 1392 1132 eius

160 1172 310 1253 Operibus
333 1171 423 1234 dictio
438 1171 530 1232 nitida
546 1179 603 1243 est,
626 1169 764 1250 simplex,
787 1187 843 1230 nee
857 1167 1034 1232 redundans.
1070 1173 1176 1232 horem
1192 1171 1241 1232 hle
1256 1189 1290 1232 se
1303 1189 1392 1250 prae-

159 1273 211 1336 het
232 1283 262 1334 et
275 1273 454 1352 protundum
471 1273 735 1348 vehementemque
751 1268 781 1329 in
798 1271 1040 1348 argumentando,
1063 1281 1201 1352 tantaque
1220 1271 1284 1333 oius
1300 1271 1392 1334 uber-

160 1385 206 1436 tas
228 1383 276 1436 est
302 1392 390 1454 quiam
420 1381 449 1434 et
477 1371 658 1434 admirando.
701 1369 823 1450 Lapidis
849 1379 950 1437 παίω]
976 1372 1128 1434 methodis
1156 1373 1196 1434 ita
1220 1374 1330 1445 utitur,
1360 1385 1393 1436 ut

52 1538 56 1547 ,
160 1494 221 1537 uon
244 1474 322 1536 nude
344 1473 453 1535 necin
476 1471 550 1554 ipsis
574 1471 697 1534 vocibus
714 1479 859 1545 versetur,
881 1471 924 1532 uti
940 1473 1025 1552 pueri
1041 1483 1071 1534 et
1086 1474 1200 1535 tirones
1216 1473 1390 1538 adolescen-

160 1585 216 1649 tes,
240 1577 289 1656 qui
312 1573 390 1636 doeti
413 1573 505 1635 rideri
529 1574 659 1654 eupiunt,
684 1573 785 1633 solent
806 1591 901 1652 agere,
926 1571 979 1635 sed
1001 1573 1208 1654 philosophice
1223 1583 1254 1635 et
1273 1578 1389 1656 magni-

159 1678 225 1750 fiee,
247 1677 380 1755 solisque
403 1675 561 1737 verborum
586 1673 742 1736 sententiis
765 1673 872 1752 hisque
893 1673 1011 1736 diverse
1031 1675 1176 1736 innititur.
1222 1676 1389 1756 Scripturae

160 1778 299 1840 similiter
319 1776 500 1838 testimoniis
523 1784 553 1837 et
573 1774 801 1855 probationibus
824 1775 994 1838 firmissime
1009 1795 1042 1838 se
1058 1777 1230 1838 communit.
1258 1777 1389 1858 Denique

159 1877 240 1941 istud
263 1877 347 1956 Opus
369 1875 512 1938 adversus
535 1875 900 1937 universam.trian0rum
922 1877 1015 1938 aciem
1037 1877 1135 1957 possit
1157 1876 1304 1939 sufficere.
1337 1880 1405 1960 ht-¹

161 1995 220 2056 que
243 1977 359 2054 siquis
383 1995 418 2038 ex
448 1994 484 2038 eo
512 1975 590 2038 libro
620 1985 766 2055 tamquam
798 1995 832 2038 ex
854 1977 936 2038 toute
956 1977 1141 2058 Theologum
1164 1977 1340 2058 Gregorium
1363 1989 1391 2042 et

161 2077 293 2140 divinum
315 2075 456 2138 Basilium
484 2077 623 2140 hausisse
651 2077 757 2140 dixerit
783 2076 903 2159 pulcros
934 2078 1002 2140 illos
1026 2088 1056 2140 et
1077 2079 1247 2159 perlucidos
1270 2099 1389 2143 suarum

159 2185 262 2242 eontra
284 2197 417 2240 errorem
441 2179 616 2241 Oratiouum
639 2178 761 2253 duvios,
792 2179 871 2242 hune
898 2197 952 2260 ego
973 2199 1035 2242 nou
1057 2190 1158 2260 putem
1179 2199 1195 2242 o
1218 2182 1280 2244 veri
1303 2183 1388 2244 simi-

157 2280 280 2343 litudine
302 2279 515 2344 aberraturum.
560 2279 644 2344 Hoer
665 2280 801 2345 rmum.
