3094 5318
505 359 650 412 arcsrotn
665 370 686 411 1.
701 368 738 411 sn
754 367 950 413 santonenses.
1282 360 1342 424 725
1404 423 1407 430 ,

97 531 217 584 autem
240 520 406 599 ienipssitas
434 527 462 580 et
493 518 666 600 inmanitas
696 523 842 600 apparuit
864 517 1043 600 Seivatm's‘
1059 526 1163 584 nostri
1181 521 1252 593 Dei,
1281 541 1432 590 naason.

99 640 148 683 em
174 621 318 702 operitve
339 623 488 692 iustitiae,
519 638 594 700 puae
614 619 740 699 secunus
762 638 835 692 nos,
858 619 911 682 set
932 623 1095 692 secundum
1116 641 1204 685 suam
1224 627 1347 685 miseri-

102 723 252 784 cordiam
274 721 377 784 salvas
399 739 456 784 scas
477 720 551 800 [ecit
569 739 628 801 per
651 720 809 782 lavacrum
830 725 1071 799 remorationis
1094 734 1124 785 et
1138 725 1345 786 renovationis

101 821 253 902 Spiritus
275 826 382 894 sancti,
405 840 491 904 quem
512 822 620 903 effudit
640 823 673 882 in
694 839 751 882 nos
774 819 892 883 abunde
909 840 970 902 per
985 820 1086 884 iesum
1104 823 1258 886 cunctum
1273 823 1354 887 Sal-·

101 933 254 986 vaterem
275 933 425 994 nostrum,
447 933 483 986 ut
505 921 665 1002 iustificati
684 923 786 999 pratia
806 925 903 1002 ipsius
927 923 1049 988 tercies
1072 927 1166 984 sunus
1182 927 1346 987 secundum

102 1041 197 1102 apem
219 1026 299 1086 vitae
321 1033 471 1086 ostensae.
513 1021 550 1083 At
572 1020 652 1100 quod
674 1039 724 1082 res
748 1031 860 1083 cresus
883 1029 1006 1100 spectat,
1033 1023 1116 1102 ipsae
1138 1031 1256 1084 sunctae
1278 1024 1343 1084 effi-

104 1124 234 1186 ciuntur
256 1132 286 1185 et
306 1131 501 1186 renovantur:
523 1121 650 1187 Emittes
672 1121 751 1183 enim
767 1122 917 1204 Spiritum
939 1133 1024 1185 tuum
1045 1125 1293 1195 recreabuntur,
1316 1132 1346 1186 et

106 1226 279 1287 renovabis
300 1227 408 1304 [aciem
431 1235 544 1286 terrae.
588 1223 626 1284 Et
647 1221 772 1284 Paulus:
800 1223 993 1304 Impossibile
1021 1236 1067 1287 est
1088 1229 1167 1287 enim
1195 1243 1262 1296 eos,
1295 1227 1348 1306 qui
1429 1241 1432 1244 ·

107 1325 211 1387 semei
230 1337 303 1390 sunt
322 1325 496 1395 illuminati,
518 1333 719 1403 partaverunt
741 1327 829 1388 etiam
844 1324 955 1386 tonum
971 1324 1114 1396 coeleste,
1131 1335 1160 1387 et
1178 1327 1345 1406 participes

105 1425 194 1502 sacti
212 1439 286 1490 eunt
307 1428 443 1507 Spiritus
465 1429 573 1488 sancti.

202 1630 254 1691 23.
299 1628 400 1705 ltaque
423 1627 473 1706 qni
501 1643 562 1688 non
584 1625 620 1687 ab
644 1625 700 1686 alio
724 1633 843 1688 sanctus
866 1625 991 1688 efficitur
1013 1643 1110 1706 neque
1131 1627 1345 1688 sanctimoniae

83 1728 146 1787 =tit
168 1726 330 1806 particeps,
354 1727 407 1788 sed
429 1727 495 1805 ipsc
517 1725 590 1787 alios
612 1725 771 1806 participes
792 1725 906 1799 reddit,
929 1727 958 1787 in
983 1745 1041 1804 qua
1064 1736 1093 1788 et
1114 1745 1164 1788 res
1186 1728 1343 1790 unisusee

111 1835 233 1888 creatae
256 1836 374 1889 sanctae
397 1827 580 1900 itiicinntvr,
614 1831 664 1906 qut
692 1829 811 1906 inquam
839 1827 902 1888 iicri
924 1835 1025 1906 potest
1046 1835 1081 1890 ut
1100 1826 1126 1889 is
1148 1828 1246 1890 lacum
1268 1829 1346 1892 inter
1402 1851 1418 1916 ¹„

112 1943 165 1988 res
190 1943 295 1988 omnes
318 1927 438 2003 habeat,
456 1927 502 1990 uel
523 1928 663 2008 proprius
685 1928 803 1990 iliorum
825 1929 874 2001 sit,
898 1928 949 2007 qui
963 1927 1060 2007 ipsius
1075 1927 1150 1990 fiunt
1162 1927 1345 2008 participes?

113 2027 191 2088 Nam
213 2029 262 2106 qui
285 2029 507 2092 haesitasses
528 2029 741 2108 pugnaverint,
774 2047 829 2120 eas¹
852 2029 939 2092 etiam
961 2029 1127 2092 concedere
1148 2030 1344 2123 neccsse-sit,

113 2128 240 2203 Filium,
269 2147 431 2210 perquem
453 2147 504 2192 res
526 2149 631 2192 omnes
654 2133 746 2192 sactae
764 2138 850 2204 sunt,
877 2149 968 2192 unam
995 2139 1094 2193 tamon
1121 2130 1344 2194 illarum-esse.

1 2237 5 2242 ’
115 2231 247 2311 Spiritus
276 2232 347 2294 item
381 2231 514 2296 vivificus
550 2233 670 2295 dicitur:
710 2233 773 2306 Qui
799 2237 974 2304 suscitavit,
1008 2233 1120 2312 inquit,
1152 2233 1346 2297 Ctrs'etuma

51 2375 56 2386 ·
111 2338 257 2410 mortuis,
280 2335 446 2415 vivificabit
468 2345 497 2398 et
516 2325 662 2396 mortalia
684 2352 818 2415 corpora
837 2343 943 2396 oestro
961 2351 1020 2414 per
1040 2335 1256 2396 s'nteaiitantem
1281 2335 1347 2392 eius

114 2435 268 2521 Spiritum
288 2439 322 2498 in
343 2435 438 2498 votis.
483 2435 521 2496 Et
541 2435 687 2497 Dominus
709 2434 826 2513 quidem
853 2435 920 2514 ipsa
949 2443 996 2496 est
1022 2435 1082 2495 vita
1110 2441 1140 2494 et
1167 2444 1277 2496 auctor
1298 2419 1347 2493 vi-

119 2547 183 2605 tae‚
207 2535 302 2598 utait
322 2535 439 2598 Petrus.
483 2535 566 2598 idem
588 2545 686 2598 tamen
709 2535 852 2598 Dominus
881 2535 936 2598 ait:
966 2537 1061 2616 Aqua,
1085 2553 1173 2614 quam
1195 2551 1247 2612 epa
1271 2532 1347 2596 daia
1411 2552 1421 2558 ·

119 2637 162 2704 ei,
189 2635 244 2714 piet
271 2639 305 2696 in
332 2653 366 2697 co
394 2638 467 2715 sons
495 2655 590 2718 uanae
622 2638 759 2701 salientis
781 2640 814 2697 in
835 2639 930 2698 vitam
951 2646 1117 2698 aeternam.
1159 2633 1224 2698 Hoc
1246 2643 1348 2722 autem

117 2733 202 2796 cis'coit-
219 2733 254 2796 de
275 2733 404 2813 Spiritu,
427 2755 512 2816 queen
533 2741 690 2817 accepturi
710 2747 799 2800 erant
823 2736 977 2814 credeptes
1001 2738 1033 2796 iu
1051 2753 1127 2796 eum.
1172 2735 1233 2796 Res
1248 2742 1348 2796 nutem

118 2839 251 2906 usaue,
279 2832 322 2894 uti
345 2823 539 2909 dictumest,
570 2839 657 2900 sitam
679 2855 734 2917 per
756 2837 853 2916 ipsum
876 2834 1032 2913 iccipiunt.
1078 2835 1135 2907 Qui
1158 2835 1249 2914 igitur
1269 2835 1346 2896 vitae

118 2951 179 2994 non
201 2933 235 2995 iit
255 2933 415 3014 particeps,
438 2935 491 2998 sed
514 2937 580 3016 ipse
602 2938 676 3000 alios
698 2937 857 3017 participes
880 2934 959 3008 iacit,
986 2942 1017 2996 et
1037 2935 1124 2996 vitam
1147 2933 1237 2998 rebus
1261 2953 1345 2996 crea·

121 3034 158 3095 tis
179 3035 322 3116 impertit,
345 3036 462 3115 qualem
484 3055 595 3118 quaeso
618 3039 824 3116 cognationem
847 3053 915 3098 cum
936 3034 1028 3098 rebus
1050 3035 1135 3098 iactis
1155 3035 1266 3098 hahere
1287 3051 1346 3116 po-

120 3134 200 3198 test?
242 3137 301 3200 Aut
323 3155 380 3216 qus
403 3138 519 3201 undem
548 3140 664 3201 rationo
692 3138 770 3198 inter
796 3155 846 3198 res
869 3143 983 3198 cresim
1006 3136 1174 3199 censendus
1196 3135 1250 3209 sit,
1280 3153 1348 3198 cum
1421 3215 1428 3222 ⁶

67 3245 69 3249 ’
121 3238 202 3316 ipsae
224 3238 254 3299 in
277 3238 329 3300 ilia
348 3223 438 3300 sitnm
459 3240 588 3301 sVsrbo
610 3236 778 3318 accipienti
822 3237 927 3300 Unctia
942 3257 1062 3318 quoque
1076 3237 1205 3318 Spiritus
1229 3235 1346 3310 dicitur,

120 3347 216 3400 otest
237 3339 308 3410 itam
331 3341 477 3420 sigillum
508 3341 586 3404 unde
612 3341 741 3402 loannes
770 3339 887 3400 scribit:
920 3339 960 3402 Et
988 3358 1043 3403 vos
1064 3326 1236 3404 unctionem
1258 3355 1348 3418 quum

120 3445 275 3521 accepistis
298 3443 335 3504 at
358 3453 400 3514 eo,
422 3455 524 3506 manet
546 3442 694 3504 iuvabis.
737 3439 776 3504 Et
799 3458 863 3503 nou
883 3440 1154 3512 nescessitatum,
1177 3449 1213 3501 ut
1234 3437 1345 3519 aliquis

6 3622 15 3630 η
122 3541 223 3606 doceat
242 3560 315 3616 vos,·
338 3544 390 3605 sed
412 3547 491 3608 sicut
513 3546 616 3607 unctio
638 3545 719 3612 eius,
741 3559 850 3621 nempe
872 3541 937 3604 eius
959 3537 1214 3628 Spiritus‚'docet
1235 3557 1290 3602 vae
1312 3539 1433 3604 desan.

124 3644 262 3705 omnious.
307 3643 345 3705 Et
365 3643 443 3724 apud
465 3643 581 3706 Essiam
602 3643 783 3722 Prophetam
804 3643 926 3722 legitur:
949 3642 1086 3723 Spiritus
1108 3641 1234 3704 Domini
1253 3658 1348 3720 snper

122 3762 177 3817 me,
206 3745 291 3806 usius
323 3761 415 3806 eausa
442 3748 535 3807 ancs't
559 3762 615 3806 me.
659 3742 769 3807 Paulus
799 3743 888 3805 etiam
910 3743 965 3804 ait:
999 3741 1038 3803 Ia
1060 3758 1118 3821 quo
1141 3751 1171 3803 et
1194 3741 1347 3802 cretenses

124 3846 230 3922 siponti
251 3847 323 3904 estis
351 3846 384 3904 iu
414 3843 489 3904 diem
517 3843 722 3906 redemtionis.
766 3842 803 3904 At
832 3861 883 3904 res
912 3849 1026 3914 mentae
1054 3840 1104 3901 iila
1134 3841 1290 3918 signantur
1318 3847 1348 3902 et

157 4043 175 4076 c.
194 4025 233 4075 Sic
251 4026 308 4087 iios.
322 4025 344 4074 t.
363 4032 387 4074 et
404 4025 495 4086 terlio.
529 4027 557 4076 tt
574 4025 671 4076 Gabios.
684 4035 708 4078 st
792 4025 809 4074 i.
828 4025 884 4086 usp.
905 4025 926 4074 l.
944 4024 1044 4086 Sernes.
1061 4024 1158 4076 Gabios.
1174 4025 1312 4080 etictcitm.
1324 4028 1347 4080 l.

126 4091 226 4162 isicium.
248 4093 269 4142 l.
293 4087 424 4157 μετέχων.
465 4092 510 4141 iiii
534 4107 589 4142 asro
609 4093 707 4144 crediti
759 4081 854 4156 ὥςπερ.
889 4092 948 4141 item
968 4093 1025 4170 nep.
1037 4092 1058 4142 1.
1078 4099 1101 4142 et
1118 4093 1218 4156 segnes.
1238 4103 1295 4160 past
1310 4087 1346 4146 εἴ·

126 4155 244 4226 μέτοχον.
281 4161 337 4222 itop.
358 4160 380 4208 l.
398 4167 422 4209 et
439 4159 538 4221 Sepuec.
557 4175 612 4210 mos
630 4151 708 4224 ἅγιά·
758 4168 841 4224 prcus
858 4159 949 4210 addunt
964 4171 1017 4208 nac.
1303 4159 1307 4168 '

125 4226 219 4286 imao.
792 4241 815 4289 g.
834 4229 874 4278 Sic
892 4229 948 4288 iter.
970 4227 992 4276 1.
1011 4227 1112 4290 Seguvr.
1131 4228 1240 4279 limitet
1255 4229 1346 4292 inuiis

158 4298 178 4344 t.
197 4293 287 4356 itept.
306 4295 411 4346 ieictm.
431 4293 454 4344 2.
474 4301 497 4344 ot
515 4295 570 4344 editi
591 4291 705 4350 inance-
758 4295 785 4344 in
804 4296 858 4345 stite
875 4304 953 4346 sutem
970 4303 994 4345 et
1011 4297 1082 4346 editis
1099 4297 1159 4347 hsec
1176 4287 1230 4345 ttt’
1250 4287 1287 4350 vic
1304 4313 1346 4348 ns-

128 4361 176 4412 oir.
213 4363 262 4412 itas
282 4365 337 4425 iter.
359 4363 380 4412 i.
399 4363 539 4425 etSegner.
557 4355 706 4424 rocemfia·
758 4377 804 4426 qne
829 4363 858 4412 sd
881 4356 944 4430 aspi
961 4355 1075 4411 πάντων
1092 4365 1187 4416 desunt.
1222 4365 1295 4416 Busil.
1313 4366 1345 4415 ib.

129 4429 187 4478 onir
205 4433 323 4480 omittunt.
757 4431 830 4481 habet
847 4422 913 4479 ἀλλὰ
930 4424 963 4478 τὸ
982 4422 1066 4480 αὐτοῦ
1084 4443 1130 4482 etc.

159 4513 177 4546 s.
195 4499 342 4560 SicRegi
360 4499 459 4561 Segucr.
478 4498 583 4557 etitasii.
618 4499 663 4550 iiii
682 4505 706 4547 et
760 4544 764 4552 ,
791 4499 983 4562 h.Siciiep.l.
1003 4500 1101 4562 Sepuer.
1119 4497 1346 4550 Bssii.Gobier.st

129 4563 178 4613 editi
195 4557 293 4618 virvia.
473 4561 477 4570 '
756 4565 904 4618 iniciunt.
940 4567 1019 4617 Ceteri
1038 4576 1061 4618 et
1078 4567 1135 4618 editi
1153 4558 1178 4616 ei
1194 4558 1225 4616 tt
1242 4559 1276 4614 τὰ
1292 4559 1346 4630 μὲν
