3176 5304
1 4627 8 4728 l

486 379 631 422 ttetsrou
646 379 684 421 nn
697 378 840 422 Dssffl'l'ls
855 379 998 422 dictum
1014 379 1133 423 omont.
1381 363 1422 428 39

192 547 286 609 posue
315 527 542 607 intelligendum
569 535 631 602 est3
665 529 772 608 quippe
801 547 866 590 cum
895 529 953 608 ipsi
982 531 1070 592 etiam
1098 531 1236 592 homines
1264 530 1508 612 propriumne.

192 629 318 690 rubmn
351 629 424 690 eitra
458 629 633 692 divisionem
666 648 700 690 ac
729 628 802 691 nihil
834 629 974 710 patiendo
1002 632 1179 711 producant:
1210 632 1304 694 multo
1332 633 1422 714 igittu

190 731 287 810 magis
310 729 392 791 Deus
415 750 502 793 suum
525 729 650 792 Verbum
671 730 764 810 gignit
785 731 897 810 absque
919 731 977 792 ulla
993 721 1139 792 divisione
1154 732 1284 810 nihilque
1299 735 1419 796 omnino

191 831 349 913 patiendo.
395 832 469 893 ilino
496 851 568 894 sane
595 833 660 912 ipse
688 839 721 893 ut
742 832 871 893 Verbum
893 831 930 892 ad
953 831 1085 892 dextram
1107 832 1202 892 Patris
1226 833 1326 906 sedet3
1353 855 1420 898 nam

193 934 247 994 nbi
271 943 321 994 est
341 933 444 1007 Pater,
468 933 577 994 illicet
599 933 663 994 eius
685 932 815 994 Verbum
838 939 902 1006 est3
931 951 987 992 nos
1009 939 1123 1004 autem,
1146 941 1284 1010 unquam
1305 951 1354 995 rea
1377 938 1420 996 ia-

193 1045 277 1109 ctae,
301 1052 402 1094 coram
425 1053 461 1095 eo
484 1043 596 1096 stamus
619 1033 777 1094 iudicandi.
821 1031 874 1093 llle
895 1031 1051 1108 adoratur,
1075 1034 1142 1113 quia
1165 1033 1306 1094 adorandi
1328 1033 1422 1097 Patris

191 1147 241 1199 est
260 1136 375 1210 Fssius3
404 1151 458 1196 nos
487 1154 558 1196 vero
586 1135 763 1206 adoramus,
794 1133 952 1195 Dominum
982 1153 1050 1195 eum
1073 1143 1102 1193 et
1122 1133 1217 1194 lleum
1239 1135 1424 1210 confitentes,

192 1237 262 1317 qnia
285 1236 399 1298 seilicet
420 1235 510 1298 creati
532 1235 703 1314 diversique
726 1233 834 1296 abillo
858 1253 973 1295 sumus.
1420 1250 1422 1260 ⁴

284 1643 333 1704 12.
378 1639 461 1710 Quae
482 1657 548 1700 cum
569 1638 611 1699 ita
632 1638 703 1712 siut,
725 1639 863 1711 attendat,
887 1657 1007 1717 quaeso,
1031 1639 1081 1717 qui
1104 1637 1233 1699 uoluerit
1253 1639 1421 1714 interillos,

193 1741 361 1820 existatque
390 1739 512 1818 aliquis,
546 1739 595 1818 qui
625 1747 660 1799 ut
688 1759 742 1800 eos
764 1739 878 1818 pudore
898 1740 1018 1808 alliciat,
1052 1739 1089 1800 ab
1112 1739 1219 1800 iisdem
1243 1741 1420 1816 sciscitetur,

192 1850 295 1902 nuum
318 1843 363 1902 las
387 1840 427 1901 sit
449 1839 488 1914 id,
511 1841 590 1919 quod
613 1861 647 1902 ex
671 1841 734 1900 lieo
758 1849 804 1901 est
825 1849 854 1900 et
875 1841 1015 1922 proprius
1038 1841 1102 1901 eius
1125 1849 1173 1901 est
1195 1841 1290 1911 letus,
1314 1861 1349 1902 ex
1372 1842 1419 1902 ni-

192 1941 255 2002 hilo
285 1961 352 2002 esse
379 1941 496 2012 dicere,
524 1959 560 2001 au
593 1941 663 2002 item
691 1942 788 2022 possit
809 1942 853 2001 rel
876 1941 973 2002 solum
996 1942 1026 2001 in
1050 1951 1177 2003 mentem
1200 1943 1287 2004 alicui
1309 1941 1420 2016 venire,

192 2042 224 2104 id
245 2042 326 2121 quod
349 2060 384 2103 er
399 2040 462 2102 Deo
485 2051 538 2116 est,
561 2041 658 2106 eidem
680 2043 833 2112 accidisse,
858 2039 896 2102 ita
919 2052 951 2102 ut
973 2041 1070 2102 dicere
1093 2044 1205 2116 audeat,
1228 2044 1335 2106 Filium
1359 2063 1420 2105 non

192 2162 315 2222 semper
347 2162 425 2204 esse.
469 2143 579 2224 Nempe
613 2145 660 2206 bic
693 2164 799 2206 rursus
833 2143 988 2204 hominum
1017 2143 1209 2222 cogitationes
1237 2155 1358 2224 superat
1391 2154 1421 2206 et

192 2244 375 2307 transcendit
398 2244 460 2306 Filii
489 2247 649 2324 generatio.
692 2247 755 2307 Nos
785 2245 864 2306 enim
886 2243 1077 2324 propriorum
1099 2244 1227 2305 filiorum
1247 2255 1328 2307 certo
1351 2253 1418 2306 tan-

191 2355 257 2407 tum
286 2353 418 2423 ternpore
446 2355 545 2425 patres
574 2347 733 2422 efficimur,
761 2347 871 2426 quippe
900 2346 950 2424 qui
979 2365 1045 2406 cum
1076 2355 1160 2407 autea
1189 2365 1249 2407 non
1272 2365 1417 2418 essemus,

192 2455 299 2525 postea
321 2445 388 2506 iacti
411 2447 572 2522 fuerimus3
600 2457 631 2507 at
651 2448 746 2522 Deus,
776 2467 842 2510 cum
866 2466 986 2527 semper
1008 2448 1064 2518 sit,
1094 2467 1212 2526 semper
1232 2465 1350 2526 quoqne
1372 2454 1420 2508 est

193 2545 260 2608 Filii
283 2546 379 2606 Pater.
423 2547 500 2608 Sanc
528 2566 626 2608 rerum
655 2557 817 2612 creatarum
846 2549 998 2627 generatio
1027 2567 1063 2608 ex
1092 2548 1282 2609 similitudine
1305 2565 1418 2625 cogno-

199 2646 308 2716 scitur,
336 2645 404 2722 quia
431 2665 501 2705 vero
526 2647 616 2707 Nemo
645 2652 727 2710 uouit
749 2649 858 2710 Filium
880 2654 941 2710 nisi
965 2649 1071 2718 Puter,
1095 2668 1188 2729 oeque
1210 2648 1334 2708 Putrem
1355 2649 1421 2725 pur's

204 2747 288 2804 novit
310 2747 372 2802 uisi
394 2743 488 2803 Filius
519 2757 545 2805 et
568 2748 616 2806 rui
639 2745 730 2808 Filius
754 2749 952 2816 revelaverit,
984 2749 1094 2808 idcirco
1117 2747 1234 2818 Sancti,
1263 2744 1371 2822 quibus
1395 2743 1424 2805 id

201 2839 297 2902 Filius
319 2841 471 2914 revelarit,
495 2842 649 2921 imaginem
671 2849 813 2922 quandam
836 2867 869 2906 ex
891 2849 981 2906 rebus
1003 2846 1234 2926 aspectabilibus
1258 2843 1345 2902 nobis
1368 2843 1424 2902 bu-

200 2943 332 3006 iusmodi
363 2941 462 3002 verbis
491 2943 687 3022 reliquerunt:
719 2945 779 3018 Qui
808 2965 872 3006 cum
901 2951 940 3007 sit
969 2949 1114 3026 splendor
1136 2947 1254 3024 plore'oe
1277 2953 1306 3002 et
1325 2943 1426 3022 fipuro

197 3045 391 3107 substantioe
414 3047 496 3116 θῖνες
522 3053 550 3104 et
573 3044 695 3105 iterum:
721 3047 872 3119 Quoniam
894 3048 975 3126 opud
998 3060 1025 3110 te
1050 3056 1094 3104 est
1115 3047 1187 3122 sons
1210 3047 1299 3112 oitue,
1322 3047 1354 3102 io
1377 3043 1424 3104 lu-

194 3149 274 3207 mine
306 3155 360 3207 tuo
393 3147 560 3208 videbimus
594 3145 703 3208 lumen.
748 3145 877 3206 Verbum
908 3146 979 3205 item
1007 3143 1148 3204 lsraelem
1179 3143 1335 3222 obiurgans
1368 3144 1422 3204 ait:

192 3246 395 3328 dereliquisti
412 3247 529 3325 sontem
552 3251 733 3326 sapientium
756 3247 823 3326 ipse
845 3263 938 3325 porro
961 3253 1008 3306 est
1029 3246 1106 3318 lons,
1129 3246 1177 3326 qui
1198 3245 1281 3306 dicit:
1304 3243 1351 3306 Me
1367 3247 1421 3308 de-

195 3347 387 3427 reliquerunt
408 3349 523 3424 foralem
545 3367 641 3430 oquae
664 3354 768 3414 vivos„
804 3347 884 3408 llaec
905 3359 1002 3408 autem
1025 3347 1154 3427 exempla
1175 3346 1244 3407 lieet
1264 3345 1337 3406 levia
1359 3346 1420 3408 sint

194 3447 352 3509 admodum
376 3456 406 3508 et
428 3447 554 3510 obscura
575 3448 613 3508 ad
635 3448 663 3509 id
687 3449 766 3530 quod
789 3449 924 3528 cupimus
949 3450 1178 3528 exprimendum,
1201 3467 1238 3510 ex
1259 3448 1306 3509 his
1321 3457 1419 3508 tarnen

193 3549 314 3628 intelligi
345 3557 446 3626 potest
478 3550 602 3628 aliquid,
636 3551 713 3628 qnod
747 3550 787 3611 sit
808 3568 896 3630 supra
920 3549 1070 3610 bominum
1093 3559 1244 3622 naturam,
1276 3567 1332 3609 neu
1353 3547 1419 3608 Filii

88 3653 91 3663 ¹
195 3649 415 3730 generationem
438 3659 559 3712 nostrae
582 3669 649 3712 esse
671 3651 807 3713 similem.
853 3651 927 3722 Quis
950 3651 1028 3712 enim
1051 3651 1098 3710 vel
1119 3649 1296 3728 cogitatione
1319 3649 1419 3725 lingat,

196 3771 255 3812 non
279 3771 348 3812 esse
370 3752 523 3828 aliquando
547 3753 749 3832 splendorem,
783 3761 816 3814 ut
842 3751 948 3811 audeat
976 3750 1173 3822 contendere,
1205 3767 1267 3809 non
1300 3766 1420 3825 seraper

196 3851 435 3923 immobilium,
463 3851 507 3911 vel
530 3871 590 3912 non
612 3839 722 3924 luisse,
753 3850 925 3930 priusquam
949 3858 1031 3912 esset
1052 3847 1192 3927 genitus?
1235 3849 1292 3909 dut
1314 3847 1379 3928 quis
1403 3865 1419 3908 a

198 3951 260 4034 sole
282 3951 474 4032 splendorem
497 3951 654 4030 separabit,
677 3960 726 4012 aut
748 3953 860 4010 iontem
881 3950 939 4009 vita
961 3948 1117 4028 aliquando
1139 3948 1313 4010 destitutum
1335 3948 1418 4025 cogi-

197 4052 277 4126 tabit,
301 4061 335 4114 ut
356 4051 510 4112 insaniens
534 4051 620 4123 dicat,
643 4070 678 4112 en
699 4047 792 4111 nihilo
807 4044 883 4109 'esse
901 4048 1015 4121 Filium,
1039 4049 1087 4128 qui
1109 4049 1174 4127 ipse
1197 4050 1251 4110 ait:
1274 4049 1336 4129 Epo
1353 4067 1420 4108 rum

198 4157 269 4224 vito,
292 4152 337 4213 vel
360 4173 429 4214 eum
451 4173 468 4214 a
492 4152 656 4214 substantia
678 4149 775 4212 Patris
798 4168 867 4210 ease
889 4149 1051 4222 diversum,
1074 4149 1124 4228 qui
1147 4149 1226 4210 idem
1249 4149 1334 4209 dicit:
1360 4147 1423 4220 Qui

196 4272 242 4316 me
264 4255 352 4327 uidet,
376 4257 454 4318 uidet
476 4265 505 4317 et
521 4251 664 4316 Putrem?
707 4247 852 4312 Nimirum
875 4270 940 4312 eum
954 4251 1052 4313 Sancti
1076 4251 1149 4311 baec
1170 4267 1227 4309 nos
1249 4249 1288 4309 ita
1310 4247 1419 4308 intelli-

230 4457 251 4490 a.
271 4442 311 4492 Sic
326 4441 382 4502 ling.
417 4443 461 4491 Alii
489 4455 543 4491 tero
570 4448 593 4490 et
623 4439 679 4492 editi
698 4429 782 4487 αἰτόν
834 4437 943 4500 legerunt
962 4437 1115 4500 interpretes.
1152 4433 1231 4483 Ceteri
1243 4441 1266 4482 et
1276 4433 1331 4482 editi
1344 4423 1417 4496 ὑμῖν.

196 4512 318 4559 omittunt.
870 4521 889 4555 c
910 4505 951 4554 Sic
975 4519 1034 4554 mss.
1055 4513 1079 4552 rt
1096 4503 1228 4566 Scriptura.
1264 4501 1324 4550 Editi
1342 4492 1421 4562 lysa·

230 4577 253 4626 b.
273 4579 329 4639 lter.
347 4559 371 4640 oi
386 4569 442 4626 loir.
482 4576 534 4626 lior
559 4575 589 4625 id.
609 4567 689 4642 ἡμῖν,
717 4583 743 4626 ιιι
762 4581 786 4624 et
836 4567 962 4622 relinere.
