3162 5308
518 371 627 414 omaro
643 371 680 414 rr.
694 371 813 415 correi
827 371 962 414 arianos.
1271 359 1333 424 639

89 523 203 588 videri
221 522 355 584 declarat
375 522 538 602 Scriptura,
561 541 616 584 nau
638 521 708 584 item
730 521 858 609 mundus
880 541 935 602 per
959 522 1096 594 Verbum,
1120 523 1173 584 sed
1195 543 1248 604 per
1266 525 1421 588 unt-em

92 627 243 708 genitum
258 623 363 686 Filium
379 623 477 686 saluus
495 623 559 686 lieri
576 623 691 685 dicitur.
736 623 878 703 Namque,
901 624 1007 704 inquit,
1030 625 1215 694 dixitvlesrrs:
1242 627 1334 691 l'uutn
1398 659 1400 667 ,

93 741 244 809 tearpore
265 727 420 790 collacum
442 745 523 798 aum,
555 738 584 790 et
606 744 668 788 uua
690 729 859 804 copuoor'str'
878 743 940 796 me,
972 724 1133 806 Pbr'lrppel’
1180 727 1422 800 Quinimmo.

93 849 169 902 aare,
199 831 275 892 cidit
297 828 429 893 Potrem.
474 827 535 890 Nec
556 828 645 889 etiam
667 845 683 888 a
707 825 818 899 Verbo,
847 827 901 888 aed
924 845 940 888 a
961 825 1036 888 Filio
1059 828 1175 890 Patrem
1198 829 1335 907 cognosci

93 932 248 1014 legimus:
271 931 315 994 uti
336 949 391 992 nee
412 929 539 992 Verbum
562 929 661 991 ridere
685 927 800 990 Patrem
823 927 939 1004 dicitur,
962 929 1015 992 aed
1038 929 1208 1009 unigenitus
1232 929 1332 1004 Vilius,

98 1035 159 1116 qui
183 1037 230 1096 est
252 1035 281 1096 in
304 1031 371 1096 ainu
393 1031 498 1094 Patris.

196 1239 248 1302 ll.
292 1235 401 1316 Ecquid
430 1253 521 1315 porro
547 1234 676 1298 Verbum
708 1235 744 1296 ad
771 1241 905 1296 nostram
932 1233 1055 1298 salutem
1085 1234 1211 1315 amplius
1239 1235 1336 1314 possit

102 1342 265 1412 conterre,
292 1356 378 1418 quam
400 1337 508 1409 Filius,
539 1337 564 1398 si
587 1355 710 1416 nempe,
739 1343 774 1398 nt
799 1336 995 1410 arbitrantur,
1023 1335 1098 1400 alius
1126 1345 1173 1399 εει
1193 1337 1283 1400 Vilius
1306 1344 1335 1400 et

100 1443 189 1506 aliud
211 1437 361 1504 Verbum?
404 1439 466 1500 Nos
489 1439 569 1502 enim
590 1457 651 1501 non
673 1438 703 1502 in
726 1437 864 1514 Verbum,
889 1440 941 1500 aed
961 1438 1121 1500 inVilium
1144 1439 1264 1501 credere
1285 1438 1333 1502 iu·

98 1546 229 1619 bemnr,
258 1551 292 1605 ul
312 1542 439 1604 loannes
466 1540 514 1602 bis
536 1540 640 1618 Verbis
670 1541 812 1602 declarat:
845 1539 1220 1614 ueteranorum,
1249 1541 1336 1606 tutet

98 1651 203 1712 vitum
223 1657 395 1716 cateruam
418 1647 589 1725 quitatem
613 1642 689 1706 Filio
711 1661 775 1704 ooo
798 1643 901 1714 credit,
924 1662 988 1707 aaa
1008 1641 1119 1717 videdit
1135 1649 1238 1708 ortum.
1281 1644 1333 1706 lu·

98 1767 201 1828 super
221 1753 356 1808 sanctum
377 1743 542 1824 baptisma,
571 1744 601 1805 in
629 1762 688 1825 quo
717 1743 809 1806 totius
838 1753 959 1808 noemae
981 1745 1050 1806 fidei
1072 1745 1168 1826 posita
1192 1754 1239 1807 eet
1259 1763 1333 1808 con-

98 1849 242 1920 stitutio,
270 1865 332 1908 non
354 1847 383 1908 in
405 1845 549 1919 Verbum,
578 1846 630 1908 scd
653 1846 685 1908 in
705 1847 821 1908 Patrem
844 1846 1002 1909 etlilium
1026 1857 1057 1909 et
1080 1855 1214 1909 sanctum
1236 1847 1333 1926 Spiri-

101 1958 170 2012 tum
195 1949 290 2010 datur.
335 1949 523 2026 Quapropter
551 1947 590 2008 ei*
608 1947 770 2010 seeundum
792 1947 860 2010 illos
883 1948 961 2010 aliud
986 1957 1033 2011 est
1058 1947 1185 2011 Verbum
1208 1957 1236 2011 et
1257 1948 1334 2011 aliua
1385 2019 1393 2028 ,

101 2049 211 2124 Filius,
234 2068 290 2112 nec
310 2049 438 2110 Verbum
461 2057 507 2111 est
527 2049 633 2124 Filium
663 2049 735 2112 nibil
759 2069 830 2112 serre
853 2051 889 2111 ad
913 2043 1043 2112 Verbum
1065 2051 1214 2131 baptisma
1236 2051 1331 2131 perti-

103 2161 169 2216 net
222 2151 378 2224 Quomodo
413 2150 501 2230 igitur
530 2150 656 2214 Verbum
685 2152 848 2216 secundum
883 2153 951 2214 illos
980 2172 1037 2216 una
1065 2162 1112 2214 est
1140 2173 1207 2216 cum
1237 2153 1332 2226 Patre,

104 2273 174 2318 cum
197 2255 228 2316 in
249 2253 393 2334 baptismi
416 2253 575 2316 donatione
597 2272 656 2316 una
679 2273 745 2316 oum
767 2273 804 2316 eo
826 2273 888 2319 non
904 2254 969 2317 sit?
1011 2256 1049 2318 tt
1067 2257 1143 2318 lorte
1159 2254 1334 2336 responsuri

104 2367 193 2430 sunt,
221 2356 348 2418 Verbum
378 2356 413 2417 iu
431 2356 527 2417 Patris
558 2357 679 2418 nomine
703 2357 858 2420 contineri.
902 2358 1013 2431 Quidni
1036 2378 1107 2438 ergo
1130 2367 1160 2420 et
1180 2353 1332 2436 Spiritus?

104 2460 150 2521 An
177 2477 247 2520 vero
278 2466 358 2521 extra
380 2459 499 2520 Patrem
529 2457 630 2520 existit
651 2457 805 2546 Spiritus?
848 2458 960 2522 Deinde
991 2459 1017 2522 si
1040 2460 1167 2522 Verbum
1197 2475 1258 2520 non
1288 2465 1336 2520 est

108 2560 210 2632 Filius,
231 2561 327 2642 bomo¹
345 2558 435 2638 igitur
455 2567 525 2638 post
546 2559 663 2622 Patrem
686 2560 883 2624 nominandus
906 2563 971 2635 erit,
995 2570 1025 2624 et
1040 2561 1168 2640 Spiritus
1190 2567 1260 2639 post
1274 2559 1332 2622 bo·

109 2659 229 2732 minem,
250 2677 306 2720 neo
326 2659 385 2720 iam
405 2658 508 2722 Unilas
531 2681 566 2722 er
588 2661 705 2724 illorum
727 2661 873 2724 sententia
895 2662 925 2724 in
948 2662 1123 2726 Trinitatem
1145 2661 1324 2734 dilatabitur,

109 2759 162 2822 sed
182 2759 216 2826 in
235 2758 474 2838 quaternitatem,
501 2779 607 2842 nempe
630 2765 659 2826 in
681 2763 813 2838 Patrem,
836 2763 980 2838 Verbum,
1003 2763 1106 2845 Filium
1130 2773 1161 2826 et
1181 2764 1324 2844 Spiritum

107 2861 250 2924 sanctum.
294 2861 401 2922 Verum
424 2860 472 2923 btc
492 2881 545 2924 eos
566 2864 664 2944 pudor
685 2865 715 2926 in
737 2865 813 2926 aliud
836 2866 916 2944 cogit
935 2865 1094 2942 coningere
1108 2864 1322 2928 diverticulum.

109 2963 197 3036 diunt
224 2961 327 3040 igitur,
361 2979 422 3024 non
450 2963 600 3026 bominem
630 2985 784 3038 seorsum,
819 2983 906 3045 quem
935 2965 1062 3044 gestavit
1081 2966 1243 3040 Dominus,
1277 2969 1330 3032 scd

109 3071 282 3144 utrumque,
305 3061 433 3126 Verbum
455 3064 568 3128 scilicet
590 3075 619 3128 et
640 3067 812 3139 hominem,
835 3085 906 3128 esse
928 3066 1051 3140 Filium3
1075 3069 1161 3130 ambo
1184 3071 1263 3132 enim
1285 3072 1331 3134 ei-

109 3165 168 3228 mui
190 3166 356 3237 coniuncti,
385 3173 417 3228 ut
446 3165 597 3244 inquiunt,
626 3167 719 3228 Filius
748 3167 919 3248 appellatur.
943 3169 1037 3257 ‘Quis
1066 3171 1155 3251 igitur
1175 3159 1329 3234 amborum

110 3287 195 3332 causa
217 3267 337 3330 alterius
359 3266 432 3334 cst?
477 3268 548 3332 Uter
575 3277 674 3334 utrum
710 3269 806 3334 ellecit
827 3271 956 3334 Filium?
1001 3273 1110 3337 Velut
1137 3275 1252 3354 planius
1282 3274 1328 3336 lo·
1435 3321 1437 3328 .

108 3389 194 3450 quar,
223 3389 292 3432 uum
315 3369 445 3432 Verbum
467 3370 558 3434 Filius
581 3381 628 3432 εει
647 3380 771 3452 propter
792 3391 926 3448 caruem,
955 3393 992 3436 an
1019 3395 1087 3438 vero
1117 3395 1185 3438 caro
1207 3385 1329 3457 propter

109 3471 233 3534 Verbum
255 3470 347 3534 Filius
365 3469 500 3536 dicitur?
543 3474 625 3534 lione
648 3474 748 3552 potius
770 3483 908 3538 neutrum
932 3477 1015 3540 alteri
1038 3497 1127 3540 causa
1150 3489 1195 3540 est
1209 3498 1262 3541 our
1276 3479 1326 3540 Fi-

110 3572 163 3634 liua
191 3573 369 3654 appelletur,
403 3574 455 3637 sed
484 3573 566 3636 solus
591 3575 745 3638 amborum
774 3577 979 3670 congressus?
1024 3579 1111 3652 Quod
1141 3582 1166 3642 si
1199 3581 1327 3644 Verbum

111 3681 226 3753 propter
248 3693 364 3736 carnem
386 3675 491 3737 Filium
525 3695 593 3738 esse
615 3679 842 3758 responderint,
872 3690 951 3742 certe
979 3700 1097 3744 carnem
1126 3683 1231 3744 Filium
1260 3703 1327 3746 esse
1362 3723 1367 3732 ·

112 3793 229 3838 necesse
251 3786 312 3848 est3
340 3795 398 3856 quo
427 3796 463 3839 ex
484 3797 632 3856 responso
656 3781 754 3842 omnia
776 3781 823 3842 illa
846 3781 973 3844 absurda
995 3793 1229 3862 consequentur,
1252 3805 1327 3864 quae

113 3895 145 3936 ex
165 3875 282 3938 illorum
310 3877 449 3954 superius
478 3878 587 3940 dictum
616 3891 663 3940 est
685 3881 757 3942 oriri
781 3883 942 3954 sententia,
971 3884 1020 3962 qui
1049 3885 1199 3948 homiuem
1220 3887 1326 3950 Filium

114 3995 174 4040 essa
202 3977 356 4038 affirmant
401 3977 433 4038 Si
461 3997 530 4040 reru
559 3989 681 4058 propter
711 3981 837 4042 Verbum
866 4001 934 4044 caro
962 3983 1052 4046 Filius
1082 3986 1204 4062 dicitur,
1237 3991 1326 4069 igitur

113 4078 233 4142 Verbum
256 4078 342 4140 etiam
365 4087 433 4140 aute
455 4097 572 4141 carnem
593 4079 686 4142 Filius
709 4092 780 4144 erat
825 4083 962 4165 Numqui
984 4087 1051 4150 lieri
1070 4097 1180 4166 potest,
1202 4100 1236 4152 ut
1250 4091 1324 4154 alios

113 4179 156 4242 ille
177 4179 253 4241 lilios
276 4180 392 4254 reddat,
423 4180 472 4260 qui
494 4181 558 4261 ipse
580 4181 657 4245 filine
679 4201 740 4245 uon
763 4193 823 4258 est,
852 4189 1025 4266 praesertim
1046 4189 1134 4252 Patre
1156 4193 1324 4256 existente?

114 4282 241 4346 Proiecto
265 4282 290 4343 si
313 4282 456 4364 sibiipsa
478 4281 554 4347 lilios
578 4284 677 4361 elficit,
700 4285 787 4349 Pater
806 4288 948 4351 dicendus
971 4299 1027 4366 est,
1051 4293 1077 4354 si
1091 4293 1181 4368 Patri,
1205 4295 1268 4376 ipse
1284 4296 1324 4358 sit

117 4435 989 4546 affimmmmmemmmmfflmdw.

117 4537 243 4616 omittunt·
428 4593 440 4620 ἵ
774 4545 790 4594 l.
810 4545 849 4594 Sic
861 4547 916 4609 ilog.
928 4552 1059 4614 elsegutr.
1094 4551 1121 4600 lu
1140 4549 1193 4600 aliia
1211 4557 1235 4600 ct
1252 4548 1323 4598 editio

147 4605 850 4674 emwffimfflwfflmbfflm
